{
    "KXHIGHNY-24NOV29-T42": [
        {
            "trade_id": "d6096b96-3b0e-47e1-aa1c-8e0508c09814",
            "ticker": "KXHIGHNY-24NOV29-T42",
            "count": 93,
            "created_time": "2024-11-30T02:07:07.560674Z",
            "yes_price": 1,
            "no_price": 99,
            "taker_side": "yes"
        },
        {
            "trade_id": "1a4b28ba-65ef-4284-94ac-5ce6af0c6a25",
            "ticker": "KXHIGHNY-24NOV29-T42",
            "count": 93,
            "created_time": "2024-11-29T13:54:12.916436Z",
            "yes_price": 1,
            "no_price": 99,
            "taker_side": "yes"
        },
        {
            "trade_id": "2c629207-f9c8-4433-832c-2ae27feef77a",
            "ticker": "KXHIGHNY-24NOV29-T42",
            "count": 1,
            "created_time": "2024-11-29T05:55:12.200242Z",
            "yes_price": 1,
            "no_price": 99,
            "taker_side": "no"
        },
        {
            "trade_id": "600c116b-7162-43d2-b372-1baf41358f6a",
            "ticker": "KXHIGHNY-24NOV29-T42",
            "count": 213,
            "created_time": "2024-11-29T05:49:04.970298Z",
            "yes_price": 1,
            "no_price": 99,
            "taker_side": "no"
        },
        {
            "trade_id": "8704c50a-91b2-4945-8af4-52544afe499f",
            "ticker": "KXHIGHNY-24NOV29-T42",
            "count": 58,
            "created_time": "2024-11-29T05:42:38.373714Z",
            "yes_price": 1,
            "no_price": 99,
            "taker_side": "no"
        },
        {
            "trade_id": "28eebd43-17be-441d-8a33-b1717cd83b03",
            "ticker": "KXHIGHNY-24NOV29-T42",
            "count": 311,
            "created_time": "2024-11-29T05:25:03.477566Z",
            "yes_price": 3,
            "no_price": 97,
            "taker_side": "yes"
        },
        {
            "trade_id": "7aec69ce-6260-4435-aafc-fb0559d876c7",
            "ticker": "KXHIGHNY-24NOV29-T42",
            "count": 295,
            "created_time": "2024-11-29T05:22:30.341575Z",
            "yes_price": 3,
            "no_price": 97,
            "taker_side": "yes"
        },
        {
            "trade_id": "70bf4096-8ed0-4fa0-928f-af29af27a75d",
            "ticker": "KXHIGHNY-24NOV29-T42",
            "count": 25,
            "created_time": "2024-11-29T05:22:30.341575Z",
            "yes_price": 2,
            "no_price": 98,
            "taker_side": "yes"
        },
        {
            "trade_id": "a68b26b1-d5fc-4b60-8d9f-6eb3ed5f30dd",
            "ticker": "KXHIGHNY-24NOV29-T42",
            "count": 753,
            "created_time": "2024-11-29T04:57:59.799389Z",
            "yes_price": 1,
            "no_price": 99,
            "taker_side": "no"
        },
        {
            "trade_id": "747d3567-ca74-4375-99b4-d6f2765723e8",
            "ticker": "KXHIGHNY-24NOV29-T42",
            "count": 15,
            "created_time": "2024-11-29T03:47:16.732475Z",
            "yes_price": 1,
            "no_price": 99,
            "taker_side": "no"
        },
        {
            "trade_id": "c49117ab-7d34-4018-97c3-75c81f37a600",
            "ticker": "KXHIGHNY-24NOV29-T42",
            "count": 27,
            "created_time": "2024-11-29T03:36:27.18794Z",
            "yes_price": 1,
            "no_price": 99,
            "taker_side": "no"
        },
        {
            "trade_id": "17da89f4-870c-4603-83ec-7786043b9c6a",
            "ticker": "KXHIGHNY-24NOV29-T42",
            "count": 73,
            "created_time": "2024-11-29T03:36:27.1091Z",
            "yes_price": 1,
            "no_price": 99,
            "taker_side": "no"
        },
        {
            "trade_id": "77026f29-0dc5-4163-9bc4-476ad6ed525f",
            "ticker": "KXHIGHNY-24NOV29-T42",
            "count": 21,
            "created_time": "2024-11-29T03:35:27.088348Z",
            "yes_price": 1,
            "no_price": 99,
            "taker_side": "no"
        },
        {
            "trade_id": "78e84396-c3bb-4df1-977b-fbfda7aef908",
            "ticker": "KXHIGHNY-24NOV29-T42",
            "count": 6,
            "created_time": "2024-11-29T03:33:30.723765Z",
            "yes_price": 1,
            "no_price": 99,
            "taker_side": "no"
        },
        {
            "trade_id": "f44687d4-4dbc-4d0a-98d2-adbd9ffbe44b",
            "ticker": "KXHIGHNY-24NOV29-T42",
            "count": 2,
            "created_time": "2024-11-29T03:14:37.125711Z",
            "yes_price": 1,
            "no_price": 99,
            "taker_side": "no"
        },
        {
            "trade_id": "826a1b0d-164b-43f6-83e8-946d29d472ca",
            "ticker": "KXHIGHNY-24NOV29-T42",
            "count": 3,
            "created_time": "2024-11-29T03:14:06.541088Z",
            "yes_price": 1,
            "no_price": 99,
            "taker_side": "no"
        },
        {
            "trade_id": "86219657-ac35-4fa3-a9a6-a5d8ae1fe6ff",
            "ticker": "KXHIGHNY-24NOV29-T42",
            "count": 272,
            "created_time": "2024-11-29T02:05:24.198832Z",
            "yes_price": 3,
            "no_price": 97,
            "taker_side": "no"
        },
        {
            "trade_id": "86b7e62f-2214-4c59-9ea8-bdbf577e8dca",
            "ticker": "KXHIGHNY-24NOV29-T42",
            "count": 50,
            "created_time": "2024-11-29T01:07:11.244252Z",
            "yes_price": 3,
            "no_price": 97,
            "taker_side": "yes"
        },
        {
            "trade_id": "fdc3a284-9edd-44eb-84e9-549f2da4b4e5",
            "ticker": "KXHIGHNY-24NOV29-T42",
            "count": 99,
            "created_time": "2024-11-29T00:40:09.335757Z",
            "yes_price": 2,
            "no_price": 98,
            "taker_side": "yes"
        },
        {
            "trade_id": "d1007e31-1f5a-48d6-bdcd-33eddb083037",
            "ticker": "KXHIGHNY-24NOV29-T42",
            "count": 15,
            "created_time": "2024-11-29T00:11:11.755147Z",
            "yes_price": 1,
            "no_price": 99,
            "taker_side": "no"
        },
        {
            "trade_id": "00bc1275-bc4c-4d88-bd11-29db8253be10",
            "ticker": "KXHIGHNY-24NOV29-T42",
            "count": 1,
            "created_time": "2024-11-28T22:39:42.05883Z",
            "yes_price": 2,
            "no_price": 98,
            "taker_side": "yes"
        },
        {
            "trade_id": "b76e5266-cd1e-45e7-ab23-70a415b6337c",
            "ticker": "KXHIGHNY-24NOV29-T42",
            "count": 35,
            "created_time": "2024-11-28T15:21:41.332082Z",
            "yes_price": 1,
            "no_price": 99,
            "taker_side": "yes"
        },
        {
            "trade_id": "ead089b0-ee43-4b28-a85d-e35e5ec3605e",
            "ticker": "KXHIGHNY-24NOV29-T42",
            "count": 57,
            "created_time": "2024-11-28T15:20:53.418522Z",
            "yes_price": 1,
            "no_price": 99,
            "taker_side": "no"
        },
        {
            "trade_id": "80421742-3d39-4002-9054-f70c30a8647e",
            "ticker": "KXHIGHNY-24NOV29-T42",
            "count": 65,
            "created_time": "2024-11-28T15:20:53.418522Z",
            "yes_price": 1,
            "no_price": 99,
            "taker_side": "no"
        },
        {
            "trade_id": "5d8487a3-4429-456f-948a-89b6d380dec8",
            "ticker": "KXHIGHNY-24NOV29-T42",
            "count": 93,
            "created_time": "2024-11-28T15:20:53.418522Z",
            "yes_price": 1,
            "no_price": 99,
            "taker_side": "no"
        },
        {
            "trade_id": "e839b302-0e31-4516-8b70-d1f116cad1f5",
            "ticker": "KXHIGHNY-24NOV29-T42",
            "count": 27,
            "created_time": "2024-11-28T15:18:06.440131Z",
            "yes_price": 1,
            "no_price": 99,
            "taker_side": "no"
        }
    ],
    "KXHIGHNY-24NOV29-B42.5": [
        {
            "trade_id": "515cf0f2-f64b-45ff-b283-19a3861bcb89",
            "ticker": "KXHIGHNY-24NOV29-B42.5",
            "count": 93,
            "created_time": "2024-11-30T02:07:25.816802Z",
            "yes_price": 1,
            "no_price": 99,
            "taker_side": "yes"
        },
        {
            "trade_id": "69b3d804-93b5-4809-b689-6bc98b3a8bd0",
            "ticker": "KXHIGHNY-24NOV29-B42.5",
            "count": 131,
            "created_time": "2024-11-29T16:00:36.728553Z",
            "yes_price": 1,
            "no_price": 99,
            "taker_side": "yes"
        },
        {
            "trade_id": "1356847f-7f9c-480d-9587-80fd3b357412",
            "ticker": "KXHIGHNY-24NOV29-B42.5",
            "count": 41,
            "created_time": "2024-11-29T16:00:36.728553Z",
            "yes_price": 1,
            "no_price": 99,
            "taker_side": "yes"
        },
        {
            "trade_id": "d5a30283-5aa1-4332-8977-91e9a4e25a4b",
            "ticker": "KXHIGHNY-24NOV29-B42.5",
            "count": 229,
            "created_time": "2024-11-29T15:53:36.477336Z",
            "yes_price": 1,
            "no_price": 99,
            "taker_side": "yes"
        },
        {
            "trade_id": "3b336308-149c-4bdf-9efd-d792731fa124",
            "ticker": "KXHIGHNY-24NOV29-B42.5",
            "count": 54,
            "created_time": "2024-11-29T15:53:25.015757Z",
            "yes_price": 1,
            "no_price": 99,
            "taker_side": "no"
        },
        {
            "trade_id": "1b9b8d29-1ce2-4d43-809c-1ae14e4d41a3",
            "ticker": "KXHIGHNY-24NOV29-B42.5",
            "count": 59,
            "created_time": "2024-11-29T15:53:25.015757Z",
            "yes_price": 1,
            "no_price": 99,
            "taker_side": "no"
        },
        {
            "trade_id": "09822536-7f4f-4dc9-a2c3-d832f2d56f16",
            "ticker": "KXHIGHNY-24NOV29-B42.5",
            "count": 130,
            "created_time": "2024-11-29T15:53:25.015757Z",
            "yes_price": 1,
            "no_price": 99,
            "taker_side": "no"
        },
        {
            "trade_id": "d100bdcf-9bbd-47db-99bc-e2a37a8f7001",
            "ticker": "KXHIGHNY-24NOV29-B42.5",
            "count": 229,
            "created_time": "2024-11-29T15:46:35.769511Z",
            "yes_price": 2,
            "no_price": 98,
            "taker_side": "no"
        },
        {
            "trade_id": "efef4f50-178e-4b8c-89d5-84ea2ce70522",
            "ticker": "KXHIGHNY-24NOV29-B42.5",
            "count": 8,
            "created_time": "2024-11-29T15:41:57.933276Z",
            "yes_price": 6,
            "no_price": 94,
            "taker_side": "yes"
        },
        {
            "trade_id": "bef4f298-1f4d-47b6-a1db-974142cdc8a1",
            "ticker": "KXHIGHNY-24NOV29-B42.5",
            "count": 10,
            "created_time": "2024-11-29T15:41:57.933276Z",
            "yes_price": 3,
            "no_price": 97,
            "taker_side": "yes"
        },
        {
            "trade_id": "70cc3c78-36c0-49f0-87f7-3bd4df7128ff",
            "ticker": "KXHIGHNY-24NOV29-B42.5",
            "count": 1,
            "created_time": "2024-11-29T15:41:57.933276Z",
            "yes_price": 2,
            "no_price": 98,
            "taker_side": "yes"
        },
        {
            "trade_id": "54c68191-02b9-47ba-8e22-b7a03d3343a9",
            "ticker": "KXHIGHNY-24NOV29-B42.5",
            "count": 5,
            "created_time": "2024-11-29T15:41:57.933276Z",
            "yes_price": 2,
            "no_price": 98,
            "taker_side": "yes"
        },
        {
            "trade_id": "cb624b50-64a2-483c-bcf4-9f354e0c2f92",
            "ticker": "KXHIGHNY-24NOV29-B42.5",
            "count": 36,
            "created_time": "2024-11-29T15:33:14.626119Z",
            "yes_price": 1,
            "no_price": 99,
            "taker_side": "no"
        },
        {
            "trade_id": "6278f310-4fa6-436b-934a-b0cb9899aa96",
            "ticker": "KXHIGHNY-24NOV29-B42.5",
            "count": 76,
            "created_time": "2024-11-29T15:32:56.956603Z",
            "yes_price": 1,
            "no_price": 99,
            "taker_side": "no"
        },
        {
            "trade_id": "7307bf67-7f41-42a2-a678-dbff88e62370",
            "ticker": "KXHIGHNY-24NOV29-B42.5",
            "count": 4,
            "created_time": "2024-11-29T15:31:28.057533Z",
            "yes_price": 1,
            "no_price": 99,
            "taker_side": "no"
        },
        {
            "trade_id": "2ac6cb07-f242-4e90-82bf-6615ab7da55b",
            "ticker": "KXHIGHNY-24NOV29-B42.5",
            "count": 38,
            "created_time": "2024-11-29T15:30:29.183823Z",
            "yes_price": 1,
            "no_price": 99,
            "taker_side": "no"
        },
        {
            "trade_id": "5af7c319-2c64-44aa-aaba-12aac202e17c",
            "ticker": "KXHIGHNY-24NOV29-B42.5",
            "count": 20,
            "created_time": "2024-11-29T15:27:55.572687Z",
            "yes_price": 1,
            "no_price": 99,
            "taker_side": "no"
        },
        {
            "trade_id": "5d87fb26-e730-4cd0-af1a-6e864722d744",
            "ticker": "KXHIGHNY-24NOV29-B42.5",
            "count": 30,
            "created_time": "2024-11-29T15:23:19.329447Z",
            "yes_price": 1,
            "no_price": 99,
            "taker_side": "no"
        },
        {
            "trade_id": "7ce455c5-e8a4-40a0-94e4-b89af5582b32",
            "ticker": "KXHIGHNY-24NOV29-B42.5",
            "count": 22,
            "created_time": "2024-11-29T15:23:09.381931Z",
            "yes_price": 1,
            "no_price": 99,
            "taker_side": "no"
        },
        {
            "trade_id": "ca7e9ddc-eec9-4596-bbf5-5b310f391414",
            "ticker": "KXHIGHNY-24NOV29-B42.5",
            "count": 35,
            "created_time": "2024-11-29T15:22:58.023812Z",
            "yes_price": 1,
            "no_price": 99,
            "taker_side": "no"
        },
        {
            "trade_id": "e7fbb745-e3ab-411a-a918-e28e26cd9faa",
            "ticker": "KXHIGHNY-24NOV29-B42.5",
            "count": 5,
            "created_time": "2024-11-29T15:17:06.73959Z",
            "yes_price": 1,
            "no_price": 99,
            "taker_side": "no"
        },
        {
            "trade_id": "dfd69179-83a0-421a-bbd3-bc778d27778d",
            "ticker": "KXHIGHNY-24NOV29-B42.5",
            "count": 2,
            "created_time": "2024-11-29T15:16:54.610171Z",
            "yes_price": 1,
            "no_price": 99,
            "taker_side": "no"
        },
        {
            "trade_id": "ceab6c3f-388c-476d-ad63-a216988c48ec",
            "ticker": "KXHIGHNY-24NOV29-B42.5",
            "count": 2,
            "created_time": "2024-11-29T15:15:59.614907Z",
            "yes_price": 1,
            "no_price": 99,
            "taker_side": "no"
        },
        {
            "trade_id": "4fdccbc7-33da-4e18-9ac0-50e9386bbd38",
            "ticker": "KXHIGHNY-24NOV29-B42.5",
            "count": 20,
            "created_time": "2024-11-29T15:15:52.668124Z",
            "yes_price": 2,
            "no_price": 98,
            "taker_side": "no"
        },
        {
            "trade_id": "9e3e57c0-2161-43f7-b3d8-1d17acca1bf2",
            "ticker": "KXHIGHNY-24NOV29-B42.5",
            "count": 20,
            "created_time": "2024-11-29T15:15:29.084518Z",
            "yes_price": 2,
            "no_price": 98,
            "taker_side": "no"
        },
        {
            "trade_id": "9b1daf98-4d15-4c9b-b8c3-befb344626b6",
            "ticker": "KXHIGHNY-24NOV29-B42.5",
            "count": 40,
            "created_time": "2024-11-29T15:11:18.907159Z",
            "yes_price": 5,
            "no_price": 95,
            "taker_side": "yes"
        },
        {
            "trade_id": "8f57d8f0-9991-4eba-9b69-78658272e017",
            "ticker": "KXHIGHNY-24NOV29-B42.5",
            "count": 10,
            "created_time": "2024-11-29T15:10:47.732595Z",
            "yes_price": 2,
            "no_price": 98,
            "taker_side": "yes"
        },
        {
            "trade_id": "b2ce8f7d-9cda-4ba8-9b64-314fbea3f79d",
            "ticker": "KXHIGHNY-24NOV29-B42.5",
            "count": 17,
            "created_time": "2024-11-29T15:06:10.227787Z",
            "yes_price": 1,
            "no_price": 99,
            "taker_side": "no"
        },
        {
            "trade_id": "f1f27473-0d13-4092-8774-3ac1bc0f002b",
            "ticker": "KXHIGHNY-24NOV29-B42.5",
            "count": 9,
            "created_time": "2024-11-29T15:04:22.700195Z",
            "yes_price": 1,
            "no_price": 99,
            "taker_side": "no"
        },
        {
            "trade_id": "dd5b42f1-38fc-469e-8dd5-17d430f5081b",
            "ticker": "KXHIGHNY-24NOV29-B42.5",
            "count": 4,
            "created_time": "2024-11-29T15:04:22.700195Z",
            "yes_price": 1,
            "no_price": 99,
            "taker_side": "no"
        },
        {
            "trade_id": "0c8f3eeb-ea73-437b-a4c9-afd73d526ee2",
            "ticker": "KXHIGHNY-24NOV29-B42.5",
            "count": 16,
            "created_time": "2024-11-29T15:04:11.35322Z",
            "yes_price": 1,
            "no_price": 99,
            "taker_side": "no"
        },
        {
            "trade_id": "64bd1fe4-4feb-499d-a47b-3a65b82bdb74",
            "ticker": "KXHIGHNY-24NOV29-B42.5",
            "count": 20,
            "created_time": "2024-11-29T15:03:14.462325Z",
            "yes_price": 1,
            "no_price": 99,
            "taker_side": "no"
        },
        {
            "trade_id": "6f4a6d82-5c43-47c1-b403-8aa530be3796",
            "ticker": "KXHIGHNY-24NOV29-B42.5",
            "count": 38,
            "created_time": "2024-11-29T15:01:05.695791Z",
            "yes_price": 1,
            "no_price": 99,
            "taker_side": "no"
        },
        {
            "trade_id": "8531a87c-e181-49ef-9034-60d91756a199",
            "ticker": "KXHIGHNY-24NOV29-B42.5",
            "count": 23,
            "created_time": "2024-11-29T15:00:51.323013Z",
            "yes_price": 1,
            "no_price": 99,
            "taker_side": "no"
        },
        {
            "trade_id": "b6f87dfc-2619-4089-beca-9c58f1b6ba6d",
            "ticker": "KXHIGHNY-24NOV29-B42.5",
            "count": 19,
            "created_time": "2024-11-29T14:56:25.583472Z",
            "yes_price": 1,
            "no_price": 99,
            "taker_side": "no"
        },
        {
            "trade_id": "549d3c86-1e8d-435f-a79a-9736d43d2c20",
            "ticker": "KXHIGHNY-24NOV29-B42.5",
            "count": 40,
            "created_time": "2024-11-29T14:43:27.068159Z",
            "yes_price": 3,
            "no_price": 97,
            "taker_side": "no"
        },
        {
            "trade_id": "03092b46-b9cc-4bdc-a37d-6924d469a517",
            "ticker": "KXHIGHNY-24NOV29-B42.5",
            "count": 78,
            "created_time": "2024-11-29T14:32:09.286623Z",
            "yes_price": 6,
            "no_price": 94,
            "taker_side": "yes"
        },
        {
            "trade_id": "178d3c12-6495-4b7c-8a1f-b35438a6b19f",
            "ticker": "KXHIGHNY-24NOV29-B42.5",
            "count": 59,
            "created_time": "2024-11-29T14:21:52.493535Z",
            "yes_price": 2,
            "no_price": 98,
            "taker_side": "no"
        },
        {
            "trade_id": "858d6b34-0481-4c8a-b4c9-e2fc100333fa",
            "ticker": "KXHIGHNY-24NOV29-B42.5",
            "count": 18,
            "created_time": "2024-11-29T14:16:49.221994Z",
            "yes_price": 2,
            "no_price": 98,
            "taker_side": "no"
        },
        {
            "trade_id": "3e027455-2ac6-42f8-bc4d-7d1343588b20",
            "ticker": "KXHIGHNY-24NOV29-B42.5",
            "count": 2,
            "created_time": "2024-11-29T14:16:49.221994Z",
            "yes_price": 3,
            "no_price": 97,
            "taker_side": "no"
        },
        {
            "trade_id": "f70e02b4-43d0-4582-9dbd-9db7b950b2d5",
            "ticker": "KXHIGHNY-24NOV29-B42.5",
            "count": 134,
            "created_time": "2024-11-29T14:01:45.115233Z",
            "yes_price": 7,
            "no_price": 93,
            "taker_side": "yes"
        },
        {
            "trade_id": "a503907e-e908-43df-8fa1-4c0b88026780",
            "ticker": "KXHIGHNY-24NOV29-B42.5",
            "count": 26,
            "created_time": "2024-11-29T13:53:08.355126Z",
            "yes_price": 7,
            "no_price": 93,
            "taker_side": "yes"
        },
        {
            "trade_id": "95e99ccc-d697-4ad6-a4a1-d5a5c2d663d6",
            "ticker": "KXHIGHNY-24NOV29-B42.5",
            "count": 110,
            "created_time": "2024-11-29T13:37:56.610761Z",
            "yes_price": 7,
            "no_price": 93,
            "taker_side": "yes"
        },
        {
            "trade_id": "dadd905b-0453-47ab-86d4-413b83cce1d7",
            "ticker": "KXHIGHNY-24NOV29-B42.5",
            "count": 3,
            "created_time": "2024-11-29T13:37:41.177852Z",
            "yes_price": 7,
            "no_price": 93,
            "taker_side": "yes"
        },
        {
            "trade_id": "bcd78bb4-055b-491b-9ddc-d26141c2ecf9",
            "ticker": "KXHIGHNY-24NOV29-B42.5",
            "count": 40,
            "created_time": "2024-11-29T13:37:41.177852Z",
            "yes_price": 7,
            "no_price": 93,
            "taker_side": "yes"
        },
        {
            "trade_id": "bc8e587a-f68a-42c2-b51d-97a5e58dd5fe",
            "ticker": "KXHIGHNY-24NOV29-B42.5",
            "count": 50,
            "created_time": "2024-11-29T13:37:41.177852Z",
            "yes_price": 7,
            "no_price": 93,
            "taker_side": "yes"
        },
        {
            "trade_id": "296241e6-677f-451a-b30a-3ad3cb6cfd42",
            "ticker": "KXHIGHNY-24NOV29-B42.5",
            "count": 197,
            "created_time": "2024-11-29T13:37:41.177852Z",
            "yes_price": 7,
            "no_price": 93,
            "taker_side": "yes"
        },
        {
            "trade_id": "c887cece-eec5-498f-98bc-2bfdcbfd12de",
            "ticker": "KXHIGHNY-24NOV29-B42.5",
            "count": 100,
            "created_time": "2024-11-29T13:37:19.663383Z",
            "yes_price": 6,
            "no_price": 94,
            "taker_side": "yes"
        },
        {
            "trade_id": "d39eb21d-75a5-4512-b6b4-79c1aa511abb",
            "ticker": "KXHIGHNY-24NOV29-B42.5",
            "count": 18,
            "created_time": "2024-11-29T13:30:52.75663Z",
            "yes_price": 5,
            "no_price": 95,
            "taker_side": "no"
        },
        {
            "trade_id": "61804371-02f2-4cc6-b034-79f0180d2de7",
            "ticker": "KXHIGHNY-24NOV29-B42.5",
            "count": 188,
            "created_time": "2024-11-29T13:30:52.75663Z",
            "yes_price": 4,
            "no_price": 96,
            "taker_side": "no"
        },
        {
            "trade_id": "48d3f4c9-554c-4690-9459-83b7bce58ed3",
            "ticker": "KXHIGHNY-24NOV29-B42.5",
            "count": 3,
            "created_time": "2024-11-29T13:19:57.030506Z",
            "yes_price": 7,
            "no_price": 93,
            "taker_side": "yes"
        },
        {
            "trade_id": "fb608b89-f869-4bf8-b9d2-d1f045d9b4be",
            "ticker": "KXHIGHNY-24NOV29-B42.5",
            "count": 6,
            "created_time": "2024-11-29T13:11:22.847687Z",
            "yes_price": 4,
            "no_price": 96,
            "taker_side": "no"
        },
        {
            "trade_id": "81c1fc21-dfd1-4a73-a772-acc6ea1dc204",
            "ticker": "KXHIGHNY-24NOV29-B42.5",
            "count": 100,
            "created_time": "2024-11-29T13:11:22.847687Z",
            "yes_price": 5,
            "no_price": 95,
            "taker_side": "no"
        },
        {
            "trade_id": "4b63ae57-9dd5-44a6-a528-d44e093fd98d",
            "ticker": "KXHIGHNY-24NOV29-B42.5",
            "count": 120,
            "created_time": "2024-11-29T13:11:22.847687Z",
            "yes_price": 6,
            "no_price": 94,
            "taker_side": "no"
        },
        {
            "trade_id": "a5e666a7-3b03-463f-a99a-932a8771ac10",
            "ticker": "KXHIGHNY-24NOV29-B42.5",
            "count": 80,
            "created_time": "2024-11-29T13:10:51.107832Z",
            "yes_price": 6,
            "no_price": 94,
            "taker_side": "yes"
        },
        {
            "trade_id": "c0956b8a-e170-457b-9857-33ac1c8ca6a8",
            "ticker": "KXHIGHNY-24NOV29-B42.5",
            "count": 100,
            "created_time": "2024-11-29T13:08:46.264608Z",
            "yes_price": 5,
            "no_price": 95,
            "taker_side": "no"
        },
        {
            "trade_id": "9f4c0b09-cb33-43ae-a36f-9a3964aae0b2",
            "ticker": "KXHIGHNY-24NOV29-B42.5",
            "count": 25,
            "created_time": "2024-11-29T13:08:46.264608Z",
            "yes_price": 4,
            "no_price": 96,
            "taker_side": "no"
        },
        {
            "trade_id": "4e7e2c7a-e289-452a-a0e3-ed6380254568",
            "ticker": "KXHIGHNY-24NOV29-B42.5",
            "count": 20,
            "created_time": "2024-11-29T13:06:48.317645Z",
            "yes_price": 6,
            "no_price": 94,
            "taker_side": "no"
        },
        {
            "trade_id": "4a931b39-9a78-4271-8e7d-881d33fe67aa",
            "ticker": "KXHIGHNY-24NOV29-B42.5",
            "count": 83,
            "created_time": "2024-11-29T13:04:27.014557Z",
            "yes_price": 6,
            "no_price": 94,
            "taker_side": "no"
        },
        {
            "trade_id": "c7bfa1ce-b0ea-494b-a998-0802fc116638",
            "ticker": "KXHIGHNY-24NOV29-B42.5",
            "count": 14,
            "created_time": "2024-11-29T13:04:20.251714Z",
            "yes_price": 9,
            "no_price": 91,
            "taker_side": "yes"
        },
        {
            "trade_id": "8cdbd0b4-6f1f-44d4-81d7-dcc9811d08a4",
            "ticker": "KXHIGHNY-24NOV29-B42.5",
            "count": 21,
            "created_time": "2024-11-29T13:04:20.251714Z",
            "yes_price": 12,
            "no_price": 88,
            "taker_side": "yes"
        },
        {
            "trade_id": "782317e4-103f-430b-8e2a-c7eceb331a79",
            "ticker": "KXHIGHNY-24NOV29-B42.5",
            "count": 5,
            "created_time": "2024-11-29T13:04:20.251714Z",
            "yes_price": 10,
            "no_price": 90,
            "taker_side": "yes"
        },
        {
            "trade_id": "64dc6e12-2bed-45d6-b954-9e7ca0a9a5d7",
            "ticker": "KXHIGHNY-24NOV29-B42.5",
            "count": 200,
            "created_time": "2024-11-29T13:04:20.251714Z",
            "yes_price": 11,
            "no_price": 89,
            "taker_side": "yes"
        },
        {
            "trade_id": "79c51762-1532-45cd-88bd-aebb91045309",
            "ticker": "KXHIGHNY-24NOV29-B42.5",
            "count": 2,
            "created_time": "2024-11-29T13:04:11.989971Z",
            "yes_price": 6,
            "no_price": 94,
            "taker_side": "no"
        },
        {
            "trade_id": "f74ae3d1-12c1-448f-9382-ae1443a721d2",
            "ticker": "KXHIGHNY-24NOV29-B42.5",
            "count": 12,
            "created_time": "2024-11-29T13:02:22.892164Z",
            "yes_price": 6,
            "no_price": 94,
            "taker_side": "no"
        },
        {
            "trade_id": "ae568ba0-4fe1-45af-83eb-ddabcf21e19c",
            "ticker": "KXHIGHNY-24NOV29-B42.5",
            "count": 3,
            "created_time": "2024-11-29T13:01:30.204316Z",
            "yes_price": 6,
            "no_price": 94,
            "taker_side": "no"
        },
        {
            "trade_id": "c147790c-92a2-4476-9cc8-e62578a4dee5",
            "ticker": "KXHIGHNY-24NOV29-B42.5",
            "count": 3,
            "created_time": "2024-11-29T13:00:49.032949Z",
            "yes_price": 5,
            "no_price": 95,
            "taker_side": "no"
        },
        {
            "trade_id": "22666faf-b3a0-41f9-ac86-2977669f3d9e",
            "ticker": "KXHIGHNY-24NOV29-B42.5",
            "count": 4,
            "created_time": "2024-11-29T13:00:30.22683Z",
            "yes_price": 6,
            "no_price": 94,
            "taker_side": "yes"
        },
        {
            "trade_id": "2dc1ada2-cb75-47e5-a3e0-52499966dbea",
            "ticker": "KXHIGHNY-24NOV29-B42.5",
            "count": 8,
            "created_time": "2024-11-29T13:00:30.116311Z",
            "yes_price": 6,
            "no_price": 94,
            "taker_side": "yes"
        },
        {
            "trade_id": "cd5e3e88-49bc-4a11-8635-7a606a73db95",
            "ticker": "KXHIGHNY-24NOV29-B42.5",
            "count": 8,
            "created_time": "2024-11-29T13:00:29.99443Z",
            "yes_price": 6,
            "no_price": 94,
            "taker_side": "yes"
        },
        {
            "trade_id": "0172f63d-2492-44c0-80e7-3310947db7a5",
            "ticker": "KXHIGHNY-24NOV29-B42.5",
            "count": 8,
            "created_time": "2024-11-29T13:00:29.89151Z",
            "yes_price": 6,
            "no_price": 94,
            "taker_side": "yes"
        },
        {
            "trade_id": "ef5a8508-becf-43d9-b863-1b3338757efb",
            "ticker": "KXHIGHNY-24NOV29-B42.5",
            "count": 8,
            "created_time": "2024-11-29T13:00:29.782646Z",
            "yes_price": 6,
            "no_price": 94,
            "taker_side": "yes"
        },
        {
            "trade_id": "d3eea6f9-5df4-4cb8-ac28-c59066e96229",
            "ticker": "KXHIGHNY-24NOV29-B42.5",
            "count": 8,
            "created_time": "2024-11-29T13:00:29.675079Z",
            "yes_price": 6,
            "no_price": 94,
            "taker_side": "yes"
        },
        {
            "trade_id": "9e82fe58-faf3-4ee3-b95b-f3532f1a52ee",
            "ticker": "KXHIGHNY-24NOV29-B42.5",
            "count": 8,
            "created_time": "2024-11-29T13:00:29.534192Z",
            "yes_price": 6,
            "no_price": 94,
            "taker_side": "yes"
        },
        {
            "trade_id": "988b3b0b-f76d-4d4f-b45a-4769c782542d",
            "ticker": "KXHIGHNY-24NOV29-B42.5",
            "count": 8,
            "created_time": "2024-11-29T13:00:29.405397Z",
            "yes_price": 6,
            "no_price": 94,
            "taker_side": "yes"
        },
        {
            "trade_id": "f5e9e9f3-d7cc-4961-aa8e-e6c4597a5cc3",
            "ticker": "KXHIGHNY-24NOV29-B42.5",
            "count": 8,
            "created_time": "2024-11-29T13:00:29.296725Z",
            "yes_price": 6,
            "no_price": 94,
            "taker_side": "yes"
        },
        {
            "trade_id": "2988ab84-9c03-4346-bb88-3c7782306b33",
            "ticker": "KXHIGHNY-24NOV29-B42.5",
            "count": 8,
            "created_time": "2024-11-29T13:00:29.185248Z",
            "yes_price": 6,
            "no_price": 94,
            "taker_side": "yes"
        },
        {
            "trade_id": "5a8aa91b-25d8-4e99-a28a-ff6af802dfe8",
            "ticker": "KXHIGHNY-24NOV29-B42.5",
            "count": 8,
            "created_time": "2024-11-29T13:00:29.059649Z",
            "yes_price": 6,
            "no_price": 94,
            "taker_side": "yes"
        },
        {
            "trade_id": "016623e0-472d-4aec-aa5e-20c3ef369f53",
            "ticker": "KXHIGHNY-24NOV29-B42.5",
            "count": 8,
            "created_time": "2024-11-29T13:00:28.95071Z",
            "yes_price": 6,
            "no_price": 94,
            "taker_side": "yes"
        },
        {
            "trade_id": "8088706c-2749-451f-9862-2b0ea7c29ec5",
            "ticker": "KXHIGHNY-24NOV29-B42.5",
            "count": 8,
            "created_time": "2024-11-29T13:00:28.842075Z",
            "yes_price": 6,
            "no_price": 94,
            "taker_side": "yes"
        },
        {
            "trade_id": "7f8529a9-6919-4118-8bb0-b5c6557685ce",
            "ticker": "KXHIGHNY-24NOV29-B42.5",
            "count": 8,
            "created_time": "2024-11-29T13:00:28.674943Z",
            "yes_price": 5,
            "no_price": 95,
            "taker_side": "no"
        },
        {
            "trade_id": "d994c015-cee8-4184-82fa-269315ed6763",
            "ticker": "KXHIGHNY-24NOV29-B42.5",
            "count": 144,
            "created_time": "2024-11-29T13:00:28.504842Z",
            "yes_price": 5,
            "no_price": 95,
            "taker_side": "no"
        },
        {
            "trade_id": "a6d7514e-2e8f-4491-b439-4ff94e6de39b",
            "ticker": "KXHIGHNY-24NOV29-B42.5",
            "count": 112,
            "created_time": "2024-11-29T13:00:28.504842Z",
            "yes_price": 6,
            "no_price": 94,
            "taker_side": "no"
        },
        {
            "trade_id": "0d0f559f-7f0b-4b89-ba97-560aa19976e8",
            "ticker": "KXHIGHNY-24NOV29-B42.5",
            "count": 128,
            "created_time": "2024-11-29T13:00:28.378546Z",
            "yes_price": 6,
            "no_price": 94,
            "taker_side": "no"
        },
        {
            "trade_id": "a1586e6a-370b-4755-b09b-8a9524eb3f60",
            "ticker": "KXHIGHNY-24NOV29-B42.5",
            "count": 17,
            "created_time": "2024-11-29T07:28:50.958884Z",
            "yes_price": 6,
            "no_price": 94,
            "taker_side": "no"
        },
        {
            "trade_id": "7aa3fbfe-23fd-47b1-81b5-2d2d9beedf7b",
            "ticker": "KXHIGHNY-24NOV29-B42.5",
            "count": 782,
            "created_time": "2024-11-29T07:24:38.689114Z",
            "yes_price": 10,
            "no_price": 90,
            "taker_side": "yes"
        },
        {
            "trade_id": "7afae312-aa0e-4766-92df-e242876ed76d",
            "ticker": "KXHIGHNY-24NOV29-B42.5",
            "count": 34,
            "created_time": "2024-11-29T06:53:15.87817Z",
            "yes_price": 4,
            "no_price": 96,
            "taker_side": "no"
        },
        {
            "trade_id": "6686b37f-0f69-4b7d-83eb-fbfc16a5d369",
            "ticker": "KXHIGHNY-24NOV29-B42.5",
            "count": 133,
            "created_time": "2024-11-29T06:53:15.87817Z",
            "yes_price": 4,
            "no_price": 96,
            "taker_side": "no"
        },
        {
            "trade_id": "dd5bd946-129e-4c7e-8118-e3153615c89c",
            "ticker": "KXHIGHNY-24NOV29-B42.5",
            "count": 115,
            "created_time": "2024-11-29T06:49:52.125336Z",
            "yes_price": 5,
            "no_price": 95,
            "taker_side": "no"
        },
        {
            "trade_id": "f61daefe-aeec-4b2f-b96f-688097b0c58c",
            "ticker": "KXHIGHNY-24NOV29-B42.5",
            "count": 85,
            "created_time": "2024-11-29T06:49:39.25719Z",
            "yes_price": 6,
            "no_price": 94,
            "taker_side": "no"
        },
        {
            "trade_id": "4a5ffcbd-44e9-4048-87de-5e6a977186fe",
            "ticker": "KXHIGHNY-24NOV29-B42.5",
            "count": 5,
            "created_time": "2024-11-29T06:46:13.581719Z",
            "yes_price": 10,
            "no_price": 90,
            "taker_side": "yes"
        },
        {
            "trade_id": "4e603aa6-8f20-450f-b060-90e6db6d52bb",
            "ticker": "KXHIGHNY-24NOV29-B42.5",
            "count": 7,
            "created_time": "2024-11-29T06:44:36.531017Z",
            "yes_price": 10,
            "no_price": 90,
            "taker_side": "yes"
        },
        {
            "trade_id": "eee57949-ffc3-4f37-8b09-8734a2a52788",
            "ticker": "KXHIGHNY-24NOV29-B42.5",
            "count": 94,
            "created_time": "2024-11-29T06:43:00.44876Z",
            "yes_price": 10,
            "no_price": 90,
            "taker_side": "yes"
        },
        {
            "trade_id": "66fdb7cf-883b-4962-ae29-7be85ee617ca",
            "ticker": "KXHIGHNY-24NOV29-B42.5",
            "count": 112,
            "created_time": "2024-11-29T06:42:23.019322Z",
            "yes_price": 10,
            "no_price": 90,
            "taker_side": "yes"
        },
        {
            "trade_id": "76eb3e71-28e5-445c-9b56-869207b21817",
            "ticker": "KXHIGHNY-24NOV29-B42.5",
            "count": 58,
            "created_time": "2024-11-29T05:42:39.840473Z",
            "yes_price": 6,
            "no_price": 94,
            "taker_side": "no"
        },
        {
            "trade_id": "36b9d844-49ed-43ef-91d4-b32db28bc9eb",
            "ticker": "KXHIGHNY-24NOV29-B42.5",
            "count": 8,
            "created_time": "2024-11-29T05:26:53.816783Z",
            "yes_price": 8,
            "no_price": 92,
            "taker_side": "yes"
        },
        {
            "trade_id": "7c36f045-051d-4344-966f-24dd8f048a1f",
            "ticker": "KXHIGHNY-24NOV29-B42.5",
            "count": 11,
            "created_time": "2024-11-29T05:26:16.926414Z",
            "yes_price": 8,
            "no_price": 92,
            "taker_side": "yes"
        },
        {
            "trade_id": "7381c784-87c8-4813-91b7-7d5f3c748964",
            "ticker": "KXHIGHNY-24NOV29-B42.5",
            "count": 100,
            "created_time": "2024-11-29T05:22:12.743086Z",
            "yes_price": 8,
            "no_price": 92,
            "taker_side": "yes"
        },
        {
            "trade_id": "234faa3e-31b0-4022-a36c-a552f7e045a6",
            "ticker": "KXHIGHNY-24NOV29-B42.5",
            "count": 17,
            "created_time": "2024-11-29T05:22:12.743086Z",
            "yes_price": 8,
            "no_price": 92,
            "taker_side": "yes"
        },
        {
            "trade_id": "b2bd5d05-a4d1-4fe9-996e-d75993865174",
            "ticker": "KXHIGHNY-24NOV29-B42.5",
            "count": 117,
            "created_time": "2024-11-29T05:00:32.897786Z",
            "yes_price": 4,
            "no_price": 96,
            "taker_side": "no"
        },
        {
            "trade_id": "902b0fff-3556-4875-8eca-c53fb259046e",
            "ticker": "KXHIGHNY-24NOV29-B42.5",
            "count": 55,
            "created_time": "2024-11-29T05:00:32.897786Z",
            "yes_price": 5,
            "no_price": 95,
            "taker_side": "no"
        },
        {
            "trade_id": "6bcfe236-5c75-4783-b511-44b816ab8f3a",
            "ticker": "KXHIGHNY-24NOV29-B42.5",
            "count": 21,
            "created_time": "2024-11-29T04:30:19.422441Z",
            "yes_price": 8,
            "no_price": 92,
            "taker_side": "yes"
        },
        {
            "trade_id": "5b90eab4-f542-446b-9bb6-35f36f1e10bd",
            "ticker": "KXHIGHNY-24NOV29-B42.5",
            "count": 6,
            "created_time": "2024-11-29T04:30:19.422441Z",
            "yes_price": 8,
            "no_price": 92,
            "taker_side": "yes"
        },
        {
            "trade_id": "31051d1b-0dcc-4992-8077-64006d376798",
            "ticker": "KXHIGHNY-24NOV29-B42.5",
            "count": 213,
            "created_time": "2024-11-29T04:30:19.422441Z",
            "yes_price": 8,
            "no_price": 92,
            "taker_side": "yes"
        },
        {
            "trade_id": "99cadbcb-c3d7-4a58-831c-85d63ce4cec0",
            "ticker": "KXHIGHNY-24NOV29-B42.5",
            "count": 10,
            "created_time": "2024-11-29T04:20:25.706815Z",
            "yes_price": 7,
            "no_price": 93,
            "taker_side": "yes"
        },
        {
            "trade_id": "5c5fbcf8-5bfa-4d98-adf9-2ca64d7989fd",
            "ticker": "KXHIGHNY-24NOV29-B42.5",
            "count": 5,
            "created_time": "2024-11-29T04:15:54.253039Z",
            "yes_price": 5,
            "no_price": 95,
            "taker_side": "no"
        },
        {
            "trade_id": "19437c1f-2a11-4b14-911d-9f594bd6acde",
            "ticker": "KXHIGHNY-24NOV29-B42.5",
            "count": 45,
            "created_time": "2024-11-29T04:15:54.253039Z",
            "yes_price": 5,
            "no_price": 95,
            "taker_side": "no"
        },
        {
            "trade_id": "cdd38625-1e4a-4d18-bd07-49466f86e473",
            "ticker": "KXHIGHNY-24NOV29-B42.5",
            "count": 73,
            "created_time": "2024-11-29T03:48:30.358223Z",
            "yes_price": 7,
            "no_price": 93,
            "taker_side": "yes"
        },
        {
            "trade_id": "77f34768-8e43-49f7-a15c-d72da11d2c65",
            "ticker": "KXHIGHNY-24NOV29-B42.5",
            "count": 27,
            "created_time": "2024-11-29T03:48:30.358223Z",
            "yes_price": 6,
            "no_price": 94,
            "taker_side": "yes"
        },
        {
            "trade_id": "8d0075b8-68d5-40ae-bdd9-60e5e5744ea3",
            "ticker": "KXHIGHNY-24NOV29-B42.5",
            "count": 15,
            "created_time": "2024-11-29T03:47:17.453591Z",
            "yes_price": 5,
            "no_price": 95,
            "taker_side": "no"
        },
        {
            "trade_id": "d1898ee8-1304-40c8-ac7e-edc3c0aa1204",
            "ticker": "KXHIGHNY-24NOV29-B42.5",
            "count": 73,
            "created_time": "2024-11-29T03:36:27.10515Z",
            "yes_price": 6,
            "no_price": 94,
            "taker_side": "no"
        },
        {
            "trade_id": "ac1ba398-f4ac-4654-9b03-efa77ebf051d",
            "ticker": "KXHIGHNY-24NOV29-B42.5",
            "count": 10,
            "created_time": "2024-11-29T03:36:01.110013Z",
            "yes_price": 8,
            "no_price": 92,
            "taker_side": "yes"
        },
        {
            "trade_id": "cf4d1d3f-8265-4bfe-b62b-dd05191440cd",
            "ticker": "KXHIGHNY-24NOV29-B42.5",
            "count": 11,
            "created_time": "2024-11-29T03:35:34.891367Z",
            "yes_price": 8,
            "no_price": 92,
            "taker_side": "yes"
        },
        {
            "trade_id": "acc37f25-1fd7-4faa-955e-1edaba1add78",
            "ticker": "KXHIGHNY-24NOV29-B42.5",
            "count": 21,
            "created_time": "2024-11-29T03:35:27.0458Z",
            "yes_price": 6,
            "no_price": 94,
            "taker_side": "no"
        },
        {
            "trade_id": "fa89bba3-5ed0-4beb-b0d8-5c9546978ce8",
            "ticker": "KXHIGHNY-24NOV29-B42.5",
            "count": 6,
            "created_time": "2024-11-29T03:33:30.739365Z",
            "yes_price": 6,
            "no_price": 94,
            "taker_side": "no"
        },
        {
            "trade_id": "18ff7fb6-47c7-45f1-910e-cfaa86f3b18a",
            "ticker": "KXHIGHNY-24NOV29-B42.5",
            "count": 6,
            "created_time": "2024-11-29T03:33:30.570287Z",
            "yes_price": 8,
            "no_price": 92,
            "taker_side": "no"
        },
        {
            "trade_id": "d922ff7c-b1ab-49de-9ff0-ea8c258a935a",
            "ticker": "KXHIGHNY-24NOV29-B42.5",
            "count": 2,
            "created_time": "2024-11-29T03:14:37.07537Z",
            "yes_price": 8,
            "no_price": 92,
            "taker_side": "no"
        },
        {
            "trade_id": "069a3cdd-143f-4a54-8d00-b76a681e7c01",
            "ticker": "KXHIGHNY-24NOV29-B42.5",
            "count": 3,
            "created_time": "2024-11-29T03:14:06.545199Z",
            "yes_price": 8,
            "no_price": 92,
            "taker_side": "no"
        },
        {
            "trade_id": "c43f9ce3-1b92-4020-a8b1-043dd62f82a9",
            "ticker": "KXHIGHNY-24NOV29-B42.5",
            "count": 22,
            "created_time": "2024-11-29T02:58:54.678398Z",
            "yes_price": 10,
            "no_price": 90,
            "taker_side": "yes"
        },
        {
            "trade_id": "1c745742-6d40-4408-bfca-51e5013e1d64",
            "ticker": "KXHIGHNY-24NOV29-B42.5",
            "count": 6,
            "created_time": "2024-11-29T02:58:54.678398Z",
            "yes_price": 10,
            "no_price": 90,
            "taker_side": "yes"
        },
        {
            "trade_id": "e2b4ea69-e5cb-4e9b-9e54-b7f4b91ebf58",
            "ticker": "KXHIGHNY-24NOV29-B42.5",
            "count": 50,
            "created_time": "2024-11-29T02:46:31.76356Z",
            "yes_price": 7,
            "no_price": 93,
            "taker_side": "no"
        },
        {
            "trade_id": "15efbe57-2bdc-47ab-abf2-9552bb5a0dd5",
            "ticker": "KXHIGHNY-24NOV29-B42.5",
            "count": 94,
            "created_time": "2024-11-29T02:30:23.139321Z",
            "yes_price": 10,
            "no_price": 90,
            "taker_side": "yes"
        },
        {
            "trade_id": "8b8f007d-a823-4147-af4f-8e87fbed1b48",
            "ticker": "KXHIGHNY-24NOV29-B42.5",
            "count": 25,
            "created_time": "2024-11-29T00:44:01.480614Z",
            "yes_price": 6,
            "no_price": 94,
            "taker_side": "no"
        },
        {
            "trade_id": "a5a3516d-60b8-45fa-ae83-71ccaa6bfa4b",
            "ticker": "KXHIGHNY-24NOV29-B42.5",
            "count": 100,
            "created_time": "2024-11-29T00:41:44.770484Z",
            "yes_price": 11,
            "no_price": 89,
            "taker_side": "yes"
        },
        {
            "trade_id": "23836052-1960-4c31-abc0-6500f44037a8",
            "ticker": "KXHIGHNY-24NOV29-B42.5",
            "count": 3,
            "created_time": "2024-11-29T00:34:50.797369Z",
            "yes_price": 6,
            "no_price": 94,
            "taker_side": "no"
        },
        {
            "trade_id": "df2f88aa-10d6-4e98-aee7-af2133606b67",
            "ticker": "KXHIGHNY-24NOV29-B42.5",
            "count": 1,
            "created_time": "2024-11-29T00:27:01.276345Z",
            "yes_price": 6,
            "no_price": 94,
            "taker_side": "no"
        },
        {
            "trade_id": "a1f4f050-71da-49f2-86db-cbfcce601f1d",
            "ticker": "KXHIGHNY-24NOV29-B42.5",
            "count": 1,
            "created_time": "2024-11-29T00:20:02.403682Z",
            "yes_price": 6,
            "no_price": 94,
            "taker_side": "no"
        },
        {
            "trade_id": "f7282a50-a7d8-4462-834e-8e4530a7b997",
            "ticker": "KXHIGHNY-24NOV29-B42.5",
            "count": 50,
            "created_time": "2024-11-29T00:11:02.8133Z",
            "yes_price": 9,
            "no_price": 91,
            "taker_side": "yes"
        },
        {
            "trade_id": "e45aa41f-0aa5-481b-b6f4-8ca8f01bdbc2",
            "ticker": "KXHIGHNY-24NOV29-B42.5",
            "count": 11,
            "created_time": "2024-11-29T00:11:02.8133Z",
            "yes_price": 9,
            "no_price": 91,
            "taker_side": "yes"
        },
        {
            "trade_id": "cf061b18-ec4d-4318-8e49-0a7af2dc0328",
            "ticker": "KXHIGHNY-24NOV29-B42.5",
            "count": 15,
            "created_time": "2024-11-29T00:11:02.8133Z",
            "yes_price": 19,
            "no_price": 81,
            "taker_side": "yes"
        },
        {
            "trade_id": "bff680d7-b789-4d3c-bd6c-8e8bb879e5ec",
            "ticker": "KXHIGHNY-24NOV29-B42.5",
            "count": 13,
            "created_time": "2024-11-29T00:11:02.8133Z",
            "yes_price": 20,
            "no_price": 80,
            "taker_side": "yes"
        },
        {
            "trade_id": "b62a9077-b99d-4e00-9e68-25c6e35de143",
            "ticker": "KXHIGHNY-24NOV29-B42.5",
            "count": 240,
            "created_time": "2024-11-29T00:11:02.8133Z",
            "yes_price": 11,
            "no_price": 89,
            "taker_side": "yes"
        },
        {
            "trade_id": "991ab1da-9d01-4892-9a98-bdf4eef7b006",
            "ticker": "KXHIGHNY-24NOV29-B42.5",
            "count": 240,
            "created_time": "2024-11-29T00:11:02.8133Z",
            "yes_price": 10,
            "no_price": 90,
            "taker_side": "yes"
        },
        {
            "trade_id": "4e423914-b371-4ba4-bfc2-f9a13bf132e7",
            "ticker": "KXHIGHNY-24NOV29-B42.5",
            "count": 179,
            "created_time": "2024-11-29T00:11:02.8133Z",
            "yes_price": 9,
            "no_price": 91,
            "taker_side": "yes"
        },
        {
            "trade_id": "4b5ad6b3-528a-498e-aa94-244c2c7b138c",
            "ticker": "KXHIGHNY-24NOV29-B42.5",
            "count": 75,
            "created_time": "2024-11-29T00:11:02.8133Z",
            "yes_price": 21,
            "no_price": 79,
            "taker_side": "yes"
        },
        {
            "trade_id": "31962024-1bd2-4aea-9ae0-659084298c69",
            "ticker": "KXHIGHNY-24NOV29-B42.5",
            "count": 6,
            "created_time": "2024-11-29T00:11:02.8133Z",
            "yes_price": 15,
            "no_price": 85,
            "taker_side": "yes"
        },
        {
            "trade_id": "9ba38287-969b-44c7-b8b0-9c4b2b6652ba",
            "ticker": "KXHIGHNY-24NOV29-B42.5",
            "count": 10,
            "created_time": "2024-11-29T00:03:41.710079Z",
            "yes_price": 9,
            "no_price": 91,
            "taker_side": "yes"
        },
        {
            "trade_id": "6c9efcfb-9e39-4dee-9ef7-092ad5895af9",
            "ticker": "KXHIGHNY-24NOV29-B42.5",
            "count": 20,
            "created_time": "2024-11-28T23:21:03.495262Z",
            "yes_price": 9,
            "no_price": 91,
            "taker_side": "yes"
        },
        {
            "trade_id": "8b008860-8489-4e24-8fe6-aa11121e2db3",
            "ticker": "KXHIGHNY-24NOV29-B42.5",
            "count": 31,
            "created_time": "2024-11-28T23:01:11.377058Z",
            "yes_price": 9,
            "no_price": 91,
            "taker_side": "yes"
        },
        {
            "trade_id": "52030683-a1f2-44f7-b980-9fe3bca3f56a",
            "ticker": "KXHIGHNY-24NOV29-B42.5",
            "count": 20,
            "created_time": "2024-11-28T22:06:04.149468Z",
            "yes_price": 7,
            "no_price": 93,
            "taker_side": "no"
        },
        {
            "trade_id": "03f04e29-1c05-4573-8cc3-fb56eff941a2",
            "ticker": "KXHIGHNY-24NOV29-B42.5",
            "count": 7,
            "created_time": "2024-11-28T21:34:24.091212Z",
            "yes_price": 11,
            "no_price": 89,
            "taker_side": "yes"
        },
        {
            "trade_id": "0265dd3d-2b30-4595-873c-b27980eab3bd",
            "ticker": "KXHIGHNY-24NOV29-B42.5",
            "count": 40,
            "created_time": "2024-11-28T21:30:52.504913Z",
            "yes_price": 6,
            "no_price": 94,
            "taker_side": "no"
        },
        {
            "trade_id": "d2561d6b-3f4a-4412-8fbf-efdaeb7d852f",
            "ticker": "KXHIGHNY-24NOV29-B42.5",
            "count": 10,
            "created_time": "2024-11-28T20:50:17.526524Z",
            "yes_price": 8,
            "no_price": 92,
            "taker_side": "no"
        },
        {
            "trade_id": "b7c65e5c-f08a-4a50-a2e2-c9fdca6ff604",
            "ticker": "KXHIGHNY-24NOV29-B42.5",
            "count": 38,
            "created_time": "2024-11-28T20:01:08.423453Z",
            "yes_price": 17,
            "no_price": 83,
            "taker_side": "yes"
        },
        {
            "trade_id": "cd4d3231-77f1-49ab-9168-8608f27672cb",
            "ticker": "KXHIGHNY-24NOV29-B42.5",
            "count": 10,
            "created_time": "2024-11-28T19:51:47.174303Z",
            "yes_price": 17,
            "no_price": 83,
            "taker_side": "yes"
        },
        {
            "trade_id": "d0c0f859-359f-4588-9d46-a3552be598b5",
            "ticker": "KXHIGHNY-24NOV29-B42.5",
            "count": 100,
            "created_time": "2024-11-28T19:19:01.648919Z",
            "yes_price": 17,
            "no_price": 83,
            "taker_side": "yes"
        },
        {
            "trade_id": "c6494d6f-069b-4a33-aff6-b2e3cfec62d4",
            "ticker": "KXHIGHNY-24NOV29-B42.5",
            "count": 5,
            "created_time": "2024-11-28T19:19:01.648919Z",
            "yes_price": 17,
            "no_price": 83,
            "taker_side": "yes"
        },
        {
            "trade_id": "70800076-e388-419c-948f-8d9345a3836a",
            "ticker": "KXHIGHNY-24NOV29-B42.5",
            "count": 100,
            "created_time": "2024-11-28T19:19:01.648919Z",
            "yes_price": 16,
            "no_price": 84,
            "taker_side": "yes"
        },
        {
            "trade_id": "8aba46c5-ecb6-46f8-9587-1ce4732902d9",
            "ticker": "KXHIGHNY-24NOV29-B42.5",
            "count": 75,
            "created_time": "2024-11-28T18:24:51.251761Z",
            "yes_price": 11,
            "no_price": 89,
            "taker_side": "no"
        },
        {
            "trade_id": "c0edbb07-a2c1-447d-887d-332eb7e1e3d3",
            "ticker": "KXHIGHNY-24NOV29-B42.5",
            "count": 100,
            "created_time": "2024-11-28T18:22:41.369984Z",
            "yes_price": 12,
            "no_price": 88,
            "taker_side": "no"
        },
        {
            "trade_id": "281d2404-1ccc-4497-bc55-e475f4ab5b0b",
            "ticker": "KXHIGHNY-24NOV29-B42.5",
            "count": 100,
            "created_time": "2024-11-28T18:22:20.051237Z",
            "yes_price": 13,
            "no_price": 87,
            "taker_side": "no"
        },
        {
            "trade_id": "e484cad4-c836-49d5-b1f5-9c005ccaa4d5",
            "ticker": "KXHIGHNY-24NOV29-B42.5",
            "count": 10,
            "created_time": "2024-11-28T17:46:27.717357Z",
            "yes_price": 12,
            "no_price": 88,
            "taker_side": "no"
        },
        {
            "trade_id": "12f12012-d83d-4255-9eb3-837a379efff9",
            "ticker": "KXHIGHNY-24NOV29-B42.5",
            "count": 25,
            "created_time": "2024-11-28T15:52:52.24799Z",
            "yes_price": 5,
            "no_price": 95,
            "taker_side": "no"
        },
        {
            "trade_id": "10445606-a692-48d9-9cdf-dfe518e07115",
            "ticker": "KXHIGHNY-24NOV29-B42.5",
            "count": 27,
            "created_time": "2024-11-28T15:18:06.539028Z",
            "yes_price": 10,
            "no_price": 90,
            "taker_side": "no"
        },
        {
            "trade_id": "a32dc5ce-a76a-4f7f-b7ec-6707869abaf9",
            "ticker": "KXHIGHNY-24NOV29-B42.5",
            "count": 1,
            "created_time": "2024-11-28T15:15:13.902942Z",
            "yes_price": 10,
            "no_price": 90,
            "taker_side": "no"
        },
        {
            "trade_id": "8287a9b6-538e-4213-8c06-e3a6cd281467",
            "ticker": "KXHIGHNY-24NOV29-B42.5",
            "count": 1,
            "created_time": "2024-11-28T15:12:31.488325Z",
            "yes_price": 17,
            "no_price": 83,
            "taker_side": "no"
        }
    ],
    "KXHIGHNY-24NOV29-B44.5": [
        {
            "trade_id": "f49c9e50-a59c-4984-8a60-1310494a593d",
            "ticker": "KXHIGHNY-24NOV29-B44.5",
            "count": 93,
            "created_time": "2024-11-30T02:08:40.040612Z",
            "yes_price": 1,
            "no_price": 99,
            "taker_side": "yes"
        },
        {
            "trade_id": "4d04326e-698c-4b87-8005-28ed467c7ab1",
            "ticker": "KXHIGHNY-24NOV29-B44.5",
            "count": 25,
            "created_time": "2024-11-30T00:13:02.673838Z",
            "yes_price": 1,
            "no_price": 99,
            "taker_side": "yes"
        },
        {
            "trade_id": "b514c363-65c4-450b-82d7-bd3dbf2b8c75",
            "ticker": "KXHIGHNY-24NOV29-B44.5",
            "count": 31,
            "created_time": "2024-11-29T23:21:45.655715Z",
            "yes_price": 1,
            "no_price": 99,
            "taker_side": "yes"
        },
        {
            "trade_id": "554c3161-8a68-4f81-a0dd-d62c2d1d727c",
            "ticker": "KXHIGHNY-24NOV29-B44.5",
            "count": 1870,
            "created_time": "2024-11-29T21:06:03.256204Z",
            "yes_price": 1,
            "no_price": 99,
            "taker_side": "yes"
        },
        {
            "trade_id": "fedf4146-83d2-4248-bd76-71aa2e1fca2d",
            "ticker": "KXHIGHNY-24NOV29-B44.5",
            "count": 187,
            "created_time": "2024-11-29T21:05:57.031814Z",
            "yes_price": 1,
            "no_price": 99,
            "taker_side": "yes"
        },
        {
            "trade_id": "c179d09b-953c-4153-a288-a8af89c380eb",
            "ticker": "KXHIGHNY-24NOV29-B44.5",
            "count": 1870,
            "created_time": "2024-11-29T21:02:22.73737Z",
            "yes_price": 1,
            "no_price": 99,
            "taker_side": "yes"
        },
        {
            "trade_id": "a2d49eb5-e0f6-48c1-a33f-6f22a49ac4fb",
            "ticker": "KXHIGHNY-24NOV29-B44.5",
            "count": 935,
            "created_time": "2024-11-29T20:38:35.557678Z",
            "yes_price": 1,
            "no_price": 99,
            "taker_side": "yes"
        },
        {
            "trade_id": "5683eca2-1d9a-4430-96f6-58b99cf44a6a",
            "ticker": "KXHIGHNY-24NOV29-B44.5",
            "count": 33,
            "created_time": "2024-11-29T18:41:25.306342Z",
            "yes_price": 1,
            "no_price": 99,
            "taker_side": "yes"
        },
        {
            "trade_id": "c55e0874-3465-4139-aac6-c95ddd532d05",
            "ticker": "KXHIGHNY-24NOV29-B44.5",
            "count": 935,
            "created_time": "2024-11-29T17:52:44.37855Z",
            "yes_price": 1,
            "no_price": 99,
            "taker_side": "yes"
        },
        {
            "trade_id": "39c88bdb-59c0-40be-9733-f6f94ab846f6",
            "ticker": "KXHIGHNY-24NOV29-B44.5",
            "count": 115,
            "created_time": "2024-11-29T17:31:01.380403Z",
            "yes_price": 1,
            "no_price": 99,
            "taker_side": "yes"
        },
        {
            "trade_id": "2627a66b-b850-4365-aa9a-d97f7fc10ce9",
            "ticker": "KXHIGHNY-24NOV29-B44.5",
            "count": 7,
            "created_time": "2024-11-29T17:16:43.75089Z",
            "yes_price": 1,
            "no_price": 99,
            "taker_side": "yes"
        },
        {
            "trade_id": "113edd99-1382-4a46-856c-b97c77367b67",
            "ticker": "KXHIGHNY-24NOV29-B44.5",
            "count": 467,
            "created_time": "2024-11-29T16:58:03.933675Z",
            "yes_price": 1,
            "no_price": 99,
            "taker_side": "yes"
        },
        {
            "trade_id": "87310876-aaca-43e8-9a8d-c76dbbb73a53",
            "ticker": "KXHIGHNY-24NOV29-B44.5",
            "count": 62,
            "created_time": "2024-11-29T16:57:11.01419Z",
            "yes_price": 1,
            "no_price": 99,
            "taker_side": "yes"
        },
        {
            "trade_id": "6fb1defd-6fd1-45df-b39a-21196ab40af2",
            "ticker": "KXHIGHNY-24NOV29-B44.5",
            "count": 32,
            "created_time": "2024-11-29T16:57:10.645009Z",
            "yes_price": 1,
            "no_price": 99,
            "taker_side": "yes"
        },
        {
            "trade_id": "a4b71422-31df-4039-ae7d-8f0971c025f4",
            "ticker": "KXHIGHNY-24NOV29-B44.5",
            "count": 1000,
            "created_time": "2024-11-29T16:56:28.583419Z",
            "yes_price": 1,
            "no_price": 99,
            "taker_side": "yes"
        },
        {
            "trade_id": "eebcb59c-de31-4d78-acd2-458d3629cd04",
            "ticker": "KXHIGHNY-24NOV29-B44.5",
            "count": 681,
            "created_time": "2024-11-29T16:56:14.018244Z",
            "yes_price": 1,
            "no_price": 99,
            "taker_side": "yes"
        },
        {
            "trade_id": "9b7fa965-2d29-425e-a279-9e1bd14cad18",
            "ticker": "KXHIGHNY-24NOV29-B44.5",
            "count": 3994,
            "created_time": "2024-11-29T16:56:14.018244Z",
            "yes_price": 1,
            "no_price": 99,
            "taker_side": "yes"
        },
        {
            "trade_id": "13122540-69b0-4e8d-9d2f-72bf5f56b903",
            "ticker": "KXHIGHNY-24NOV29-B44.5",
            "count": 156,
            "created_time": "2024-11-29T16:55:00.771351Z",
            "yes_price": 1,
            "no_price": 99,
            "taker_side": "yes"
        },
        {
            "trade_id": "6f0152ee-8f93-4aee-83f2-82f167ffa712",
            "ticker": "KXHIGHNY-24NOV29-B44.5",
            "count": 163,
            "created_time": "2024-11-29T16:54:10.281605Z",
            "yes_price": 1,
            "no_price": 99,
            "taker_side": "no"
        },
        {
            "trade_id": "cc18cb10-f432-4f71-9874-0c4edeb5851e",
            "ticker": "KXHIGHNY-24NOV29-B44.5",
            "count": 98,
            "created_time": "2024-11-29T16:54:10.06828Z",
            "yes_price": 2,
            "no_price": 98,
            "taker_side": "yes"
        },
        {
            "trade_id": "2de89fab-307b-4646-85ac-5bcbb9c82173",
            "ticker": "KXHIGHNY-24NOV29-B44.5",
            "count": 101,
            "created_time": "2024-11-29T16:54:10.049645Z",
            "yes_price": 1,
            "no_price": 99,
            "taker_side": "no"
        },
        {
            "trade_id": "72ae238a-21fe-4e89-8d51-e2f1f41da46d",
            "ticker": "KXHIGHNY-24NOV29-B44.5",
            "count": 489,
            "created_time": "2024-11-29T16:54:09.961543Z",
            "yes_price": 1,
            "no_price": 99,
            "taker_side": "no"
        },
        {
            "trade_id": "7c8c2813-36f0-4185-9b5d-416c82b4a501",
            "ticker": "KXHIGHNY-24NOV29-B44.5",
            "count": 24,
            "created_time": "2024-11-29T16:54:09.714542Z",
            "yes_price": 13,
            "no_price": 87,
            "taker_side": "no"
        },
        {
            "trade_id": "79d844fb-bfef-4710-bc78-b2540b5b71c5",
            "ticker": "KXHIGHNY-24NOV29-B44.5",
            "count": 17,
            "created_time": "2024-11-29T16:54:09.714542Z",
            "yes_price": 5,
            "no_price": 95,
            "taker_side": "no"
        },
        {
            "trade_id": "4f42a651-c43d-4518-9237-8ea94f915e48",
            "ticker": "KXHIGHNY-24NOV29-B44.5",
            "count": 120,
            "created_time": "2024-11-29T16:54:09.714542Z",
            "yes_price": 1,
            "no_price": 99,
            "taker_side": "no"
        },
        {
            "trade_id": "3c1d8217-68b1-437c-bb39-39fcfc576acd",
            "ticker": "KXHIGHNY-24NOV29-B44.5",
            "count": 247,
            "created_time": "2024-11-29T16:54:09.714542Z",
            "yes_price": 1,
            "no_price": 99,
            "taker_side": "no"
        },
        {
            "trade_id": "074c0f4a-fc38-4d7b-a056-92501181ac2e",
            "ticker": "KXHIGHNY-24NOV29-B44.5",
            "count": 98,
            "created_time": "2024-11-29T16:54:09.714542Z",
            "yes_price": 15,
            "no_price": 85,
            "taker_side": "no"
        },
        {
            "trade_id": "f3ae2e19-5f97-4cfb-8548-25437c0733a7",
            "ticker": "KXHIGHNY-24NOV29-B44.5",
            "count": 2,
            "created_time": "2024-11-29T16:53:26.99257Z",
            "yes_price": 15,
            "no_price": 85,
            "taker_side": "no"
        },
        {
            "trade_id": "e6e2f07d-0b9b-42b7-826f-22449b7ad9de",
            "ticker": "KXHIGHNY-24NOV29-B44.5",
            "count": 262,
            "created_time": "2024-11-29T16:52:43.861975Z",
            "yes_price": 18,
            "no_price": 82,
            "taker_side": "yes"
        },
        {
            "trade_id": "f8454fd2-f9c9-48ce-84c5-907e01bdf95f",
            "ticker": "KXHIGHNY-24NOV29-B44.5",
            "count": 100,
            "created_time": "2024-11-29T16:52:22.30969Z",
            "yes_price": 18,
            "no_price": 82,
            "taker_side": "yes"
        },
        {
            "trade_id": "c40994f8-d42e-40b4-8f02-78217a7d9296",
            "ticker": "KXHIGHNY-24NOV29-B44.5",
            "count": 133,
            "created_time": "2024-11-29T16:51:56.063877Z",
            "yes_price": 18,
            "no_price": 82,
            "taker_side": "yes"
        },
        {
            "trade_id": "010509c5-795b-4a30-bdf9-1715e6487dd9",
            "ticker": "KXHIGHNY-24NOV29-B44.5",
            "count": 137,
            "created_time": "2024-11-29T16:51:56.063877Z",
            "yes_price": 17,
            "no_price": 83,
            "taker_side": "yes"
        },
        {
            "trade_id": "524e3d0f-2f80-4a6b-bb82-f63d6aa040f3",
            "ticker": "KXHIGHNY-24NOV29-B44.5",
            "count": 116,
            "created_time": "2024-11-29T16:51:06.566473Z",
            "yes_price": 15,
            "no_price": 85,
            "taker_side": "no"
        },
        {
            "trade_id": "a2d4b2b2-7f9d-49b2-b416-cba790852cc5",
            "ticker": "KXHIGHNY-24NOV29-B44.5",
            "count": 10,
            "created_time": "2024-11-29T16:50:19.694108Z",
            "yes_price": 15,
            "no_price": 85,
            "taker_side": "no"
        },
        {
            "trade_id": "5f5dc096-ab96-4eb0-8130-7c8ca764e6e6",
            "ticker": "KXHIGHNY-24NOV29-B44.5",
            "count": 32,
            "created_time": "2024-11-29T16:48:52.401109Z",
            "yes_price": 15,
            "no_price": 85,
            "taker_side": "no"
        },
        {
            "trade_id": "c02a44a2-de1a-4c28-a85a-fcb4fc9362eb",
            "ticker": "KXHIGHNY-24NOV29-B44.5",
            "count": 72,
            "created_time": "2024-11-29T16:48:44.899302Z",
            "yes_price": 16,
            "no_price": 84,
            "taker_side": "no"
        },
        {
            "trade_id": "8f0be4bd-a7d3-4223-b697-eaa2d0c16010",
            "ticker": "KXHIGHNY-24NOV29-B44.5",
            "count": 17,
            "created_time": "2024-11-29T16:48:40.965537Z",
            "yes_price": 16,
            "no_price": 84,
            "taker_side": "no"
        },
        {
            "trade_id": "86e2f2d2-0410-4f31-9881-cb76f677fcdc",
            "ticker": "KXHIGHNY-24NOV29-B44.5",
            "count": 11,
            "created_time": "2024-11-29T16:47:45.408209Z",
            "yes_price": 16,
            "no_price": 84,
            "taker_side": "no"
        },
        {
            "trade_id": "ce9fd911-340b-4348-a56a-2a1bdfd54ccd",
            "ticker": "KXHIGHNY-24NOV29-B44.5",
            "count": 15,
            "created_time": "2024-11-29T16:47:04.3502Z",
            "yes_price": 16,
            "no_price": 84,
            "taker_side": "no"
        },
        {
            "trade_id": "91ef4bba-5ac0-40bc-83ad-19825fbdf801",
            "ticker": "KXHIGHNY-24NOV29-B44.5",
            "count": 742,
            "created_time": "2024-11-29T16:47:04.3502Z",
            "yes_price": 15,
            "no_price": 85,
            "taker_side": "no"
        },
        {
            "trade_id": "7f1064da-a21b-4024-beb9-a7cced07d814",
            "ticker": "KXHIGHNY-24NOV29-B44.5",
            "count": 3,
            "created_time": "2024-11-29T16:47:04.3502Z",
            "yes_price": 15,
            "no_price": 85,
            "taker_side": "no"
        },
        {
            "trade_id": "3c34295f-2320-411c-a8dd-ea460a756746",
            "ticker": "KXHIGHNY-24NOV29-B44.5",
            "count": 18,
            "created_time": "2024-11-29T16:47:04.3502Z",
            "yes_price": 17,
            "no_price": 83,
            "taker_side": "no"
        },
        {
            "trade_id": "3623b0b7-1229-4d20-83e0-682ac4c42056",
            "ticker": "KXHIGHNY-24NOV29-B44.5",
            "count": 96,
            "created_time": "2024-11-29T16:46:44.422688Z",
            "yes_price": 16,
            "no_price": 84,
            "taker_side": "no"
        },
        {
            "trade_id": "a9ff3755-4c02-415a-8e3a-a8fbd1ea9528",
            "ticker": "KXHIGHNY-24NOV29-B44.5",
            "count": 11,
            "created_time": "2024-11-29T16:45:56.819928Z",
            "yes_price": 16,
            "no_price": 84,
            "taker_side": "no"
        },
        {
            "trade_id": "6cb395c3-5823-4ee5-ad65-e60afeaa6e39",
            "ticker": "KXHIGHNY-24NOV29-B44.5",
            "count": 131,
            "created_time": "2024-11-29T16:43:55.536295Z",
            "yes_price": 22,
            "no_price": 78,
            "taker_side": "yes"
        },
        {
            "trade_id": "1220ff20-99d5-40a7-8092-c3393ceae18f",
            "ticker": "KXHIGHNY-24NOV29-B44.5",
            "count": 176,
            "created_time": "2024-11-29T16:43:55.536295Z",
            "yes_price": 21,
            "no_price": 79,
            "taker_side": "yes"
        },
        {
            "trade_id": "d7e13a9c-6822-4ddb-9332-53c4b0e09ef2",
            "ticker": "KXHIGHNY-24NOV29-B44.5",
            "count": 1,
            "created_time": "2024-11-29T16:43:29.497005Z",
            "yes_price": 32,
            "no_price": 68,
            "taker_side": "yes"
        },
        {
            "trade_id": "8fab25e2-ed19-4212-b90a-98b164940b0e",
            "ticker": "KXHIGHNY-24NOV29-B44.5",
            "count": 140,
            "created_time": "2024-11-29T16:43:29.497005Z",
            "yes_price": 20,
            "no_price": 80,
            "taker_side": "yes"
        },
        {
            "trade_id": "8d8af5c5-00cf-4ee3-b8fa-b8335d1cca44",
            "ticker": "KXHIGHNY-24NOV29-B44.5",
            "count": 7,
            "created_time": "2024-11-29T16:43:29.497005Z",
            "yes_price": 24,
            "no_price": 76,
            "taker_side": "yes"
        },
        {
            "trade_id": "6954deb1-e42c-4fb4-9f50-3aad6cf6a595",
            "ticker": "KXHIGHNY-24NOV29-B44.5",
            "count": 122,
            "created_time": "2024-11-29T16:43:29.497005Z",
            "yes_price": 23,
            "no_price": 77,
            "taker_side": "yes"
        },
        {
            "trade_id": "4d755a5e-b5d9-4626-9ad4-1a9374c6e64b",
            "ticker": "KXHIGHNY-24NOV29-B44.5",
            "count": 140,
            "created_time": "2024-11-29T16:43:29.497005Z",
            "yes_price": 21,
            "no_price": 79,
            "taker_side": "yes"
        },
        {
            "trade_id": "2460192c-25ee-4e61-99ef-ff462723f1bb",
            "ticker": "KXHIGHNY-24NOV29-B44.5",
            "count": 24,
            "created_time": "2024-11-29T16:43:29.497005Z",
            "yes_price": 21,
            "no_price": 79,
            "taker_side": "yes"
        },
        {
            "trade_id": "07a84d17-46c2-4598-ac6b-0a898508d697",
            "ticker": "KXHIGHNY-24NOV29-B44.5",
            "count": 10,
            "created_time": "2024-11-29T16:43:29.497005Z",
            "yes_price": 22,
            "no_price": 78,
            "taker_side": "yes"
        },
        {
            "trade_id": "1b011b26-1033-495b-890b-5cbc0d3751c3",
            "ticker": "KXHIGHNY-24NOV29-B44.5",
            "count": 49,
            "created_time": "2024-11-29T16:42:40.382677Z",
            "yes_price": 20,
            "no_price": 80,
            "taker_side": "yes"
        },
        {
            "trade_id": "ca2a5bf0-d3f6-4091-9d06-6c5c1a10993b",
            "ticker": "KXHIGHNY-24NOV29-B44.5",
            "count": 64,
            "created_time": "2024-11-29T16:42:22.13369Z",
            "yes_price": 20,
            "no_price": 80,
            "taker_side": "yes"
        },
        {
            "trade_id": "627cba23-55e0-4bfe-b843-1a360b0b472f",
            "ticker": "KXHIGHNY-24NOV29-B44.5",
            "count": 77,
            "created_time": "2024-11-29T16:42:22.13369Z",
            "yes_price": 21,
            "no_price": 79,
            "taker_side": "yes"
        },
        {
            "trade_id": "278e2543-c044-4ad0-a114-f57eab4ba027",
            "ticker": "KXHIGHNY-24NOV29-B44.5",
            "count": 47,
            "created_time": "2024-11-29T16:42:14.398861Z",
            "yes_price": 20,
            "no_price": 80,
            "taker_side": "yes"
        },
        {
            "trade_id": "f5397359-ea56-433e-9622-b5cae4bd7a63",
            "ticker": "KXHIGHNY-24NOV29-B44.5",
            "count": 1,
            "created_time": "2024-11-29T16:37:31.721929Z",
            "yes_price": 24,
            "no_price": 76,
            "taker_side": "yes"
        },
        {
            "trade_id": "0c6cd62a-8b82-422f-9b3c-15de2109d5d3",
            "ticker": "KXHIGHNY-24NOV29-B44.5",
            "count": 79,
            "created_time": "2024-11-29T16:36:58.415719Z",
            "yes_price": 15,
            "no_price": 85,
            "taker_side": "no"
        },
        {
            "trade_id": "b3633b4a-b5ae-443f-acf8-02000b54cf47",
            "ticker": "KXHIGHNY-24NOV29-B44.5",
            "count": 5,
            "created_time": "2024-11-29T16:35:54.972119Z",
            "yes_price": 17,
            "no_price": 83,
            "taker_side": "no"
        },
        {
            "trade_id": "49aa4191-7616-4a95-818c-36541314d9a6",
            "ticker": "KXHIGHNY-24NOV29-B44.5",
            "count": 2,
            "created_time": "2024-11-29T16:35:54.972119Z",
            "yes_price": 16,
            "no_price": 84,
            "taker_side": "no"
        },
        {
            "trade_id": "0fd5a8f2-990e-4aa7-bf7f-6398bd3e7beb",
            "ticker": "KXHIGHNY-24NOV29-B44.5",
            "count": 18,
            "created_time": "2024-11-29T16:35:54.972119Z",
            "yes_price": 15,
            "no_price": 85,
            "taker_side": "no"
        },
        {
            "trade_id": "58350dc3-ff60-45db-b695-28002ed251c6",
            "ticker": "KXHIGHNY-24NOV29-B44.5",
            "count": 2,
            "created_time": "2024-11-29T16:31:32.232534Z",
            "yes_price": 24,
            "no_price": 76,
            "taker_side": "yes"
        },
        {
            "trade_id": "044e965c-017c-4161-b545-25af1679cef9",
            "ticker": "KXHIGHNY-24NOV29-B44.5",
            "count": 3,
            "created_time": "2024-11-29T16:29:18.457502Z",
            "yes_price": 25,
            "no_price": 75,
            "taker_side": "yes"
        },
        {
            "trade_id": "f9649b9d-b6f1-4bce-a05c-7081a2c614b2",
            "ticker": "KXHIGHNY-24NOV29-B44.5",
            "count": 5,
            "created_time": "2024-11-29T16:24:48.583587Z",
            "yes_price": 25,
            "no_price": 75,
            "taker_side": "yes"
        },
        {
            "trade_id": "984940a2-2437-45f6-819c-da526b524c46",
            "ticker": "KXHIGHNY-24NOV29-B44.5",
            "count": 63,
            "created_time": "2024-11-29T16:24:48.583587Z",
            "yes_price": 25,
            "no_price": 75,
            "taker_side": "yes"
        },
        {
            "trade_id": "49a04ae0-3049-4abf-abeb-6c86cd27bf0c",
            "ticker": "KXHIGHNY-24NOV29-B44.5",
            "count": 22,
            "created_time": "2024-11-29T16:24:48.583587Z",
            "yes_price": 24,
            "no_price": 76,
            "taker_side": "yes"
        },
        {
            "trade_id": "3556dcf9-98e9-4960-8a38-39ccc90bd921",
            "ticker": "KXHIGHNY-24NOV29-B44.5",
            "count": 60,
            "created_time": "2024-11-29T16:24:48.583587Z",
            "yes_price": 26,
            "no_price": 74,
            "taker_side": "yes"
        },
        {
            "trade_id": "09c7e29d-60e5-4a5c-8b95-208a81103f49",
            "ticker": "KXHIGHNY-24NOV29-B44.5",
            "count": 156,
            "created_time": "2024-11-29T16:21:21.51945Z",
            "yes_price": 13,
            "no_price": 87,
            "taker_side": "no"
        },
        {
            "trade_id": "1f183329-f7b7-4f3f-9e72-fec192872a4f",
            "ticker": "KXHIGHNY-24NOV29-B44.5",
            "count": 320,
            "created_time": "2024-11-29T16:19:10.251117Z",
            "yes_price": 13,
            "no_price": 87,
            "taker_side": "no"
        },
        {
            "trade_id": "d643bb82-ae7f-4aee-85fc-9beb127b6186",
            "ticker": "KXHIGHNY-24NOV29-B44.5",
            "count": 28,
            "created_time": "2024-11-29T16:17:55.229024Z",
            "yes_price": 25,
            "no_price": 75,
            "taker_side": "yes"
        },
        {
            "trade_id": "abed97fa-506e-45ef-8c39-5877c4b45e9d",
            "ticker": "KXHIGHNY-24NOV29-B44.5",
            "count": 9,
            "created_time": "2024-11-29T16:15:14.400407Z",
            "yes_price": 29,
            "no_price": 71,
            "taker_side": "yes"
        },
        {
            "trade_id": "ab6fff70-3032-4008-94af-e811bd1c2af3",
            "ticker": "KXHIGHNY-24NOV29-B44.5",
            "count": 71,
            "created_time": "2024-11-29T16:14:34.740815Z",
            "yes_price": 11,
            "no_price": 89,
            "taker_side": "no"
        },
        {
            "trade_id": "a43feb97-b2c0-446c-90a5-1c5d42fe7d09",
            "ticker": "KXHIGHNY-24NOV29-B44.5",
            "count": 14,
            "created_time": "2024-11-29T16:14:34.740815Z",
            "yes_price": 20,
            "no_price": 80,
            "taker_side": "no"
        },
        {
            "trade_id": "6a03c07e-2903-4acd-aaad-0f3f5fad5611",
            "ticker": "KXHIGHNY-24NOV29-B44.5",
            "count": 5,
            "created_time": "2024-11-29T16:14:34.740815Z",
            "yes_price": 21,
            "no_price": 79,
            "taker_side": "no"
        },
        {
            "trade_id": "2cedd54e-59a8-4883-ba7e-9ff92a707e41",
            "ticker": "KXHIGHNY-24NOV29-B44.5",
            "count": 25,
            "created_time": "2024-11-29T16:14:34.740815Z",
            "yes_price": 20,
            "no_price": 80,
            "taker_side": "no"
        },
        {
            "trade_id": "a61769cd-90c8-4810-9d36-c23a580b6a97",
            "ticker": "KXHIGHNY-24NOV29-B44.5",
            "count": 15,
            "created_time": "2024-11-29T16:12:53.219941Z",
            "yes_price": 23,
            "no_price": 77,
            "taker_side": "no"
        },
        {
            "trade_id": "e007e498-421f-47ff-8364-f3460c202f6e",
            "ticker": "KXHIGHNY-24NOV29-B44.5",
            "count": 22,
            "created_time": "2024-11-29T16:12:01.744088Z",
            "yes_price": 23,
            "no_price": 77,
            "taker_side": "no"
        },
        {
            "trade_id": "a98763fe-a1ae-4ed7-8241-747668a90a7d",
            "ticker": "KXHIGHNY-24NOV29-B44.5",
            "count": 100,
            "created_time": "2024-11-29T16:12:01.744088Z",
            "yes_price": 24,
            "no_price": 76,
            "taker_side": "no"
        },
        {
            "trade_id": "63ee53ab-34aa-4c00-aabc-48bc1c7765d3",
            "ticker": "KXHIGHNY-24NOV29-B44.5",
            "count": 15,
            "created_time": "2024-11-29T16:12:01.744088Z",
            "yes_price": 27,
            "no_price": 73,
            "taker_side": "no"
        },
        {
            "trade_id": "591b9821-9686-4721-ae79-50d49d58259c",
            "ticker": "KXHIGHNY-24NOV29-B44.5",
            "count": 84,
            "created_time": "2024-11-29T16:12:01.744088Z",
            "yes_price": 25,
            "no_price": 75,
            "taker_side": "no"
        },
        {
            "trade_id": "9d6e41e5-e54d-45a1-94ae-8adaa324249c",
            "ticker": "KXHIGHNY-24NOV29-B44.5",
            "count": 18,
            "created_time": "2024-11-29T16:05:14.973998Z",
            "yes_price": 25,
            "no_price": 75,
            "taker_side": "no"
        },
        {
            "trade_id": "3efe0209-cab5-434c-ade6-e3ddd817b275",
            "ticker": "KXHIGHNY-24NOV29-B44.5",
            "count": 6,
            "created_time": "2024-11-29T16:05:14.973998Z",
            "yes_price": 25,
            "no_price": 75,
            "taker_side": "no"
        },
        {
            "trade_id": "ec3d3d09-2266-4d9d-895e-05f52340bee3",
            "ticker": "KXHIGHNY-24NOV29-B44.5",
            "count": 70,
            "created_time": "2024-11-29T16:04:11.582882Z",
            "yes_price": 41,
            "no_price": 59,
            "taker_side": "yes"
        },
        {
            "trade_id": "d6b47023-1fa3-4ced-9f07-42f921882c5f",
            "ticker": "KXHIGHNY-24NOV29-B44.5",
            "count": 38,
            "created_time": "2024-11-29T16:04:11.582882Z",
            "yes_price": 41,
            "no_price": 59,
            "taker_side": "yes"
        },
        {
            "trade_id": "bde6e171-cc2f-4cdb-aec0-6eb87bb1814c",
            "ticker": "KXHIGHNY-24NOV29-B44.5",
            "count": 1,
            "created_time": "2024-11-29T16:04:11.582882Z",
            "yes_price": 40,
            "no_price": 60,
            "taker_side": "yes"
        },
        {
            "trade_id": "71302471-4536-4f62-8b80-dcd25f0cddde",
            "ticker": "KXHIGHNY-24NOV29-B44.5",
            "count": 1,
            "created_time": "2024-11-29T16:04:11.582882Z",
            "yes_price": 40,
            "no_price": 60,
            "taker_side": "yes"
        },
        {
            "trade_id": "1748ef34-b393-461b-89c0-a2ba79fb9b41",
            "ticker": "KXHIGHNY-24NOV29-B44.5",
            "count": 88,
            "created_time": "2024-11-29T16:04:11.582882Z",
            "yes_price": 41,
            "no_price": 59,
            "taker_side": "yes"
        },
        {
            "trade_id": "0d0580d1-b252-4d45-9328-add41016a9dd",
            "ticker": "KXHIGHNY-24NOV29-B44.5",
            "count": 37,
            "created_time": "2024-11-29T16:04:11.582882Z",
            "yes_price": 40,
            "no_price": 60,
            "taker_side": "yes"
        },
        {
            "trade_id": "bd5a9c96-3738-4d9b-b63d-412d9e0cf293",
            "ticker": "KXHIGHNY-24NOV29-B44.5",
            "count": 59,
            "created_time": "2024-11-29T16:00:07.496513Z",
            "yes_price": 40,
            "no_price": 60,
            "taker_side": "yes"
        },
        {
            "trade_id": "607d7a4d-af21-4bf6-b01d-99d52449efea",
            "ticker": "KXHIGHNY-24NOV29-B44.5",
            "count": 152,
            "created_time": "2024-11-29T16:00:07.496513Z",
            "yes_price": 41,
            "no_price": 59,
            "taker_side": "yes"
        },
        {
            "trade_id": "2079fb8e-659a-45f0-9d66-e9238a334992",
            "ticker": "KXHIGHNY-24NOV29-B44.5",
            "count": 25,
            "created_time": "2024-11-29T16:00:07.496513Z",
            "yes_price": 39,
            "no_price": 61,
            "taker_side": "yes"
        },
        {
            "trade_id": "b2f901f6-496a-43fc-8252-b444c865fc19",
            "ticker": "KXHIGHNY-24NOV29-B44.5",
            "count": 1,
            "created_time": "2024-11-29T15:58:40.662139Z",
            "yes_price": 40,
            "no_price": 60,
            "taker_side": "yes"
        },
        {
            "trade_id": "f1eb15da-1af6-4b71-a592-9fe5d9f10784",
            "ticker": "KXHIGHNY-24NOV29-B44.5",
            "count": 50,
            "created_time": "2024-11-29T15:57:58.540219Z",
            "yes_price": 28,
            "no_price": 72,
            "taker_side": "no"
        },
        {
            "trade_id": "d6c49530-35b7-4751-8d32-da7ac81e48f8",
            "ticker": "KXHIGHNY-24NOV29-B44.5",
            "count": 5,
            "created_time": "2024-11-29T15:57:58.540219Z",
            "yes_price": 23,
            "no_price": 77,
            "taker_side": "no"
        },
        {
            "trade_id": "c0721ee1-4763-4e80-b2c0-da82e3e3c299",
            "ticker": "KXHIGHNY-24NOV29-B44.5",
            "count": 60,
            "created_time": "2024-11-29T15:57:58.540219Z",
            "yes_price": 30,
            "no_price": 70,
            "taker_side": "no"
        },
        {
            "trade_id": "39d478cc-06ec-4e09-8730-b9ea2b8561d9",
            "ticker": "KXHIGHNY-24NOV29-B44.5",
            "count": 49,
            "created_time": "2024-11-29T15:57:58.540219Z",
            "yes_price": 29,
            "no_price": 71,
            "taker_side": "no"
        },
        {
            "trade_id": "324e0170-f3e2-4d8f-8c73-d3001afc3370",
            "ticker": "KXHIGHNY-24NOV29-B44.5",
            "count": 64,
            "created_time": "2024-11-29T15:57:58.540219Z",
            "yes_price": 30,
            "no_price": 70,
            "taker_side": "no"
        },
        {
            "trade_id": "1305c16a-ce46-4033-a74b-8fe675c19f11",
            "ticker": "KXHIGHNY-24NOV29-B44.5",
            "count": 99,
            "created_time": "2024-11-29T15:57:58.540219Z",
            "yes_price": 31,
            "no_price": 69,
            "taker_side": "no"
        },
        {
            "trade_id": "12f7a85b-309b-4e80-8286-38172b2bb191",
            "ticker": "KXHIGHNY-24NOV29-B44.5",
            "count": 44,
            "created_time": "2024-11-29T15:57:58.540219Z",
            "yes_price": 23,
            "no_price": 77,
            "taker_side": "no"
        },
        {
            "trade_id": "ffdb7299-5d0f-4984-ab78-9fc53218f04f",
            "ticker": "KXHIGHNY-24NOV29-B44.5",
            "count": 1,
            "created_time": "2024-11-29T15:57:46.372119Z",
            "yes_price": 31,
            "no_price": 69,
            "taker_side": "no"
        },
        {
            "trade_id": "bf78c589-1f08-4ad8-8d23-e153ba34ac1e",
            "ticker": "KXHIGHNY-24NOV29-B44.5",
            "count": 4,
            "created_time": "2024-11-29T15:52:29.935935Z",
            "yes_price": 47,
            "no_price": 53,
            "taker_side": "yes"
        },
        {
            "trade_id": "d7a242b1-281c-4204-8a85-d7c8559b019c",
            "ticker": "KXHIGHNY-24NOV29-B44.5",
            "count": 1,
            "created_time": "2024-11-29T15:47:15.605969Z",
            "yes_price": 29,
            "no_price": 71,
            "taker_side": "no"
        },
        {
            "trade_id": "52e26936-869d-4a51-9f66-fbcae68e12a2",
            "ticker": "KXHIGHNY-24NOV29-B44.5",
            "count": 30,
            "created_time": "2024-11-29T15:47:15.605969Z",
            "yes_price": 30,
            "no_price": 70,
            "taker_side": "no"
        },
        {
            "trade_id": "6f5e7090-009b-4df5-ab80-19b161da54b7",
            "ticker": "KXHIGHNY-24NOV29-B44.5",
            "count": 7,
            "created_time": "2024-11-29T15:45:53.814036Z",
            "yes_price": 41,
            "no_price": 59,
            "taker_side": "yes"
        },
        {
            "trade_id": "090276a2-0829-46af-83ec-28e4cea10450",
            "ticker": "KXHIGHNY-24NOV29-B44.5",
            "count": 23,
            "created_time": "2024-11-29T15:42:05.654788Z",
            "yes_price": 41,
            "no_price": 59,
            "taker_side": "yes"
        },
        {
            "trade_id": "3ca11eb9-59d1-4f55-bb72-812c3f29bb4c",
            "ticker": "KXHIGHNY-24NOV29-B44.5",
            "count": 2,
            "created_time": "2024-11-29T15:41:40.912354Z",
            "yes_price": 41,
            "no_price": 59,
            "taker_side": "yes"
        },
        {
            "trade_id": "86a90d13-5110-4b73-9d64-a89514928ca1",
            "ticker": "KXHIGHNY-24NOV29-B44.5",
            "count": 23,
            "created_time": "2024-11-29T15:41:38.290743Z",
            "yes_price": 41,
            "no_price": 59,
            "taker_side": "yes"
        },
        {
            "trade_id": "0e189aee-2df5-4595-b8f5-2afd8c849986",
            "ticker": "KXHIGHNY-24NOV29-B44.5",
            "count": 32,
            "created_time": "2024-11-29T15:40:47.110306Z",
            "yes_price": 40,
            "no_price": 60,
            "taker_side": "yes"
        },
        {
            "trade_id": "0a603ecb-adc4-4ecc-bcce-0a6681f7abc1",
            "ticker": "KXHIGHNY-24NOV29-B44.5",
            "count": 24,
            "created_time": "2024-11-29T15:40:47.110306Z",
            "yes_price": 41,
            "no_price": 59,
            "taker_side": "yes"
        },
        {
            "trade_id": "f15e54eb-d028-4a07-bdea-41285cf8038a",
            "ticker": "KXHIGHNY-24NOV29-B44.5",
            "count": 30,
            "created_time": "2024-11-29T15:37:01.326022Z",
            "yes_price": 35,
            "no_price": 65,
            "taker_side": "yes"
        },
        {
            "trade_id": "df3bcca5-8d9d-4a82-9a57-3da8fef1f062",
            "ticker": "KXHIGHNY-24NOV29-B44.5",
            "count": 21,
            "created_time": "2024-11-29T15:37:01.326022Z",
            "yes_price": 41,
            "no_price": 59,
            "taker_side": "yes"
        },
        {
            "trade_id": "de46e821-dbeb-4147-9e70-8a185f54d98b",
            "ticker": "KXHIGHNY-24NOV29-B44.5",
            "count": 36,
            "created_time": "2024-11-29T15:32:56.825793Z",
            "yes_price": 42,
            "no_price": 58,
            "taker_side": "yes"
        },
        {
            "trade_id": "66532066-8f39-4c27-bd67-b67a8bba0519",
            "ticker": "KXHIGHNY-24NOV29-B44.5",
            "count": 30,
            "created_time": "2024-11-29T15:32:56.825793Z",
            "yes_price": 40,
            "no_price": 60,
            "taker_side": "yes"
        },
        {
            "trade_id": "63fbd6dc-4433-428b-9978-352166874a2e",
            "ticker": "KXHIGHNY-24NOV29-B44.5",
            "count": 76,
            "created_time": "2024-11-29T15:32:56.825793Z",
            "yes_price": 40,
            "no_price": 60,
            "taker_side": "yes"
        },
        {
            "trade_id": "0635902c-77e7-4ff1-b6fc-a7b18c1c4538",
            "ticker": "KXHIGHNY-24NOV29-B44.5",
            "count": 4,
            "created_time": "2024-11-29T15:31:27.961268Z",
            "yes_price": 41,
            "no_price": 59,
            "taker_side": "yes"
        },
        {
            "trade_id": "ee31649a-2a65-45f1-adaf-453b7d775aff",
            "ticker": "KXHIGHNY-24NOV29-B44.5",
            "count": 77,
            "created_time": "2024-11-29T15:27:59.16686Z",
            "yes_price": 24,
            "no_price": 76,
            "taker_side": "no"
        },
        {
            "trade_id": "699fe0dd-14b4-4abd-9f57-5f9662428489",
            "ticker": "KXHIGHNY-24NOV29-B44.5",
            "count": 10,
            "created_time": "2024-11-29T15:27:59.16686Z",
            "yes_price": 28,
            "no_price": 72,
            "taker_side": "no"
        },
        {
            "trade_id": "1e96b7d8-3163-4f7e-b5d2-9a6b04152854",
            "ticker": "KXHIGHNY-24NOV29-B44.5",
            "count": 1,
            "created_time": "2024-11-29T15:27:59.16686Z",
            "yes_price": 24,
            "no_price": 76,
            "taker_side": "no"
        },
        {
            "trade_id": "fb0519f9-3492-450d-8996-2d7632deb749",
            "ticker": "KXHIGHNY-24NOV29-B44.5",
            "count": 35,
            "created_time": "2024-11-29T15:22:57.946139Z",
            "yes_price": 41,
            "no_price": 59,
            "taker_side": "yes"
        },
        {
            "trade_id": "a8811683-e19a-4c08-8601-9dcb47e341aa",
            "ticker": "KXHIGHNY-24NOV29-B44.5",
            "count": 22,
            "created_time": "2024-11-29T15:22:57.946139Z",
            "yes_price": 42,
            "no_price": 58,
            "taker_side": "yes"
        },
        {
            "trade_id": "51a817d1-9cdd-4b5d-bbe4-b7a589bdcf04",
            "ticker": "KXHIGHNY-24NOV29-B44.5",
            "count": 59,
            "created_time": "2024-11-29T15:22:57.946139Z",
            "yes_price": 41,
            "no_price": 59,
            "taker_side": "yes"
        },
        {
            "trade_id": "efbc6963-515e-443d-9187-ef20b85d0329",
            "ticker": "KXHIGHNY-24NOV29-B44.5",
            "count": 209,
            "created_time": "2024-11-29T15:22:43.163296Z",
            "yes_price": 40,
            "no_price": 60,
            "taker_side": "yes"
        },
        {
            "trade_id": "960c2ed6-135a-4895-af09-5f832c05f8e2",
            "ticker": "KXHIGHNY-24NOV29-B44.5",
            "count": 1,
            "created_time": "2024-11-29T15:22:43.163296Z",
            "yes_price": 40,
            "no_price": 60,
            "taker_side": "yes"
        },
        {
            "trade_id": "81312cd9-1de0-463a-b22f-6be76e2f385b",
            "ticker": "KXHIGHNY-24NOV29-B44.5",
            "count": 100,
            "created_time": "2024-11-29T15:22:43.163296Z",
            "yes_price": 40,
            "no_price": 60,
            "taker_side": "yes"
        },
        {
            "trade_id": "51815db6-f814-4648-8623-31047943ad93",
            "ticker": "KXHIGHNY-24NOV29-B44.5",
            "count": 43,
            "created_time": "2024-11-29T15:22:43.163296Z",
            "yes_price": 41,
            "no_price": 59,
            "taker_side": "yes"
        },
        {
            "trade_id": "2de395d3-e466-4ee5-9a3b-e88f6aefad80",
            "ticker": "KXHIGHNY-24NOV29-B44.5",
            "count": 5,
            "created_time": "2024-11-29T15:22:43.163296Z",
            "yes_price": 39,
            "no_price": 61,
            "taker_side": "yes"
        },
        {
            "trade_id": "051b4255-bbff-4cdb-a66f-d9f83b81e402",
            "ticker": "KXHIGHNY-24NOV29-B44.5",
            "count": 2,
            "created_time": "2024-11-29T15:15:59.640674Z",
            "yes_price": 40,
            "no_price": 60,
            "taker_side": "no"
        },
        {
            "trade_id": "eb5e1035-0a3c-47f2-9b3e-2bf1622eac89",
            "ticker": "KXHIGHNY-24NOV29-B44.5",
            "count": 68,
            "created_time": "2024-11-29T15:14:42.690273Z",
            "yes_price": 42,
            "no_price": 58,
            "taker_side": "yes"
        },
        {
            "trade_id": "fbc76fff-a0a5-43d4-9d2f-9827f662591a",
            "ticker": "KXHIGHNY-24NOV29-B44.5",
            "count": 1,
            "created_time": "2024-11-29T15:10:54.993407Z",
            "yes_price": 41,
            "no_price": 59,
            "taker_side": "no"
        },
        {
            "trade_id": "17f39061-9b46-41fe-8962-cc982d961c27",
            "ticker": "KXHIGHNY-24NOV29-B44.5",
            "count": 14,
            "created_time": "2024-11-29T15:07:01.193556Z",
            "yes_price": 41,
            "no_price": 59,
            "taker_side": "no"
        },
        {
            "trade_id": "a7fdd2eb-05ed-43af-828e-f0276ce77356",
            "ticker": "KXHIGHNY-24NOV29-B44.5",
            "count": 17,
            "created_time": "2024-11-29T15:06:10.212512Z",
            "yes_price": 41,
            "no_price": 59,
            "taker_side": "no"
        },
        {
            "trade_id": "bc07533e-52d7-4ae5-816f-255ffc5bcf4d",
            "ticker": "KXHIGHNY-24NOV29-B44.5",
            "count": 13,
            "created_time": "2024-11-29T15:04:22.746161Z",
            "yes_price": 40,
            "no_price": 60,
            "taker_side": "no"
        },
        {
            "trade_id": "028d978d-6ea0-45ab-9167-76c534c35eb0",
            "ticker": "KXHIGHNY-24NOV29-B44.5",
            "count": 16,
            "created_time": "2024-11-29T15:04:11.348996Z",
            "yes_price": 40,
            "no_price": 60,
            "taker_side": "no"
        },
        {
            "trade_id": "87d9ad93-c639-4f58-8f58-9196b8886645",
            "ticker": "KXHIGHNY-24NOV29-B44.5",
            "count": 21,
            "created_time": "2024-11-29T15:03:14.360322Z",
            "yes_price": 56,
            "no_price": 44,
            "taker_side": "yes"
        },
        {
            "trade_id": "7caed645-d23d-468e-b46a-d847a0c69f57",
            "ticker": "KXHIGHNY-24NOV29-B44.5",
            "count": 20,
            "created_time": "2024-11-29T15:03:14.360322Z",
            "yes_price": 44,
            "no_price": 56,
            "taker_side": "yes"
        },
        {
            "trade_id": "62170d2c-7663-4e36-b7c3-0815f0cf2e18",
            "ticker": "KXHIGHNY-24NOV29-B44.5",
            "count": 10,
            "created_time": "2024-11-29T15:03:14.360322Z",
            "yes_price": 52,
            "no_price": 48,
            "taker_side": "yes"
        },
        {
            "trade_id": "38b00e90-1dea-4077-912f-fc50b65b858d",
            "ticker": "KXHIGHNY-24NOV29-B44.5",
            "count": 31,
            "created_time": "2024-11-29T15:03:14.360322Z",
            "yes_price": 44,
            "no_price": 56,
            "taker_side": "yes"
        },
        {
            "trade_id": "15765901-ceb6-4d63-9d59-46e40d2306da",
            "ticker": "KXHIGHNY-24NOV29-B44.5",
            "count": 20,
            "created_time": "2024-11-29T15:03:14.360322Z",
            "yes_price": 43,
            "no_price": 57,
            "taker_side": "yes"
        },
        {
            "trade_id": "2a22182f-d6f7-467f-a23d-12e0b554ffde",
            "ticker": "KXHIGHNY-24NOV29-B44.5",
            "count": 144,
            "created_time": "2024-11-29T15:02:08.671279Z",
            "yes_price": 30,
            "no_price": 70,
            "taker_side": "no"
        },
        {
            "trade_id": "747beb5d-ffe9-4be5-aa75-bdb0fd9a6a26",
            "ticker": "KXHIGHNY-24NOV29-B44.5",
            "count": 80,
            "created_time": "2024-11-29T15:01:42.112441Z",
            "yes_price": 31,
            "no_price": 69,
            "taker_side": "no"
        },
        {
            "trade_id": "5ff53dcf-fcc8-4ccb-a3d7-483687248a1f",
            "ticker": "KXHIGHNY-24NOV29-B44.5",
            "count": 61,
            "created_time": "2024-11-29T15:01:42.112441Z",
            "yes_price": 31,
            "no_price": 69,
            "taker_side": "no"
        },
        {
            "trade_id": "fcda5994-9bf1-470b-8a07-af31362d388d",
            "ticker": "KXHIGHNY-24NOV29-B44.5",
            "count": 183,
            "created_time": "2024-11-29T15:01:22.090798Z",
            "yes_price": 35,
            "no_price": 65,
            "taker_side": "no"
        },
        {
            "trade_id": "e02250d0-7bfb-42b7-b399-f1c4dbee8626",
            "ticker": "KXHIGHNY-24NOV29-B44.5",
            "count": 120,
            "created_time": "2024-11-29T15:01:22.090798Z",
            "yes_price": 31,
            "no_price": 69,
            "taker_side": "no"
        },
        {
            "trade_id": "65c9f960-8265-490f-bc28-e44f7198ef9a",
            "ticker": "KXHIGHNY-24NOV29-B44.5",
            "count": 4,
            "created_time": "2024-11-29T15:01:22.090798Z",
            "yes_price": 32,
            "no_price": 68,
            "taker_side": "no"
        },
        {
            "trade_id": "0a5424e0-ab31-4f53-95c6-629b55544d3f",
            "ticker": "KXHIGHNY-24NOV29-B44.5",
            "count": 38,
            "created_time": "2024-11-29T15:01:12.939473Z",
            "yes_price": 35,
            "no_price": 65,
