{
    "HIGHNY-24APR27-T57": [
        {
            "trade_id": "c18f6084-b734-4992-9878-170798d2ed9a",
            "ticker": "HIGHNY-24APR27-T57",
            "count": 11,
            "created_time": "2024-04-28T00:30:59.039943Z",
            "yes_price": 1,
            "no_price": 99,
            "taker_side": "yes"
        }
    ],
    "HIGHNY-24APR27-B57.5": [
        {
            "trade_id": "3ea3bbac-9431-4cc1-b324-9a9744bfebd6",
            "ticker": "HIGHNY-24APR27-B57.5",
            "count": 187,
            "created_time": "2024-04-27T15:51:18.431536Z",
            "yes_price": 1,
            "no_price": 99,
            "taker_side": "yes"
        }
    ],
    "HIGHNY-24APR27-B59.5": [
        {
            "trade_id": "b615e0a5-6288-49b4-b603-d12a21c4ad20",
            "ticker": "HIGHNY-24APR27-B59.5",
            "count": 467,
            "created_time": "2024-04-28T00:20:57.52229Z",
            "yes_price": 1,
            "no_price": 99,
            "taker_side": "yes"
        },
        {
            "trade_id": "1f816660-cca0-4e32-a86d-7f0c1096c17b",
            "ticker": "HIGHNY-24APR27-B59.5",
            "count": 5,
            "created_time": "2024-04-27T22:12:01.548872Z",
            "yes_price": 1,
            "no_price": 99,
            "taker_side": "yes"
        },
        {
            "trade_id": "4d463af9-2dbd-4147-932f-5d13e04d3fc6",
            "ticker": "HIGHNY-24APR27-B59.5",
            "count": 93,
            "created_time": "2024-04-27T20:00:17.551328Z",
            "yes_price": 1,
            "no_price": 99,
            "taker_side": "yes"
        },
        {
            "trade_id": "047baf14-8f3e-4973-a7b3-10f5c76c3639",
            "ticker": "HIGHNY-24APR27-B59.5",
            "count": 374,
            "created_time": "2024-04-27T19:59:30.089658Z",
            "yes_price": 1,
            "no_price": 99,
            "taker_side": "yes"
        },
        {
            "trade_id": "9f62a75b-b59a-4f76-a935-a7aa389d7402",
            "ticker": "HIGHNY-24APR27-B59.5",
            "count": 280,
            "created_time": "2024-04-27T19:58:24.201789Z",
            "yes_price": 1,
            "no_price": 99,
            "taker_side": "yes"
        },
        {
            "trade_id": "f7cd5aab-0ab4-4ee1-a643-8816f83af13c",
            "ticker": "HIGHNY-24APR27-B59.5",
            "count": 9351,
            "created_time": "2024-04-27T18:53:36.67109Z",
            "yes_price": 1,
            "no_price": 99,
            "taker_side": "yes"
        },
        {
            "trade_id": "15a7678d-ae86-44c7-b651-548d7023af55",
            "ticker": "HIGHNY-24APR27-B59.5",
            "count": 6,
            "created_time": "2024-04-27T15:02:56.52831Z",
            "yes_price": 17,
            "no_price": 83,
            "taker_side": "yes"
        },
        {
            "trade_id": "13a9d754-7fad-4a6a-9e2d-8ffa3e799257",
            "ticker": "HIGHNY-24APR27-B59.5",
            "count": 11,
            "created_time": "2024-04-27T14:11:09.63963Z",
            "yes_price": 17,
            "no_price": 83,
            "taker_side": "yes"
        },
        {
            "trade_id": "72ee772d-2785-4621-93d9-f35b59b49f86",
            "ticker": "HIGHNY-24APR27-B59.5",
            "count": 1,
            "created_time": "2024-04-27T12:04:55.36911Z",
            "yes_price": 15,
            "no_price": 85,
            "taker_side": "yes"
        },
        {
            "trade_id": "22ca906c-4786-4c0f-9f2c-29e26e9b4edf",
            "ticker": "HIGHNY-24APR27-B59.5",
            "count": 19,
            "created_time": "2024-04-27T12:04:55.36911Z",
            "yes_price": 16,
            "no_price": 84,
            "taker_side": "yes"
        },
        {
            "trade_id": "2cb6dd72-1d3a-496c-8280-569e2179196e",
            "ticker": "HIGHNY-24APR27-B59.5",
            "count": 5,
            "created_time": "2024-04-26T23:06:11.256662Z",
            "yes_price": 8,
            "no_price": 92,
            "taker_side": "no"
        },
        {
            "trade_id": "14c1840e-dfb7-4514-bc5a-1f5300e6c00f",
            "ticker": "HIGHNY-24APR27-B59.5",
            "count": 37,
            "created_time": "2024-04-26T21:32:27.798809Z",
            "yes_price": 10,
            "no_price": 90,
            "taker_side": "yes"
        },
        {
            "trade_id": "b692427a-3698-43ea-9af2-f1f792009742",
            "ticker": "HIGHNY-24APR27-B59.5",
            "count": 63,
            "created_time": "2024-04-26T21:32:27.775724Z",
            "yes_price": 10,
            "no_price": 90,
            "taker_side": "yes"
        }
    ],
    "HIGHNY-24APR27-B61.5": [
        {
            "trade_id": "51135b4a-0baf-4899-b2f8-87f08d57c91e",
            "ticker": "HIGHNY-24APR27-B61.5",
            "count": 93,
            "created_time": "2024-04-27T23:33:20.6015Z",
            "yes_price": 1,
            "no_price": 99,
            "taker_side": "yes"
        },
        {
            "trade_id": "f1126a5a-33fd-4707-a2d1-7a2a68128842",
            "ticker": "HIGHNY-24APR27-B61.5",
            "count": 61,
            "created_time": "2024-04-27T22:12:50.661339Z",
            "yes_price": 1,
            "no_price": 99,
            "taker_side": "yes"
        },
        {
            "trade_id": "931d3f08-d77b-4f5f-b22a-05eeb0096380",
            "ticker": "HIGHNY-24APR27-B61.5",
            "count": 3275,
            "created_time": "2024-04-27T18:59:40.115954Z",
            "yes_price": 1,
            "no_price": 99,
            "taker_side": "yes"
        },
        {
            "trade_id": "601b8476-a257-4470-8014-9670f99d961c",
            "ticker": "HIGHNY-24APR27-B61.5",
            "count": 93,
            "created_time": "2024-04-27T18:50:27.303494Z",
            "yes_price": 1,
            "no_price": 99,
            "taker_side": "yes"
        },
        {
            "trade_id": "ed7995a3-5330-4660-a109-c02320fe3410",
            "ticker": "HIGHNY-24APR27-B61.5",
            "count": 1,
            "created_time": "2024-04-27T17:54:14.286713Z",
            "yes_price": 1,
            "no_price": 99,
            "taker_side": "yes"
        },
        {
            "trade_id": "1cad60aa-ceca-4203-bc6d-0c24cde4e1f8",
            "ticker": "HIGHNY-24APR27-B61.5",
            "count": 12,
            "created_time": "2024-04-27T17:53:05.833095Z",
            "yes_price": 20,
            "no_price": 80,
            "taker_side": "no"
        },
        {
            "trade_id": "05c45ff1-876e-49be-b7f4-d1b41bf1da75",
            "ticker": "HIGHNY-24APR27-B61.5",
            "count": 3,
            "created_time": "2024-04-27T14:52:04.593099Z",
            "yes_price": 20,
            "no_price": 80,
            "taker_side": "no"
        },
        {
            "trade_id": "804c7452-e160-44ac-bbd7-4def86518c12",
            "ticker": "HIGHNY-24APR27-B61.5",
            "count": 13,
            "created_time": "2024-04-27T12:57:36.159124Z",
            "yes_price": 35,
            "no_price": 65,
            "taker_side": "yes"
        },
        {
            "trade_id": "49913f74-8046-4703-a589-06be02542195",
            "ticker": "HIGHNY-24APR27-B61.5",
            "count": 10,
            "created_time": "2024-04-27T12:25:53.104403Z",
            "yes_price": 28,
            "no_price": 72,
            "taker_side": "no"
        },
        {
            "trade_id": "46718006-b7b7-452b-9ebb-6a13116c8bc5",
            "ticker": "HIGHNY-24APR27-B61.5",
            "count": 12,
            "created_time": "2024-04-27T12:17:15.618663Z",
            "yes_price": 38,
            "no_price": 62,
            "taker_side": "yes"
        },
        {
            "trade_id": "79f9e909-4446-4e0f-8fce-7a45682fa5ae",
            "ticker": "HIGHNY-24APR27-B61.5",
            "count": 10,
            "created_time": "2024-04-27T12:05:18.97983Z",
            "yes_price": 37,
            "no_price": 63,
            "taker_side": "yes"
        },
        {
            "trade_id": "8b9e8a14-a28d-4aaa-aabb-8dcea77a81b5",
            "ticker": "HIGHNY-24APR27-B61.5",
            "count": 11,
            "created_time": "2024-04-27T12:05:10.741023Z",
            "yes_price": 32,
            "no_price": 68,
            "taker_side": "no"
        },
        {
            "trade_id": "84193276-3064-4616-82af-9a2ddf20da23",
            "ticker": "HIGHNY-24APR27-B61.5",
            "count": 2,
            "created_time": "2024-04-27T12:01:54.553419Z",
            "yes_price": 37,
            "no_price": 63,
            "taker_side": "yes"
        },
        {
            "trade_id": "cc417938-ecea-4e8a-9d84-098d04a6b6a8",
            "ticker": "HIGHNY-24APR27-B61.5",
            "count": 20,
            "created_time": "2024-04-26T23:21:35.545848Z",
            "yes_price": 26,
            "no_price": 74,
            "taker_side": "no"
        },
        {
            "trade_id": "879751f5-eb33-4ac4-b836-22c12483edd6",
            "ticker": "HIGHNY-24APR27-B61.5",
            "count": 20,
            "created_time": "2024-04-26T23:05:41.767783Z",
            "yes_price": 26,
            "no_price": 74,
            "taker_side": "no"
        },
        {
            "trade_id": "2450e2f5-ef2b-4776-ac4b-361b7d4e4c98",
            "ticker": "HIGHNY-24APR27-B61.5",
            "count": 7,
            "created_time": "2024-04-26T21:32:27.873295Z",
            "yes_price": 23,
            "no_price": 77,
            "taker_side": "yes"
        },
        {
            "trade_id": "a4b4f70e-58ba-4573-bcc3-044fb2733cfd",
            "ticker": "HIGHNY-24APR27-B61.5",
            "count": 5,
            "created_time": "2024-04-26T19:22:43.093762Z",
            "yes_price": 22,
            "no_price": 78,
            "taker_side": "no"
        },
        {
            "trade_id": "a9f36f23-4155-4cd9-86e4-02171d12f9fd",
            "ticker": "HIGHNY-24APR27-B61.5",
            "count": 10,
            "created_time": "2024-04-26T18:00:28.04204Z",
            "yes_price": 23,
            "no_price": 77,
            "taker_side": "yes"
        }
    ],
    "HIGHNY-24APR27-B63.5": [
        {
            "trade_id": "b898eaff-19c3-4cf7-aa9e-0616e190febb",
            "ticker": "HIGHNY-24APR27-B63.5",
            "count": 5,
            "created_time": "2024-04-27T21:06:45.567939Z",
            "yes_price": 99,
            "no_price": 1,
            "taker_side": "no"
        },
        {
            "trade_id": "7126ea60-0e38-4624-8739-03769f9b20d7",
            "ticker": "HIGHNY-24APR27-B63.5",
            "count": 5,
            "created_time": "2024-04-27T15:02:59.265928Z",
            "yes_price": 16,
            "no_price": 84,
            "taker_side": "no"
        },
        {
            "trade_id": "b3ac6ac1-ee37-425d-8b24-59d6320ed6dd",
            "ticker": "HIGHNY-24APR27-B63.5",
            "count": 90,
            "created_time": "2024-04-27T12:25:27.216035Z",
            "yes_price": 30,
            "no_price": 70,
            "taker_side": "yes"
        },
        {
            "trade_id": "2a1b3b75-5603-4719-97c2-125e8104022e",
            "ticker": "HIGHNY-24APR27-B63.5",
            "count": 90,
            "created_time": "2024-04-27T12:25:27.216035Z",
            "yes_price": 32,
            "no_price": 68,
            "taker_side": "yes"
        },
        {
            "trade_id": "0cb0cbc8-866c-42ae-8af7-1f036ef4948e",
            "ticker": "HIGHNY-24APR27-B63.5",
            "count": 27,
            "created_time": "2024-04-27T12:25:27.216035Z",
            "yes_price": 28,
            "no_price": 72,
            "taker_side": "yes"
        },
        {
            "trade_id": "ac5360f3-bb54-43d5-aca8-9861bfbe9228",
            "ticker": "HIGHNY-24APR27-B63.5",
            "count": 45,
            "created_time": "2024-04-27T12:25:11.906405Z",
            "yes_price": 24,
            "no_price": 76,
            "taker_side": "yes"
        },
        {
            "trade_id": "7ac84ad0-4051-4faa-a826-169a05fe26b8",
            "ticker": "HIGHNY-24APR27-B63.5",
            "count": 90,
            "created_time": "2024-04-27T12:25:11.906405Z",
            "yes_price": 28,
            "no_price": 72,
            "taker_side": "yes"
        },
        {
            "trade_id": "58cf2456-a4b5-4144-be17-8f4cae93ee75",
            "ticker": "HIGHNY-24APR27-B63.5",
            "count": 90,
            "created_time": "2024-04-27T12:25:11.906405Z",
            "yes_price": 26,
            "no_price": 74,
            "taker_side": "yes"
        },
        {
            "trade_id": "fc6b3077-0c4a-499a-83a2-b1276cbc8610",
            "ticker": "HIGHNY-24APR27-B63.5",
            "count": 38,
            "created_time": "2024-04-27T12:13:03.996094Z",
            "yes_price": 19,
            "no_price": 81,
            "taker_side": "no"
        },
        {
            "trade_id": "df3567aa-a446-4256-a164-c3a023ffa6a1",
            "ticker": "HIGHNY-24APR27-B63.5",
            "count": 1,
            "created_time": "2024-04-27T12:05:34.613207Z",
            "yes_price": 21,
            "no_price": 79,
            "taker_side": "no"
        },
        {
            "trade_id": "70f39189-2853-4c13-9ebb-05bd2623908b",
            "ticker": "HIGHNY-24APR27-B63.5",
            "count": 19,
            "created_time": "2024-04-27T12:05:34.613207Z",
            "yes_price": 20,
            "no_price": 80,
            "taker_side": "no"
        },
        {
            "trade_id": "dea529f1-88ec-4127-928c-ea6483703930",
            "ticker": "HIGHNY-24APR27-B63.5",
            "count": 4,
            "created_time": "2024-04-27T12:01:55.957124Z",
            "yes_price": 26,
            "no_price": 74,
            "taker_side": "yes"
        },
        {
            "trade_id": "1d59354d-6b47-493d-91b5-c15908bcdd9a",
            "ticker": "HIGHNY-24APR27-B63.5",
            "count": 120,
            "created_time": "2024-04-27T03:43:35.69583Z",
            "yes_price": 35,
            "no_price": 65,
            "taker_side": "yes"
        },
        {
            "trade_id": "b366e15f-eaab-47b6-8dda-2246b73b483a",
            "ticker": "HIGHNY-24APR27-B63.5",
            "count": 80,
            "created_time": "2024-04-27T03:43:22.460397Z",
            "yes_price": 34,
            "no_price": 66,
            "taker_side": "yes"
        },
        {
            "trade_id": "1bfccf3e-721d-4242-8cca-5bf309006516",
            "ticker": "HIGHNY-24APR27-B63.5",
            "count": 10,
            "created_time": "2024-04-26T22:42:54.03179Z",
            "yes_price": 33,
            "no_price": 67,
            "taker_side": "yes"
        },
        {
            "trade_id": "af17f36b-f678-42cb-b317-f08a5a5552d0",
            "ticker": "HIGHNY-24APR27-B63.5",
            "count": 19,
            "created_time": "2024-04-26T22:16:29.02431Z",
            "yes_price": 33,
            "no_price": 67,
            "taker_side": "yes"
        },
        {
            "trade_id": "75afadb5-4fec-4c18-a818-92e574c844ad",
            "ticker": "HIGHNY-24APR27-B63.5",
            "count": 90,
            "created_time": "2024-04-26T22:14:10.75194Z",
            "yes_price": 32,
            "no_price": 68,
            "taker_side": "yes"
        },
        {
            "trade_id": "671c3672-bc71-4fd9-835b-9b38ed0f5a46",
            "ticker": "HIGHNY-24APR27-B63.5",
            "count": 75,
            "created_time": "2024-04-26T22:13:53.791029Z",
            "yes_price": 31,
            "no_price": 69,
            "taker_side": "yes"
        },
        {
            "trade_id": "2ac58bc1-cfe6-49a7-a0ed-94b781ae2aeb",
            "ticker": "HIGHNY-24APR27-B63.5",
            "count": 90,
            "created_time": "2024-04-26T22:13:45.406284Z",
            "yes_price": 30,
            "no_price": 70,
            "taker_side": "yes"
        },
        {
            "trade_id": "be23e118-f2d0-4cbf-949c-b4f37f3a39cc",
            "ticker": "HIGHNY-24APR27-B63.5",
            "count": 45,
            "created_time": "2024-04-26T22:13:36.291575Z",
            "yes_price": 29,
            "no_price": 71,
            "taker_side": "yes"
        },
        {
            "trade_id": "99f63e65-921e-4619-947a-08714afcf78a",
            "ticker": "HIGHNY-24APR27-B63.5",
            "count": 1,
            "created_time": "2024-04-26T22:13:36.291575Z",
            "yes_price": 29,
            "no_price": 71,
            "taker_side": "yes"
        },
        {
            "trade_id": "29e46b4a-de2e-44a8-b187-229a81cac94e",
            "ticker": "HIGHNY-24APR27-B63.5",
            "count": 4,
            "created_time": "2024-04-26T21:04:46.278753Z",
            "yes_price": 37,
            "no_price": 63,
            "taker_side": "yes"
        },
        {
            "trade_id": "38e5db98-2c51-420a-9ddb-6d9e8a995581",
            "ticker": "HIGHNY-24APR27-B63.5",
            "count": 17,
            "created_time": "2024-04-26T21:04:39.112646Z",
            "yes_price": 30,
            "no_price": 70,
            "taker_side": "yes"
        },
        {
            "trade_id": "ca2b6d8f-557b-4097-8398-75fdb4c5ed5f",
            "ticker": "HIGHNY-24APR27-B63.5",
            "count": 5,
            "created_time": "2024-04-26T18:35:18.864096Z",
            "yes_price": 26,
            "no_price": 74,
            "taker_side": "no"
        },
        {
            "trade_id": "989de3c4-bfc1-406f-a764-2605a9b800a8",
            "ticker": "HIGHNY-24APR27-B63.5",
            "count": 10,
            "created_time": "2024-04-26T17:30:24.337455Z",
            "yes_price": 26,
            "no_price": 74,
            "taker_side": "no"
        }
    ],
    "HIGHNY-24APR27-T64": [
        {
            "trade_id": "c8dd29e3-6d24-436c-8551-a91f4831d99f",
            "ticker": "HIGHNY-24APR27-T64",
            "count": 25,
            "created_time": "2024-04-27T23:33:30.624442Z",
            "yes_price": 2,
            "no_price": 98,
            "taker_side": "yes"
        },
        {
            "trade_id": "718ffb9c-dfd5-424a-abe2-4bc7f0fe7da9",
            "ticker": "HIGHNY-24APR27-T64",
            "count": 14,
            "created_time": "2024-04-27T23:33:30.624442Z",
            "yes_price": 3,
            "no_price": 97,
            "taker_side": "yes"
        },
        {
            "trade_id": "bf716b77-851b-446d-bfac-2eaba2db6a2d",
            "ticker": "HIGHNY-24APR27-T64",
            "count": 250,
            "created_time": "2024-04-27T15:53:42.437361Z",
            "yes_price": 15,
            "no_price": 85,
            "taker_side": "no"
        },
        {
            "trade_id": "4c3c0339-fcf0-472d-8743-5f15e588f5c1",
            "ticker": "HIGHNY-24APR27-T64",
            "count": 1,
            "created_time": "2024-04-27T15:53:42.437361Z",
            "yes_price": 16,
            "no_price": 84,
            "taker_side": "no"
        },
        {
            "trade_id": "d32a6ddf-93ed-4034-8e9b-1b54b5f6074e",
            "ticker": "HIGHNY-24APR27-T64",
            "count": 25,
            "created_time": "2024-04-27T15:33:18.261975Z",
            "yes_price": 25,
            "no_price": 75,
            "taker_side": "no"
        },
        {
            "trade_id": "2ca593b9-af02-4b0b-9eaf-fc20bd6d2eeb",
            "ticker": "HIGHNY-24APR27-T64",
            "count": 20,
            "created_time": "2024-04-27T12:05:46.09429Z",
            "yes_price": 25,
            "no_price": 75,
            "taker_side": "no"
        },
        {
            "trade_id": "c8952ddd-5089-41ba-b530-90c670e41cf8",
            "ticker": "HIGHNY-24APR27-T64",
            "count": 100,
            "created_time": "2024-04-27T03:46:24.723925Z",
            "yes_price": 30,
            "no_price": 70,
            "taker_side": "yes"
        },
        {
            "trade_id": "5f406aeb-2065-4c01-a482-3ce4de228d51",
            "ticker": "HIGHNY-24APR27-T64",
            "count": 10,
            "created_time": "2024-04-26T22:42:45.283124Z",
            "yes_price": 33,
            "no_price": 67,
            "taker_side": "yes"
        },
        {
            "trade_id": "4e5ca295-4de2-4e0e-b529-39b90b8e0837",
            "ticker": "HIGHNY-24APR27-T64",
            "count": 30,
            "created_time": "2024-04-26T22:35:46.657651Z",
            "yes_price": 32,
            "no_price": 68,
            "taker_side": "yes"
        },
        {
            "trade_id": "c69b4673-30c1-4a42-b312-d66317707dc9",
            "ticker": "HIGHNY-24APR27-T64",
            "count": 75,
            "created_time": "2024-04-26T22:13:26.340295Z",
            "yes_price": 33,
            "no_price": 67,
            "taker_side": "yes"
        },
        {
            "trade_id": "853fbdef-bd39-48fc-ade6-1e7f7b850b69",
            "ticker": "HIGHNY-24APR27-T64",
            "count": 90,
            "created_time": "2024-04-26T22:13:17.504133Z",
            "yes_price": 32,
            "no_price": 68,
            "taker_side": "yes"
        },
        {
            "trade_id": "c1efa630-84fe-44ed-b1a6-7335ef28a4e4",
            "ticker": "HIGHNY-24APR27-T64",
            "count": 75,
            "created_time": "2024-04-26T22:12:54.079556Z",
            "yes_price": 31,
            "no_price": 69,
            "taker_side": "yes"
        },
        {
            "trade_id": "28c584f3-ca61-4fc5-9cb5-9ca3cb364f66",
            "ticker": "HIGHNY-24APR27-T64",
            "count": 60,
            "created_time": "2024-04-26T22:12:46.093106Z",
            "yes_price": 30,
            "no_price": 70,
            "taker_side": "yes"
        },
        {
            "trade_id": "b71aecfc-0420-41f4-a2ec-fd044066063e",
            "ticker": "HIGHNY-24APR27-T64",
            "count": 1,
            "created_time": "2024-04-26T21:59:09.218214Z",
            "yes_price": 23,
            "no_price": 77,
            "taker_side": "no"
        },
        {
            "trade_id": "f20ade42-8f89-41da-9314-b88897afc94a",
            "ticker": "HIGHNY-24APR27-T64",
            "count": 139,
            "created_time": "2024-04-26T21:44:54.210612Z",
            "yes_price": 30,
            "no_price": 70,
            "taker_side": "yes"
        },
        {
            "trade_id": "ef781cfc-b538-4e03-8b0d-8e4f36a8fe7c",
            "ticker": "HIGHNY-24APR27-T64",
            "count": 55,
            "created_time": "2024-04-26T21:44:54.210612Z",
            "yes_price": 26,
            "no_price": 74,
            "taker_side": "yes"
        },
        {
            "trade_id": "64bb0d24-20fb-46ad-8fdf-98d827442671",
            "ticker": "HIGHNY-24APR27-T64",
            "count": 139,
            "created_time": "2024-04-26T21:44:54.210612Z",
            "yes_price": 28,
            "no_price": 72,
            "taker_side": "yes"
        },
        {
            "trade_id": "d382460d-ea4d-4de5-96c1-52b5470dd8d4",
            "ticker": "HIGHNY-24APR27-T64",
            "count": 83,
            "created_time": "2024-04-26T21:44:45.014258Z",
            "yes_price": 22,
            "no_price": 78,
            "taker_side": "yes"
        },
        {
            "trade_id": "5314c3c0-792c-440d-a7f8-a3565480c693",
            "ticker": "HIGHNY-24APR27-T64",
            "count": 139,
            "created_time": "2024-04-26T21:44:45.014258Z",
            "yes_price": 24,
            "no_price": 76,
            "taker_side": "yes"
        },
        {
            "trade_id": "44b94582-bfc7-460a-aa34-c4007b8fbf93",
            "ticker": "HIGHNY-24APR27-T64",
            "count": 139,
            "created_time": "2024-04-26T21:44:45.014258Z",
            "yes_price": 26,
            "no_price": 74,
            "taker_side": "yes"
        },
        {
            "trade_id": "a89f182f-8506-4111-b3f5-d69c11db74d5",
            "ticker": "HIGHNY-24APR27-T64",
            "count": 53,
            "created_time": "2024-04-26T21:41:58.917344Z",
            "yes_price": 18,
            "no_price": 82,
            "taker_side": "yes"
        },
        {
            "trade_id": "4a6137c2-5403-4893-9250-3f4fa3bffdd6",
            "ticker": "HIGHNY-24APR27-T64",
            "count": 64,
            "created_time": "2024-04-26T21:41:52.757924Z",
            "yes_price": 16,
            "no_price": 84,
            "taker_side": "yes"
        },
        {
            "trade_id": "32e813e7-a0e5-4fd7-a123-4a2a07694372",
            "ticker": "HIGHNY-24APR27-T64",
            "count": 107,
            "created_time": "2024-04-26T21:41:52.757924Z",
            "yes_price": 18,
            "no_price": 82,
            "taker_side": "yes"
        },
        {
            "trade_id": "ccce8396-52ac-4c60-abfa-dd85a901d2ae",
            "ticker": "HIGHNY-24APR27-T64",
            "count": 5,
            "created_time": "2024-04-26T21:32:28.077195Z",
            "yes_price": 22,
            "no_price": 78,
            "taker_side": "no"
        },
        {
            "trade_id": "fbb9a6ef-b345-428b-b9e3-a80d620dfca6",
            "ticker": "HIGHNY-24APR27-T64",
            "count": 17,
            "created_time": "2024-04-26T20:51:37.429543Z",
            "yes_price": 44,
            "no_price": 56,
            "taker_side": "yes"
        },
        {
            "trade_id": "536d990d-cd90-4ecd-9d7a-1a4e9b21bf67",
            "ticker": "HIGHNY-24APR27-T64",
            "count": 4,
            "created_time": "2024-04-26T20:51:32.631017Z",
            "yes_price": 42,
            "no_price": 58,
            "taker_side": "yes"
        },
        {
            "trade_id": "dd5af47b-caa3-4705-ad25-899c91a6eedf",
            "ticker": "HIGHNY-24APR27-T64",
            "count": 5,
            "created_time": "2024-04-26T18:35:19.368401Z",
            "yes_price": 38,
            "no_price": 62,
            "taker_side": "no"
        },
        {
            "trade_id": "ebe7ec30-f55d-4c22-b6ae-5e1f8d18ecd3",
            "ticker": "HIGHNY-24APR27-T64",
            "count": 10,
            "created_time": "2024-04-26T17:30:24.962076Z",
            "yes_price": 38,
            "no_price": 62,
            "taker_side": "no"
        }
    ]
}