{
    "KXHIGHNY-24DEC28-T43": [
        {
            "trade_id": "812df7e0-24e6-4f30-8e44-905286769492",
            "ticker": "KXHIGHNY-24DEC28-T43",
            "count": 3,
            "created_time": "2024-12-28T21:27:15.448393Z",
            "yes_price": 1,
            "no_price": 99,
            "taker_side": "yes"
        },
        {
            "trade_id": "3dabf085-39d3-4d57-8267-cbaa496ade13",
            "ticker": "KXHIGHNY-24DEC28-T43",
            "count": 997,
            "created_time": "2024-12-28T21:27:15.448393Z",
            "yes_price": 1,
            "no_price": 99,
            "taker_side": "yes"
        },
        {
            "trade_id": "d19e4aa0-77e2-42b6-a80f-6137159a3a60",
            "ticker": "KXHIGHNY-24DEC28-T43",
            "count": 54,
            "created_time": "2024-12-28T06:29:01.532668Z",
            "yes_price": 1,
            "no_price": 99,
            "taker_side": "yes"
        },
        {
            "trade_id": "337e7237-a473-4fdf-b037-72a07dd7dc9f",
            "ticker": "KXHIGHNY-24DEC28-T43",
            "count": 7,
            "created_time": "2024-12-28T06:29:01.532668Z",
            "yes_price": 1,
            "no_price": 99,
            "taker_side": "yes"
        },
        {
            "trade_id": "8f17688c-1757-4c1b-87e3-cf3ac924cbde",
            "ticker": "KXHIGHNY-24DEC28-T43",
            "count": 1,
            "created_time": "2024-12-28T04:17:26.130856Z",
            "yes_price": 1,
            "no_price": 99,
            "taker_side": "no"
        },
        {
            "trade_id": "6b720df1-18bd-4af9-9bce-cd0e32ecbc3e",
            "ticker": "KXHIGHNY-24DEC28-T43",
            "count": 45,
            "created_time": "2024-12-28T04:17:26.130856Z",
            "yes_price": 1,
            "no_price": 99,
            "taker_side": "no"
        },
        {
            "trade_id": "a5008fec-b66b-427d-819d-7d4981c23eb9",
            "ticker": "KXHIGHNY-24DEC28-T43",
            "count": 1,
            "created_time": "2024-12-28T04:10:44.498579Z",
            "yes_price": 1,
            "no_price": 99,
            "taker_side": "no"
        },
        {
            "trade_id": "7f0ce61d-8005-4e93-a382-3aa29255fd07",
            "ticker": "KXHIGHNY-24DEC28-T43",
            "count": 1,
            "created_time": "2024-12-28T04:06:10.707556Z",
            "yes_price": 1,
            "no_price": 99,
            "taker_side": "no"
        },
        {
            "trade_id": "2c8bc808-309a-41ea-9741-b60eb7445fc6",
            "ticker": "KXHIGHNY-24DEC28-T43",
            "count": 1,
            "created_time": "2024-12-28T04:03:28.94539Z",
            "yes_price": 1,
            "no_price": 99,
            "taker_side": "no"
        },
        {
            "trade_id": "15099d17-37da-4b9c-b857-69fc6a237135",
            "ticker": "KXHIGHNY-24DEC28-T43",
            "count": 1,
            "created_time": "2024-12-28T03:51:22.103874Z",
            "yes_price": 1,
            "no_price": 99,
            "taker_side": "no"
        },
        {
            "trade_id": "9cbde551-22e5-489d-bbb6-24893cd7b613",
            "ticker": "KXHIGHNY-24DEC28-T43",
            "count": 1,
            "created_time": "2024-12-28T03:49:41.534894Z",
            "yes_price": 1,
            "no_price": 99,
            "taker_side": "no"
        },
        {
            "trade_id": "d41d82c2-945e-4ebf-b52b-1bb4185d2d76",
            "ticker": "KXHIGHNY-24DEC28-T43",
            "count": 11,
            "created_time": "2024-12-28T03:39:09.10276Z",
            "yes_price": 1,
            "no_price": 99,
            "taker_side": "no"
        },
        {
            "trade_id": "976c5196-89da-482b-aba8-1d3703bb0dd7",
            "ticker": "KXHIGHNY-24DEC28-T43",
            "count": 1,
            "created_time": "2024-12-28T03:38:05.071603Z",
            "yes_price": 1,
            "no_price": 99,
            "taker_side": "no"
        },
        {
            "trade_id": "d1db1702-e242-4605-9378-b13008192369",
            "ticker": "KXHIGHNY-24DEC28-T43",
            "count": 1,
            "created_time": "2024-12-28T03:30:22.657781Z",
            "yes_price": 1,
            "no_price": 99,
            "taker_side": "no"
        },
        {
            "trade_id": "9fbaffb7-d790-47cb-a842-6b9623a94008",
            "ticker": "KXHIGHNY-24DEC28-T43",
            "count": 1,
            "created_time": "2024-12-28T03:25:06.208809Z",
            "yes_price": 1,
            "no_price": 99,
            "taker_side": "no"
        },
        {
            "trade_id": "79668de9-d8fc-4eea-b7f4-66bf9e7f2503",
            "ticker": "KXHIGHNY-24DEC28-T43",
            "count": 1,
            "created_time": "2024-12-28T03:23:48.968077Z",
            "yes_price": 1,
            "no_price": 99,
            "taker_side": "no"
        },
        {
            "trade_id": "fc23a024-8f73-45bc-b2e4-e13ed5aa967a",
            "ticker": "KXHIGHNY-24DEC28-T43",
            "count": 25,
            "created_time": "2024-12-28T03:21:28.694732Z",
            "yes_price": 1,
            "no_price": 99,
            "taker_side": "no"
        },
        {
            "trade_id": "3810881d-5bdf-4c87-85fa-29591e8bea31",
            "ticker": "KXHIGHNY-24DEC28-T43",
            "count": 1,
            "created_time": "2024-12-28T03:20:07.711666Z",
            "yes_price": 1,
            "no_price": 99,
            "taker_side": "no"
        },
        {
            "trade_id": "d998d562-e055-4201-8cad-7a10c693ba87",
            "ticker": "KXHIGHNY-24DEC28-T43",
            "count": 1,
            "created_time": "2024-12-28T03:19:38.89229Z",
            "yes_price": 1,
            "no_price": 99,
            "taker_side": "no"
        },
        {
            "trade_id": "4f821b63-4ac0-4ce3-969c-d9f46018c67f",
            "ticker": "KXHIGHNY-24DEC28-T43",
            "count": 1,
            "created_time": "2024-12-28T03:19:36.132569Z",
            "yes_price": 1,
            "no_price": 99,
            "taker_side": "no"
        },
        {
            "trade_id": "ad9075f8-c256-4b0d-aad3-b9541896e711",
            "ticker": "KXHIGHNY-24DEC28-T43",
            "count": 1,
            "created_time": "2024-12-28T03:19:33.147213Z",
            "yes_price": 1,
            "no_price": 99,
            "taker_side": "no"
        },
        {
            "trade_id": "8a2898e6-ccde-4f4d-ae29-adaddd382d0c",
            "ticker": "KXHIGHNY-24DEC28-T43",
            "count": 1,
            "created_time": "2024-12-28T03:19:30.877254Z",
            "yes_price": 1,
            "no_price": 99,
            "taker_side": "no"
        },
        {
            "trade_id": "0763a5fe-fc38-4177-a741-88125ac2fe7a",
            "ticker": "KXHIGHNY-24DEC28-T43",
            "count": 1,
            "created_time": "2024-12-28T03:19:16.0858Z",
            "yes_price": 1,
            "no_price": 99,
            "taker_side": "no"
        },
        {
            "trade_id": "0764d25a-475d-410c-8804-85110db915da",
            "ticker": "KXHIGHNY-24DEC28-T43",
            "count": 1,
            "created_time": "2024-12-28T03:19:14.605224Z",
            "yes_price": 1,
            "no_price": 99,
            "taker_side": "no"
        },
        {
            "trade_id": "46813d9d-6a5a-4b39-9b60-00f82f568622",
            "ticker": "KXHIGHNY-24DEC28-T43",
            "count": 1,
            "created_time": "2024-12-28T03:19:12.292795Z",
            "yes_price": 1,
            "no_price": 99,
            "taker_side": "no"
        },
        {
            "trade_id": "64e123d4-1e94-4e13-81cf-4183adc3f990",
            "ticker": "KXHIGHNY-24DEC28-T43",
            "count": 1,
            "created_time": "2024-12-28T03:18:52.78692Z",
            "yes_price": 1,
            "no_price": 99,
            "taker_side": "no"
        },
        {
            "trade_id": "04df4ea1-0f93-4855-ba1c-2c11aebf9698",
            "ticker": "KXHIGHNY-24DEC28-T43",
            "count": 1,
            "created_time": "2024-12-28T03:17:41.256529Z",
            "yes_price": 1,
            "no_price": 99,
            "taker_side": "no"
        },
        {
            "trade_id": "e93188b1-2c4e-4646-9710-76a89b48cb74",
            "ticker": "KXHIGHNY-24DEC28-T43",
            "count": 8,
            "created_time": "2024-12-28T02:48:24.630533Z",
            "yes_price": 1,
            "no_price": 99,
            "taker_side": "no"
        },
        {
            "trade_id": "329c49e9-ff76-47da-bc60-e6566c912a5b",
            "ticker": "KXHIGHNY-24DEC28-T43",
            "count": 34,
            "created_time": "2024-12-28T02:48:24.630533Z",
            "yes_price": 1,
            "no_price": 99,
            "taker_side": "no"
        },
        {
            "trade_id": "a735f517-7501-48a8-b4c7-69ec05fd7808",
            "ticker": "KXHIGHNY-24DEC28-T43",
            "count": 42,
            "created_time": "2024-12-28T02:48:24.464153Z",
            "yes_price": 1,
            "no_price": 99,
            "taker_side": "no"
        },
        {
            "trade_id": "b14c1548-8ff7-4608-8484-3a53a3bee442",
            "ticker": "KXHIGHNY-24DEC28-T43",
            "count": 152,
            "created_time": "2024-12-27T19:00:21.861623Z",
            "yes_price": 3,
            "no_price": 97,
            "taker_side": "yes"
        }
    ],
    "KXHIGHNY-24DEC28-B43.5": [
        {
            "trade_id": "a6643f46-0c6f-4206-bc51-2cd8dcff7ac4",
            "ticker": "KXHIGHNY-24DEC28-B43.5",
            "count": 935,
            "created_time": "2024-12-28T22:18:31.058028Z",
            "yes_price": 1,
            "no_price": 99,
            "taker_side": "yes"
        },
        {
            "trade_id": "c6443c44-96dc-4356-a08c-2665cc62c781",
            "ticker": "KXHIGHNY-24DEC28-B43.5",
            "count": 511,
            "created_time": "2024-12-28T21:55:52.456123Z",
            "yes_price": 1,
            "no_price": 99,
            "taker_side": "yes"
        },
        {
            "trade_id": "c3672e23-6831-4610-a506-c6a0dcadc9d2",
            "ticker": "KXHIGHNY-24DEC28-B43.5",
            "count": 1099,
            "created_time": "2024-12-28T21:55:52.456123Z",
            "yes_price": 1,
            "no_price": 99,
            "taker_side": "yes"
        },
        {
            "trade_id": "8bd62a69-b4fc-4a65-91ab-e96cc74d6ab5",
            "ticker": "KXHIGHNY-24DEC28-B43.5",
            "count": 2379,
            "created_time": "2024-12-28T21:55:52.456123Z",
            "yes_price": 1,
            "no_price": 99,
            "taker_side": "yes"
        },
        {
            "trade_id": "2d08c6e1-db4f-428a-bb0a-d76a53867f96",
            "ticker": "KXHIGHNY-24DEC28-B43.5",
            "count": 683,
            "created_time": "2024-12-28T21:55:52.456123Z",
            "yes_price": 1,
            "no_price": 99,
            "taker_side": "yes"
        },
        {
            "trade_id": "85f232eb-51d8-4a35-bb7c-db7e313cf0a9",
            "ticker": "KXHIGHNY-24DEC28-B43.5",
            "count": 100,
            "created_time": "2024-12-28T21:26:40.634017Z",
            "yes_price": 1,
            "no_price": 99,
            "taker_side": "yes"
        },
        {
            "trade_id": "1d5d28d9-0e0b-4a8d-a7f8-88870a3db35b",
            "ticker": "KXHIGHNY-24DEC28-B43.5",
            "count": 250,
            "created_time": "2024-12-28T20:56:56.133219Z",
            "yes_price": 1,
            "no_price": 99,
            "taker_side": "yes"
        },
        {
            "trade_id": "93fea5bd-0d12-4148-bc25-d5f2fed39efe",
            "ticker": "KXHIGHNY-24DEC28-B43.5",
            "count": 230,
            "created_time": "2024-12-28T20:02:50.663337Z",
            "yes_price": 1,
            "no_price": 99,
            "taker_side": "yes"
        },
        {
            "trade_id": "8d979a95-f320-4535-813a-23fb90b3a2e3",
            "ticker": "KXHIGHNY-24DEC28-B43.5",
            "count": 20,
            "created_time": "2024-12-28T19:07:33.785839Z",
            "yes_price": 1,
            "no_price": 99,
            "taker_side": "yes"
        },
        {
            "trade_id": "bf5eed72-9bda-49bf-b18e-5c28fc08defc",
            "ticker": "KXHIGHNY-24DEC28-B43.5",
            "count": 1000,
            "created_time": "2024-12-28T18:39:59.878094Z",
            "yes_price": 1,
            "no_price": 99,
            "taker_side": "yes"
        },
        {
            "trade_id": "8477c7b2-b869-48c4-9082-21d7979a4d69",
            "ticker": "KXHIGHNY-24DEC28-B43.5",
            "count": 500,
            "created_time": "2024-12-28T18:35:47.214287Z",
            "yes_price": 1,
            "no_price": 99,
            "taker_side": "yes"
        },
        {
            "trade_id": "5871cd21-88c4-4e11-86c2-2c099d03bf6c",
            "ticker": "KXHIGHNY-24DEC28-B43.5",
            "count": 1,
            "created_time": "2024-12-28T18:05:21.560538Z",
            "yes_price": 1,
            "no_price": 99,
            "taker_side": "yes"
        },
        {
            "trade_id": "bf3594e7-679f-47b2-9a2c-1d1be58dd4f5",
            "ticker": "KXHIGHNY-24DEC28-B43.5",
            "count": 935,
            "created_time": "2024-12-28T17:57:21.390849Z",
            "yes_price": 1,
            "no_price": 99,
            "taker_side": "yes"
        },
        {
            "trade_id": "9a60d563-a71a-4e8c-b5ff-578921f2b303",
            "ticker": "KXHIGHNY-24DEC28-B43.5",
            "count": 909,
            "created_time": "2024-12-28T17:56:39.36596Z",
            "yes_price": 1,
            "no_price": 99,
            "taker_side": "yes"
        },
        {
            "trade_id": "9d03aaf4-0dbf-4221-9742-bc4fb3c508a9",
            "ticker": "KXHIGHNY-24DEC28-B43.5",
            "count": 1,
            "created_time": "2024-12-28T17:54:40.682257Z",
            "yes_price": 1,
            "no_price": 99,
            "taker_side": "yes"
        },
        {
            "trade_id": "ff67a85f-4abc-4ee7-815d-86b385281fae",
            "ticker": "KXHIGHNY-24DEC28-B43.5",
            "count": 29,
            "created_time": "2024-12-28T17:53:55.545327Z",
            "yes_price": 1,
            "no_price": 99,
            "taker_side": "no"
        },
        {
            "trade_id": "6753325d-ec06-4e63-af3a-fcd6f264494d",
            "ticker": "KXHIGHNY-24DEC28-B43.5",
            "count": 1,
            "created_time": "2024-12-28T17:53:55.545327Z",
            "yes_price": 1,
            "no_price": 99,
            "taker_side": "no"
        },
        {
            "trade_id": "637ec950-3e55-48f1-94ed-f57336e9fc42",
            "ticker": "KXHIGHNY-24DEC28-B43.5",
            "count": 335,
            "created_time": "2024-12-28T17:53:55.545327Z",
            "yes_price": 1,
            "no_price": 99,
            "taker_side": "no"
        },
        {
            "trade_id": "1e5b28a6-237e-4bdf-b781-1f362a476af7",
            "ticker": "KXHIGHNY-24DEC28-B43.5",
            "count": 2,
            "created_time": "2024-12-28T17:53:55.545327Z",
            "yes_price": 2,
            "no_price": 98,
            "taker_side": "no"
        },
        {
            "trade_id": "03357d6e-c2d3-41ac-9dda-f8c9ab12cdce",
            "ticker": "KXHIGHNY-24DEC28-B43.5",
            "count": 18,
            "created_time": "2024-12-28T17:50:13.441349Z",
            "yes_price": 5,
            "no_price": 95,
            "taker_side": "yes"
        },
        {
            "trade_id": "e0778668-b239-4fee-9a95-113292853cd6",
            "ticker": "KXHIGHNY-24DEC28-B43.5",
            "count": 600,
            "created_time": "2024-12-28T17:43:34.89548Z",
            "yes_price": 2,
            "no_price": 98,
            "taker_side": "yes"
        },
        {
            "trade_id": "5e78432d-2927-4460-8adc-6b47219d510a",
            "ticker": "KXHIGHNY-24DEC28-B43.5",
            "count": 335,
            "created_time": "2024-12-28T17:43:34.89548Z",
            "yes_price": 2,
            "no_price": 98,
            "taker_side": "yes"
        },
        {
            "trade_id": "da745905-5789-4606-a669-ed15548b918f",
            "ticker": "KXHIGHNY-24DEC28-B43.5",
            "count": 50,
            "created_time": "2024-12-28T17:41:02.487319Z",
            "yes_price": 1,
            "no_price": 99,
            "taker_side": "no"
        },
        {
            "trade_id": "b8faf4a6-26c8-4307-b929-5ef6f9ad1ce9",
            "ticker": "KXHIGHNY-24DEC28-B43.5",
            "count": 13,
            "created_time": "2024-12-28T17:41:02.487319Z",
            "yes_price": 1,
            "no_price": 99,
            "taker_side": "no"
        },
        {
            "trade_id": "5a458563-e1a3-43f1-9736-76e263fdf0fa",
            "ticker": "KXHIGHNY-24DEC28-B43.5",
            "count": 20,
            "created_time": "2024-12-28T17:40:55.966773Z",
            "yes_price": 1,
            "no_price": 99,
            "taker_side": "no"
        },
        {
            "trade_id": "274b2f0d-4f31-4dfe-a6e7-66bbe3e064cb",
            "ticker": "KXHIGHNY-24DEC28-B43.5",
            "count": 1,
            "created_time": "2024-12-28T17:39:42.130658Z",
            "yes_price": 1,
            "no_price": 99,
            "taker_side": "no"
        },
        {
            "trade_id": "0c5eb188-7b3a-4610-951c-f83ceccfe153",
            "ticker": "KXHIGHNY-24DEC28-B43.5",
            "count": 1,
            "created_time": "2024-12-28T17:39:09.249087Z",
            "yes_price": 3,
            "no_price": 97,
            "taker_side": "no"
        },
        {
            "trade_id": "022fbce3-cafd-4641-9107-e7ce33bb5b06",
            "ticker": "KXHIGHNY-24DEC28-B43.5",
            "count": 2,
            "created_time": "2024-12-28T17:39:09.249087Z",
            "yes_price": 1,
            "no_price": 99,
            "taker_side": "no"
        },
        {
            "trade_id": "795aafda-5d3e-4b67-b37a-af7b95d910f1",
            "ticker": "KXHIGHNY-24DEC28-B43.5",
            "count": 18,
            "created_time": "2024-12-28T17:33:22.075157Z",
            "yes_price": 5,
            "no_price": 95,
            "taker_side": "yes"
        },
        {
            "trade_id": "52601e79-1d8d-47bf-975d-db7bcde01e84",
            "ticker": "KXHIGHNY-24DEC28-B43.5",
            "count": 18,
            "created_time": "2024-12-28T17:24:47.976909Z",
            "yes_price": 5,
            "no_price": 95,
            "taker_side": "yes"
        },
        {
            "trade_id": "b4e3347a-66cd-4e93-991b-8c4cd5681286",
            "ticker": "KXHIGHNY-24DEC28-B43.5",
            "count": 8,
            "created_time": "2024-12-28T17:21:16.748185Z",
            "yes_price": 2,
            "no_price": 98,
            "taker_side": "no"
        },
        {
            "trade_id": "b2efc7f1-7584-4d40-bb92-2223dff76423",
            "ticker": "KXHIGHNY-24DEC28-B43.5",
            "count": 1,
            "created_time": "2024-12-28T17:20:27.033443Z",
            "yes_price": 4,
            "no_price": 96,
            "taker_side": "no"
        },
        {
            "trade_id": "9c1d5b61-dbdb-400e-861d-d719f3eb4a43",
            "ticker": "KXHIGHNY-24DEC28-B43.5",
            "count": 109,
            "created_time": "2024-12-28T17:19:15.59226Z",
            "yes_price": 6,
            "no_price": 94,
            "taker_side": "yes"
        },
        {
            "trade_id": "a56ddfce-212e-483e-b0dd-e5cd4c9dfc64",
            "ticker": "KXHIGHNY-24DEC28-B43.5",
            "count": 107,
            "created_time": "2024-12-28T17:16:23.891391Z",
            "yes_price": 5,
            "no_price": 95,
            "taker_side": "yes"
        },
        {
            "trade_id": "b75a4313-6abe-4357-ad91-5676a5d05f15",
            "ticker": "KXHIGHNY-24DEC28-B43.5",
            "count": 1,
            "created_time": "2024-12-28T17:16:11.552626Z",
            "yes_price": 4,
            "no_price": 96,
            "taker_side": "yes"
        },
        {
            "trade_id": "84c3e799-7d7a-4ba7-a941-50537b074d8f",
            "ticker": "KXHIGHNY-24DEC28-B43.5",
            "count": 1,
            "created_time": "2024-12-28T17:15:15.74144Z",
            "yes_price": 4,
            "no_price": 96,
            "taker_side": "no"
        },
        {
            "trade_id": "f81e742c-75ad-4940-a30a-2ac9d96310af",
            "ticker": "KXHIGHNY-24DEC28-B43.5",
            "count": 1,
            "created_time": "2024-12-28T17:15:13.951699Z",
            "yes_price": 4,
            "no_price": 96,
            "taker_side": "no"
        },
        {
            "trade_id": "e1555895-936e-4247-9efd-71f16c21dbb2",
            "ticker": "KXHIGHNY-24DEC28-B43.5",
            "count": 1,
            "created_time": "2024-12-28T17:15:11.909778Z",
            "yes_price": 4,
            "no_price": 96,
            "taker_side": "no"
        },
        {
            "trade_id": "0a6aab2d-3ffa-4cba-a50d-e9f42bf1024b",
            "ticker": "KXHIGHNY-24DEC28-B43.5",
            "count": 1,
            "created_time": "2024-12-28T17:15:09.928712Z",
            "yes_price": 4,
            "no_price": 96,
            "taker_side": "no"
        },
        {
            "trade_id": "23c7da7a-9dfa-44f3-bc42-9fa2f05272ee",
            "ticker": "KXHIGHNY-24DEC28-B43.5",
            "count": 1,
            "created_time": "2024-12-28T17:15:08.17326Z",
            "yes_price": 4,
            "no_price": 96,
            "taker_side": "no"
        },
        {
            "trade_id": "0a572369-650a-4ede-92b8-5b46d3b89186",
            "ticker": "KXHIGHNY-24DEC28-B43.5",
            "count": 1,
            "created_time": "2024-12-28T17:15:06.159711Z",
            "yes_price": 4,
            "no_price": 96,
            "taker_side": "no"
        },
        {
            "trade_id": "cbd8e996-433d-4c56-9d1a-4b81b90b202d",
            "ticker": "KXHIGHNY-24DEC28-B43.5",
            "count": 93,
            "created_time": "2024-12-28T17:13:27.25202Z",
            "yes_price": 5,
            "no_price": 95,
            "taker_side": "yes"
        },
        {
            "trade_id": "beaa455c-b747-4c03-82be-6006c94a1112",
            "ticker": "KXHIGHNY-24DEC28-B43.5",
            "count": 151,
            "created_time": "2024-12-28T17:11:27.580475Z",
            "yes_price": 5,
            "no_price": 95,
            "taker_side": "no"
        },
        {
            "trade_id": "59897824-52f5-4678-8357-9f2b5e54498d",
            "ticker": "KXHIGHNY-24DEC28-B43.5",
            "count": 258,
            "created_time": "2024-12-28T17:11:27.580475Z",
            "yes_price": 4,
            "no_price": 96,
            "taker_side": "no"
        },
        {
            "trade_id": "03b0c74e-cca2-473c-94c4-d4861de00c96",
            "ticker": "KXHIGHNY-24DEC28-B43.5",
            "count": 189,
            "created_time": "2024-12-28T17:11:27.580475Z",
            "yes_price": 5,
            "no_price": 95,
            "taker_side": "no"
        },
        {
            "trade_id": "026ecbbc-7391-4e73-826e-6f581505600a",
            "ticker": "KXHIGHNY-24DEC28-B43.5",
            "count": 2,
            "created_time": "2024-12-28T17:11:27.580475Z",
            "yes_price": 6,
            "no_price": 94,
            "taker_side": "no"
        },
        {
            "trade_id": "c45e8a5a-97e8-41e9-ad2e-fcb7dbe50578",
            "ticker": "KXHIGHNY-24DEC28-B43.5",
            "count": 153,
            "created_time": "2024-12-28T17:10:50.42336Z",
            "yes_price": 10,
            "no_price": 90,
            "taker_side": "yes"
        },
        {
            "trade_id": "a84157ea-e8b3-4629-8694-2a72f1c98023",
            "ticker": "KXHIGHNY-24DEC28-B43.5",
            "count": 245,
            "created_time": "2024-12-28T17:10:50.42336Z",
            "yes_price": 11,
            "no_price": 89,
            "taker_side": "yes"
        },
        {
            "trade_id": "899090f5-e28c-49fb-ba6d-1dbca26627ab",
            "ticker": "KXHIGHNY-24DEC28-B43.5",
            "count": 2,
            "created_time": "2024-12-28T17:10:50.42336Z",
            "yes_price": 6,
            "no_price": 94,
            "taker_side": "yes"
        },
        {
            "trade_id": "48a79082-6db3-41e8-a33a-d110b71f350a",
            "ticker": "KXHIGHNY-24DEC28-B43.5",
            "count": 20,
            "created_time": "2024-12-28T17:10:50.42336Z",
            "yes_price": 7,
            "no_price": 93,
            "taker_side": "yes"
        },
        {
            "trade_id": "1e4da0a2-5d02-48e3-83a8-5307278fba4e",
            "ticker": "KXHIGHNY-24DEC28-B43.5",
            "count": 36,
            "created_time": "2024-12-28T17:10:50.42336Z",
            "yes_price": 9,
            "no_price": 91,
            "taker_side": "yes"
        },
        {
            "trade_id": "bae929f9-8893-4b96-bd15-960837d14aac",
            "ticker": "KXHIGHNY-24DEC28-B43.5",
            "count": 10,
            "created_time": "2024-12-28T17:10:43.900638Z",
            "yes_price": 5,
            "no_price": 95,
            "taker_side": "no"
        },
        {
            "trade_id": "edc3c9cb-ba1c-4bf4-b1c7-f6bb73307351",
            "ticker": "KXHIGHNY-24DEC28-B43.5",
            "count": 1,
            "created_time": "2024-12-28T17:09:17.432844Z",
            "yes_price": 6,
            "no_price": 94,
            "taker_side": "no"
        },
        {
            "trade_id": "26c7b4f0-eb79-46a0-86c8-ea14db440ff3",
            "ticker": "KXHIGHNY-24DEC28-B43.5",
            "count": 1,
            "created_time": "2024-12-28T17:09:14.138266Z",
            "yes_price": 6,
            "no_price": 94,
            "taker_side": "no"
        },
        {
            "trade_id": "0802d514-7e63-4f6f-86cc-3f0d2ad58692",
            "ticker": "KXHIGHNY-24DEC28-B43.5",
            "count": 20,
            "created_time": "2024-12-28T17:09:12.991344Z",
            "yes_price": 6,
            "no_price": 94,
            "taker_side": "no"
        },
        {
            "trade_id": "dc523e35-8338-4529-835c-301c1ebfd56e",
            "ticker": "KXHIGHNY-24DEC28-B43.5",
            "count": 3,
            "created_time": "2024-12-28T17:09:04.426232Z",
            "yes_price": 6,
            "no_price": 94,
            "taker_side": "no"
        },
        {
            "trade_id": "39b9db0d-02ca-4620-ad0f-3aa4e001c310",
            "ticker": "KXHIGHNY-24DEC28-B43.5",
            "count": 2,
            "created_time": "2024-12-28T17:05:55.759755Z",
            "yes_price": 11,
            "no_price": 89,
            "taker_side": "no"
        },
        {
            "trade_id": "d8bb78b3-f9a8-403d-8857-a816e064e709",
            "ticker": "KXHIGHNY-24DEC28-B43.5",
            "count": 14,
            "created_time": "2024-12-28T17:05:40.3885Z",
            "yes_price": 13,
            "no_price": 87,
            "taker_side": "yes"
        },
        {
            "trade_id": "9815ac18-0cef-4b44-a5e1-80d2cfecdaf8",
            "ticker": "KXHIGHNY-24DEC28-B43.5",
            "count": 45,
            "created_time": "2024-12-28T17:05:40.3885Z",
            "yes_price": 14,
            "no_price": 86,
            "taker_side": "yes"
        },
        {
            "trade_id": "daf76a05-5f9b-4407-b344-d4ee2bc8ad80",
            "ticker": "KXHIGHNY-24DEC28-B43.5",
            "count": 17,
            "created_time": "2024-12-28T17:05:04.795505Z",
            "yes_price": 13,
            "no_price": 87,
            "taker_side": "yes"
        },
        {
            "trade_id": "ea92fe86-40a2-4d05-bda5-6c900e956692",
            "ticker": "KXHIGHNY-24DEC28-B43.5",
            "count": 22,
            "created_time": "2024-12-28T17:04:38.843111Z",
            "yes_price": 18,
            "no_price": 82,
            "taker_side": "yes"
        },
        {
            "trade_id": "cd52bb92-a209-4708-897b-8edc3d41d893",
            "ticker": "KXHIGHNY-24DEC28-B43.5",
            "count": 2,
            "created_time": "2024-12-28T17:04:38.843111Z",
            "yes_price": 17,
            "no_price": 83,
            "taker_side": "yes"
        },
        {
            "trade_id": "75d8dcd3-404f-4a38-9874-2304e9638266",
            "ticker": "KXHIGHNY-24DEC28-B43.5",
            "count": 160,
            "created_time": "2024-12-28T17:04:38.843111Z",
            "yes_price": 17,
            "no_price": 83,
            "taker_side": "yes"
        },
        {
            "trade_id": "2011f1de-6f82-4c8d-8018-127cdbacee9c",
            "ticker": "KXHIGHNY-24DEC28-B43.5",
            "count": 4,
            "created_time": "2024-12-28T17:04:38.843111Z",
            "yes_price": 18,
            "no_price": 82,
            "taker_side": "yes"
        },
        {
            "trade_id": "e5d05e8e-df28-4428-813f-20275b56285e",
            "ticker": "KXHIGHNY-24DEC28-B43.5",
            "count": 75,
            "created_time": "2024-12-28T17:03:52.5173Z",
            "yes_price": 11,
            "no_price": 89,
            "taker_side": "yes"
        },
        {
            "trade_id": "d887b554-b27a-43e6-ab72-8f6c1e62b617",
            "ticker": "KXHIGHNY-24DEC28-B43.5",
            "count": 200,
            "created_time": "2024-12-28T17:03:52.5173Z",
            "yes_price": 17,
            "no_price": 83,
            "taker_side": "yes"
        },
        {
            "trade_id": "53a7aa4a-0381-49da-ae9b-d5be99205078",
            "ticker": "KXHIGHNY-24DEC28-B43.5",
            "count": 100,
            "created_time": "2024-12-28T17:03:52.5173Z",
            "yes_price": 16,
            "no_price": 84,
            "taker_side": "yes"
        },
        {
            "trade_id": "4aab65fc-e183-4c18-a3dd-4e62d0b2ee67",
            "ticker": "KXHIGHNY-24DEC28-B43.5",
            "count": 168,
            "created_time": "2024-12-28T17:03:52.5173Z",
            "yes_price": 10,
            "no_price": 90,
            "taker_side": "yes"
        },
        {
            "trade_id": "39861332-1047-409f-b776-40fd4c20b6ab",
            "ticker": "KXHIGHNY-24DEC28-B43.5",
            "count": 96,
            "created_time": "2024-12-28T17:03:52.5173Z",
            "yes_price": 18,
            "no_price": 82,
            "taker_side": "yes"
        },
        {
            "trade_id": "333b1e45-ec24-4fac-b10f-e11c12f85424",
            "ticker": "KXHIGHNY-24DEC28-B43.5",
            "count": 2,
            "created_time": "2024-12-28T17:03:52.5173Z",
            "yes_price": 9,
            "no_price": 91,
            "taker_side": "yes"
        },
        {
            "trade_id": "04d05854-c723-471b-9f39-a9f7b70a3d2b",
            "ticker": "KXHIGHNY-24DEC28-B43.5",
            "count": 14,
            "created_time": "2024-12-28T17:03:52.5173Z",
            "yes_price": 13,
            "no_price": 87,
            "taker_side": "yes"
        },
        {
            "trade_id": "f077e7ae-b399-49db-99b1-a27f6809f8a0",
            "ticker": "KXHIGHNY-24DEC28-B43.5",
            "count": 107,
            "created_time": "2024-12-28T16:58:50.163503Z",
            "yes_price": 7,
            "no_price": 93,
            "taker_side": "no"
        },
        {
            "trade_id": "a8334f51-1e9f-4dac-bdff-c53922cea906",
            "ticker": "KXHIGHNY-24DEC28-B43.5",
            "count": 113,
            "created_time": "2024-12-28T16:58:41.854466Z",
            "yes_price": 8,
            "no_price": 92,
            "taker_side": "no"
        },
        {
            "trade_id": "e3548336-a58f-45a8-af8f-cb3dac1fdf43",
            "ticker": "KXHIGHNY-24DEC28-B43.5",
            "count": 240,
            "created_time": "2024-12-28T16:58:14.132171Z",
            "yes_price": 8,
            "no_price": 92,
            "taker_side": "no"
        },
        {
            "trade_id": "eaaaa861-4f8d-4972-8da3-853b9cbc8b5a",
            "ticker": "KXHIGHNY-24DEC28-B43.5",
            "count": 2,
            "created_time": "2024-12-28T16:57:44.281174Z",
            "yes_price": 9,
            "no_price": 91,
            "taker_side": "no"
        },
        {
            "trade_id": "c80ec736-190d-4be2-b426-73c7f332d0f3",
            "ticker": "KXHIGHNY-24DEC28-B43.5",
            "count": 52,
            "created_time": "2024-12-28T16:57:44.281174Z",
            "yes_price": 8,
            "no_price": 92,
            "taker_side": "no"
        },
        {
            "trade_id": "f03b1b55-fc75-452a-a59f-1c21ed638bdc",
            "ticker": "KXHIGHNY-24DEC28-B43.5",
            "count": 40,
            "created_time": "2024-12-28T16:56:59.418679Z",
            "yes_price": 12,
            "no_price": 88,
            "taker_side": "yes"
        },
        {
            "trade_id": "e3b477c2-2923-408e-8f74-e39c179bc31b",
            "ticker": "KXHIGHNY-24DEC28-B43.5",
            "count": 139,
            "created_time": "2024-12-28T16:56:59.418679Z",
            "yes_price": 12,
            "no_price": 88,
            "taker_side": "yes"
        },
        {
            "trade_id": "aa51805a-8008-4cc1-9674-a7a5c6dc7a06",
            "ticker": "KXHIGHNY-24DEC28-B43.5",
            "count": 61,
            "created_time": "2024-12-28T16:56:59.418679Z",
            "yes_price": 12,
            "no_price": 88,
            "taker_side": "yes"
        },
        {
            "trade_id": "729c687d-9a13-490e-abc0-1809d3f52931",
            "ticker": "KXHIGHNY-24DEC28-B43.5",
            "count": 1,
            "created_time": "2024-12-28T16:53:47.890051Z",
            "yes_price": 11,
            "no_price": 89,
            "taker_side": "yes"
        },
        {
            "trade_id": "180b3549-daf1-4ec6-a48c-5f606a2c956b",
            "ticker": "KXHIGHNY-24DEC28-B43.5",
            "count": 39,
            "created_time": "2024-12-28T16:53:47.890051Z",
            "yes_price": 12,
            "no_price": 88,
            "taker_side": "yes"
        },
        {
            "trade_id": "4d595b49-a29e-4a3a-acf7-da83f70629be",
            "ticker": "KXHIGHNY-24DEC28-B43.5",
            "count": 1,
            "created_time": "2024-12-28T16:52:00.665887Z",
            "yes_price": 10,
            "no_price": 90,
            "taker_side": "no"
        },
        {
            "trade_id": "1df0152d-ee78-45a3-9535-9aa9c24b7b7c",
            "ticker": "KXHIGHNY-24DEC28-B43.5",
            "count": 500,
            "created_time": "2024-12-28T16:52:00.176465Z",
            "yes_price": 10,
            "no_price": 90,
            "taker_side": "yes"
        },
        {
            "trade_id": "f06a9a7e-7c9a-4556-9069-c2a99ccb14d8",
            "ticker": "KXHIGHNY-24DEC28-B43.5",
            "count": 1,
            "created_time": "2024-12-28T16:46:22.412825Z",
            "yes_price": 9,
            "no_price": 91,
            "taker_side": "no"
        },
        {
            "trade_id": "9ff9593b-7667-400b-81ec-5be821d25947",
            "ticker": "KXHIGHNY-24DEC28-B43.5",
            "count": 46,
            "created_time": "2024-12-28T16:41:50.281512Z",
            "yes_price": 10,
            "no_price": 90,
            "taker_side": "yes"
        },
        {
            "trade_id": "325d5ce8-1abf-43ae-9ebb-2416b607e126",
            "ticker": "KXHIGHNY-24DEC28-B43.5",
            "count": 54,
            "created_time": "2024-12-28T16:41:50.281512Z",
            "yes_price": 10,
            "no_price": 90,
            "taker_side": "yes"
        },
        {
            "trade_id": "20517a75-c893-45a2-b64d-344b02b44fb4",
            "ticker": "KXHIGHNY-24DEC28-B43.5",
            "count": 28,
            "created_time": "2024-12-28T16:41:19.745059Z",
            "yes_price": 10,
            "no_price": 90,
            "taker_side": "yes"
        },
        {
            "trade_id": "4a00616b-f197-43b5-905b-48064d975dd6",
            "ticker": "KXHIGHNY-24DEC28-B43.5",
            "count": 18,
            "created_time": "2024-12-28T16:40:46.021906Z",
            "yes_price": 10,
            "no_price": 90,
            "taker_side": "yes"
        },
        {
            "trade_id": "e09c6822-3c20-4dc3-899b-8a16d43d87de",
            "ticker": "KXHIGHNY-24DEC28-B43.5",
            "count": 200,
            "created_time": "2024-12-28T16:39:42.471728Z",
            "yes_price": 10,
            "no_price": 90,
            "taker_side": "yes"
        },
        {
            "trade_id": "7c08b4db-8ee6-4719-8906-57400a3811f9",
            "ticker": "KXHIGHNY-24DEC28-B43.5",
            "count": 1000,
            "created_time": "2024-12-28T16:39:25.59705Z",
            "yes_price": 10,
            "no_price": 90,
            "taker_side": "yes"
        },
        {
            "trade_id": "362fca4b-6330-48a0-a1e7-9c9147ceb384",
            "ticker": "KXHIGHNY-24DEC28-B43.5",
            "count": 30,
            "created_time": "2024-12-28T16:39:25.59705Z",
            "yes_price": 10,
            "no_price": 90,
            "taker_side": "yes"
        },
        {
            "trade_id": "2b89adde-68fd-4ae3-9ed5-452ac81be3df",
            "ticker": "KXHIGHNY-24DEC28-B43.5",
            "count": 150,
            "created_time": "2024-12-28T16:39:25.59705Z",
            "yes_price": 9,
            "no_price": 91,
            "taker_side": "yes"
        },
        {
            "trade_id": "a0005aff-a408-4c30-a867-a60df397557f",
            "ticker": "KXHIGHNY-24DEC28-B43.5",
            "count": 406,
            "created_time": "2024-12-28T16:39:06.535574Z",
            "yes_price": 8,
            "no_price": 92,
            "taker_side": "yes"
        },
        {
            "trade_id": "50ef6983-60e7-4d42-89aa-0258b0104919",
            "ticker": "KXHIGHNY-24DEC28-B43.5",
            "count": 2,
            "created_time": "2024-12-28T16:39:06.535574Z",
            "yes_price": 7,
            "no_price": 93,
            "taker_side": "yes"
        },
        {
            "trade_id": "e0e1a90a-a04f-4366-a087-0b3639b92cbe",
            "ticker": "KXHIGHNY-24DEC28-B43.5",
            "count": 152,
            "created_time": "2024-12-28T16:37:42.007217Z",
            "yes_price": 6,
            "no_price": 94,
            "taker_side": "no"
        },
        {
            "trade_id": "7a6877a6-f4fd-4694-a079-b6a64115ffca",
            "ticker": "KXHIGHNY-24DEC28-B43.5",
            "count": 100,
            "created_time": "2024-12-28T16:37:42.007217Z",
            "yes_price": 6,
            "no_price": 94,
            "taker_side": "no"
        },
        {
            "trade_id": "62005766-527f-4f92-8fa4-4a0b59dedf71",
            "ticker": "KXHIGHNY-24DEC28-B43.5",
            "count": 50,
            "created_time": "2024-12-28T16:37:42.007217Z",
            "yes_price": 8,
            "no_price": 92,
            "taker_side": "no"
        },
        {
            "trade_id": "3ea7e3c3-00bd-46de-b944-68f8dfbfc72b",
            "ticker": "KXHIGHNY-24DEC28-B43.5",
            "count": 717,
            "created_time": "2024-12-28T16:37:42.007217Z",
            "yes_price": 4,
            "no_price": 96,
            "taker_side": "no"
        },
        {
            "trade_id": "294b69fd-47c2-43f5-82eb-ad43e0be753b",
            "ticker": "KXHIGHNY-24DEC28-B43.5",
            "count": 32,
            "created_time": "2024-12-28T16:37:42.007217Z",
            "yes_price": 8,
            "no_price": 92,
            "taker_side": "no"
        },
        {
            "trade_id": "0e9daedb-a42e-4829-bfe2-14e465778499",
            "ticker": "KXHIGHNY-24DEC28-B43.5",
            "count": 240,
            "created_time": "2024-12-28T16:37:42.007217Z",
            "yes_price": 5,
            "no_price": 95,
            "taker_side": "no"
        },
        {
            "trade_id": "de434fb9-5415-4169-83e4-1864c79e6925",
            "ticker": "KXHIGHNY-24DEC28-B43.5",
            "count": 152,
            "created_time": "2024-12-28T16:34:41.676921Z",
            "yes_price": 10,
            "no_price": 90,
            "taker_side": "yes"
        },
        {
            "trade_id": "777f3395-4312-4248-8639-e86096947f9a",
            "ticker": "KXHIGHNY-24DEC28-B43.5",
            "count": 1,
            "created_time": "2024-12-28T16:34:32.369195Z",
            "yes_price": 9,
            "no_price": 91,
            "taker_side": "yes"
        },
        {
            "trade_id": "343c306f-5af3-4886-a9cc-eb8c28e72948",
            "ticker": "KXHIGHNY-24DEC28-B43.5",
            "count": 153,
            "created_time": "2024-12-28T16:34:32.369195Z",
            "yes_price": 10,
            "no_price": 90,
            "taker_side": "yes"
        },
        {
            "trade_id": "c837d911-69ed-46a2-ad28-e6a3be366404",
            "ticker": "KXHIGHNY-24DEC28-B43.5",
            "count": 240,
            "created_time": "2024-12-28T16:28:14.867235Z",
            "yes_price": 10,
            "no_price": 90,
            "taker_side": "yes"
        },
        {
            "trade_id": "c4270b49-148b-4e80-a4a3-032ff7c0290c",
            "ticker": "KXHIGHNY-24DEC28-B43.5",
            "count": 519,
            "created_time": "2024-12-28T16:28:14.867235Z",
            "yes_price": 10,
            "no_price": 90,
            "taker_side": "yes"
        },
        {
            "trade_id": "9f5c2b11-537e-4ae8-bde8-e40291380ec3",
            "ticker": "KXHIGHNY-24DEC28-B43.5",
            "count": 240,
            "created_time": "2024-12-28T16:28:14.867235Z",
            "yes_price": 12,
            "no_price": 88,
            "taker_side": "yes"
        },
        {
            "trade_id": "773bf801-26d6-44ec-97ee-ba966a6e847e",
            "ticker": "KXHIGHNY-24DEC28-B43.5",
            "count": 240,
            "created_time": "2024-12-28T16:28:14.867235Z",
            "yes_price": 11,
            "no_price": 89,
            "taker_side": "yes"
        },
        {
            "trade_id": "61ce8fcb-33a5-4c96-bb0c-ee1f2c04337a",
            "ticker": "KXHIGHNY-24DEC28-B43.5",
            "count": 150,
            "created_time": "2024-12-28T16:28:14.867235Z",
            "yes_price": 10,
            "no_price": 90,
            "taker_side": "yes"
        },
        {
            "trade_id": "45c5411c-b427-434d-963b-9a8699678fdd",
            "ticker": "KXHIGHNY-24DEC28-B43.5",
            "count": 1,
            "created_time": "2024-12-28T16:28:14.867235Z",
            "yes_price": 9,
            "no_price": 91,
            "taker_side": "yes"
        },
        {
            "trade_id": "26b6b688-bc3d-49d5-925d-bb7b9474a527",
            "ticker": "KXHIGHNY-24DEC28-B43.5",
            "count": 500,
            "created_time": "2024-12-28T16:28:14.867235Z",
            "yes_price": 11,
            "no_price": 89,
            "taker_side": "yes"
        },
        {
            "trade_id": "eac6e104-70b8-458d-8887-ea2c665e916d",
            "ticker": "KXHIGHNY-24DEC28-B43.5",
            "count": 26,
            "created_time": "2024-12-28T16:26:54.232296Z",
            "yes_price": 8,
            "no_price": 92,
            "taker_side": "yes"
        },
        {
            "trade_id": "c04d9504-0391-4259-bf2b-ce80a42f5d27",
            "ticker": "KXHIGHNY-24DEC28-B43.5",
            "count": 100,
            "created_time": "2024-12-28T16:26:54.232296Z",
            "yes_price": 9,
            "no_price": 91,
            "taker_side": "yes"
        },
        {
            "trade_id": "85ba89b3-d39e-4aa2-bcfe-ba5e2517d3e7",
            "ticker": "KXHIGHNY-24DEC28-B43.5",
            "count": 100,
            "created_time": "2024-12-28T16:26:54.232296Z",
            "yes_price": 9,
            "no_price": 91,
            "taker_side": "yes"
        },
        {
            "trade_id": "84058d7e-a4e4-4df9-a7ad-87431310bbf4",
            "ticker": "KXHIGHNY-24DEC28-B43.5",
            "count": 74,
            "created_time": "2024-12-28T16:26:54.232296Z",
            "yes_price": 8,
            "no_price": 92,
            "taker_side": "yes"
        },
        {
            "trade_id": "701273f1-29f5-4d1f-ae06-e9c28b90b815",
            "ticker": "KXHIGHNY-24DEC28-B43.5",
            "count": 242,
            "created_time": "2024-12-28T16:26:54.232296Z",
            "yes_price": 8,
            "no_price": 92,
            "taker_side": "yes"
        },
        {
            "trade_id": "65ab3eb4-8410-4d2e-b11f-f6bfa76bbda9",
            "ticker": "KXHIGHNY-24DEC28-B43.5",
            "count": 12,
            "created_time": "2024-12-28T16:26:54.232296Z",
            "yes_price": 9,
            "no_price": 91,
            "taker_side": "yes"
        },
        {
            "trade_id": "53394d0c-9191-48f1-bae2-f781fecfa047",
            "ticker": "KXHIGHNY-24DEC28-B43.5",
            "count": 5,
            "created_time": "2024-12-28T16:26:54.232296Z",
            "yes_price": 7,
            "no_price": 93,
            "taker_side": "yes"
        },
        {
            "trade_id": "3dfa8874-5eea-4460-959a-a26314dbbbeb",
            "ticker": "KXHIGHNY-24DEC28-B43.5",
            "count": 1,
            "created_time": "2024-12-28T16:26:54.232296Z",
            "yes_price": 9,
            "no_price": 91,
            "taker_side": "yes"
        },
        {
            "trade_id": "70e50d8f-9fc3-4ef0-96b6-ea6b95651128",
            "ticker": "KXHIGHNY-24DEC28-B43.5",
            "count": 4,
            "created_time": "2024-12-28T16:22:20.253032Z",
            "yes_price": 5,
            "no_price": 95,
            "taker_side": "no"
        },
        {
            "trade_id": "599c6f6a-e3be-40a3-a97e-6527580a68a4",
            "ticker": "KXHIGHNY-24DEC28-B43.5",
            "count": 343,
            "created_time": "2024-12-28T16:22:20.253032Z",
            "yes_price": 5,
            "no_price": 95,
            "taker_side": "no"
        },
        {
            "trade_id": "ce4c6421-cf7b-4e28-a805-3b96dcf78e10",
            "ticker": "KXHIGHNY-24DEC28-B43.5",
            "count": 40,
            "created_time": "2024-12-28T16:19:57.559521Z",
            "yes_price": 8,
            "no_price": 92,
            "taker_side": "yes"
        },
        {
            "trade_id": "c5a5c342-7546-45d4-ae79-495182c17f33",
            "ticker": "KXHIGHNY-24DEC28-B43.5",
            "count": 51,
            "created_time": "2024-12-28T16:19:57.559521Z",
            "yes_price": 8,
            "no_price": 92,
            "taker_side": "yes"
        },
        {
            "trade_id": "386586cf-8b4b-4df0-ae88-ba6fc27dc428",
            "ticker": "KXHIGHNY-24DEC28-B43.5",
            "count": 26,
            "created_time": "2024-12-28T16:19:57.559521Z",
            "yes_price": 8,
            "no_price": 92,
            "taker_side": "yes"
        },
        {
            "trade_id": "f1e65825-ceff-4ebd-ba2b-0ce87d4cde40",
            "ticker": "KXHIGHNY-24DEC28-B43.5",
            "count": 100,
            "created_time": "2024-12-28T16:19:02.21044Z",
            "yes_price": 8,
            "no_price": 92,
            "taker_side": "yes"
        },
        {
            "trade_id": "9dbeb6a7-8504-49ee-8df8-41e07e76750f",
            "ticker": "KXHIGHNY-24DEC28-B43.5",
            "count": 151,
            "created_time": "2024-12-28T16:19:02.21044Z",
            "yes_price": 8,
            "no_price": 92,
            "taker_side": "yes"
        },
        {
            "trade_id": "96adc3ef-96ae-4917-a562-f71f38ece8d7",
            "ticker": "KXHIGHNY-24DEC28-B43.5",
            "count": 49,
            "created_time": "2024-12-28T16:19:02.21044Z",
            "yes_price": 8,
            "no_price": 92,
            "taker_side": "yes"
        },
        {
            "trade_id": "2c414f25-ae7f-4430-8ed2-76f964a78f95",
            "ticker": "KXHIGHNY-24DEC28-B43.5",
            "count": 1,
            "created_time": "2024-12-28T16:18:45.956009Z",
            "yes_price": 7,
            "no_price": 93,
            "taker_side": "no"
        },
        {
            "trade_id": "478d8317-756b-431f-80a4-2e4eacdca566",
            "ticker": "KXHIGHNY-24DEC28-B43.5",
            "count": 4,
            "created_time": "2024-12-28T16:17:10.28545Z",
            "yes_price": 7,
            "no_price": 93,
            "taker_side": "yes"
        },
        {
            "trade_id": "c0dceee9-00b7-4f8f-b18c-f60f1acc420f",
            "ticker": "KXHIGHNY-24DEC28-B43.5",
            "count": 133,
            "created_time": "2024-12-28T15:58:09.753618Z",
            "yes_price": 7,
            "no_price": 93,
            "taker_side": "yes"
        },
        {
            "trade_id": "1bd1e53d-5bd8-4019-b665-b7fe0a22d054",
            "ticker": "KXHIGHNY-24DEC28-B43.5",
            "count": 1,
            "created_time": "2024-12-28T15:58:09.753618Z",
            "yes_price": 6,
            "no_price": 94,
            "taker_side": "yes"
        },
        {
            "trade_id": "d5934825-197b-4419-97df-1a86bd6f66ac",
            "ticker": "KXHIGHNY-24DEC28-B43.5",
            "count": 284,
            "created_time": "2024-12-28T15:57:13.8308Z",
            "yes_price": 5,
            "no_price": 95,
            "taker_side": "no"
        },
        {
            "trade_id": "ceded06a-be49-4c95-b4c1-ee69da319fda",
            "ticker": "KXHIGHNY-24DEC28-B43.5",
            "count": 54,
            "created_time": "2024-12-28T15:43:58.277757Z",
            "yes_price": 5,
            "no_price": 95,
            "taker_side": "no"
        },
        {
            "trade_id": "53df78dc-c51f-4b98-906f-8db5d436e90c",
            "ticker": "KXHIGHNY-24DEC28-B43.5",
            "count": 5,
            "created_time": "2024-12-28T15:34:44.245542Z",
            "yes_price": 8,
            "no_price": 92,
            "taker_side": "yes"
        },
        {
            "trade_id": "186bb11a-97fe-4992-a613-c0eea7f9e099",
            "ticker": "KXHIGHNY-24DEC28-B43.5",
            "count": 5,
            "created_time": "2024-12-28T15:34:44.245542Z",
            "yes_price": 9,
            "no_price": 91,
            "taker_side": "yes"
        },
        {
            "trade_id": "aa77a621-65d2-444f-903b-5a20c835d2c2",
            "ticker": "KXHIGHNY-24DEC28-B43.5",
            "count": 20,
            "created_time": "2024-12-28T15:33:43.090173Z",
            "yes_price": 5,
            "no_price": 95,
            "taker_side": "no"
        },
        {
            "trade_id": "1e90239e-b742-4f06-bfed-3d49f515e216",
            "ticker": "KXHIGHNY-24DEC28-B43.5",
            "count": 104,
            "created_time": "2024-12-28T15:33:33.885252Z",
            "yes_price": 9,
            "no_price": 91,
            "taker_side": "yes"
        },
        {
            "trade_id": "d9701a3f-0fef-4414-8d0e-607c953c8a8a",
            "ticker": "KXHIGHNY-24DEC28-B43.5",
            "count": 104,
            "created_time": "2024-12-28T15:24:05.230747Z",
            "yes_price": 9,
            "no_price": 91,
            "taker_side": "yes"
        },
        {
            "trade_id": "f2856ea7-37e9-43ec-9472-621d1ea659f8",
            "ticker": "KXHIGHNY-24DEC28-B43.5",
            "count": 731,
            "created_time": "2024-12-28T15:16:10.457684Z",
            "yes_price": 9,
            "no_price": 91,
            "taker_side": "yes"
        },
        {
            "trade_id": "613d5cc9-656a-4d18-9fe5-0f3fbb4d7bd7",
            "ticker": "KXHIGHNY-24DEC28-B43.5",
            "count": 19,
            "created_time": "2024-12-28T15:11:50.709405Z",
            "yes_price": 4,
            "no_price": 96,
            "taker_side": "no"
        },
        {
            "trade_id": "0433974e-ed69-431e-b14f-6245a354521c",
            "ticker": "KXHIGHNY-24DEC28-B43.5",
            "count": 1,
            "created_time": "2024-12-28T15:08:35.333903Z",
            "yes_price": 5,
            "no_price": 95,
            "taker_side": "no"
        },
        {
            "trade_id": "6f483243-992c-4799-82ca-fdd1611322c8",
            "ticker": "KXHIGHNY-24DEC28-B43.5",
            "count": 400,
            "created_time": "2024-12-28T15:08:16.384158Z",
            "yes_price": 6,
            "no_price": 94,
            "taker_side": "no"
        },
        {
            "trade_id": "23d157c0-f794-40b6-9030-9f3a5a784fdd",
            "ticker": "KXHIGHNY-24DEC28-B43.5",
            "count": 2,
            "created_time": "2024-12-28T15:08:02.196155Z",
            "yes_price": 7,
            "no_price": 93,
            "taker_side": "no"
        },
        {
            "trade_id": "bcb38bf6-cdc7-4654-9d00-0d6830d2520c",
            "ticker": "KXHIGHNY-24DEC28-B43.5",
            "count": 10,
            "created_time": "2024-12-28T15:05:21.302408Z",
            "yes_price": 8,
            "no_price": 92,
            "taker_side": "yes"
        },
        {
            "trade_id": "6e644a3c-0a70-43bb-9069-1c2b42dfc729",
            "ticker": "KXHIGHNY-24DEC28-B43.5",
            "count": 23,
            "created_time": "2024-12-28T15:05:08.611955Z",
            "yes_price": 7,
            "no_price": 93,
            "taker_side": "yes"
        },
        {
            "trade_id": "83a6a815-7506-49c7-8dae-96cb7baaecc2",
            "ticker": "KXHIGHNY-24DEC28-B43.5",
            "count": 20,
            "created_time": "2024-12-28T15:04:35.121167Z",
            "yes_price": 7,
            "no_price": 93,
            "taker_side": "yes"
        },
        {
            "trade_id": "fef0de10-c1f2-4cf9-be0d-138eaf988bb1",
            "ticker": "KXHIGHNY-24DEC28-B43.5",
            "count": 1,
            "created_time": "2024-12-28T15:03:03.631046Z",
            "yes_price": 7,
            "no_price": 93,
            "taker_side": "yes"
        },
        {
            "trade_id": "2587b538-f1a8-41b7-b771-39670fa2360b",
            "ticker": "KXHIGHNY-24DEC28-B43.5",
            "count": 7,
            "created_time": "2024-12-28T15:03:03.631046Z",
            "yes_price": 8,
            "no_price": 92,
            "taker_side": "yes"
        },
        {
            "trade_id": "3e88df37-6e36-451b-9883-0f9f9cea90fd",
            "ticker": "KXHIGHNY-24DEC28-B43.5",
            "count": 157,
            "created_time": "2024-12-28T14:39:18.144752Z",
            "yes_price": 5,
            "no_price": 95,
            "taker_side": "no"
        },
        {
            "trade_id": "64be42dc-be9c-44ec-8d03-e4da4588af90",
            "ticker": "KXHIGHNY-24DEC28-B43.5",
            "count": 10,
            "created_time": "2024-12-28T14:38:46.147275Z",
            "yes_price": 5,
            "no_price": 95,
            "taker_side": "no"
        },
        {
            "trade_id": "0bf7ad32-b9a1-484e-9ed8-0df2fb04bfb0",
            "ticker": "KXHIGHNY-24DEC28-B43.5",
            "count": 10,
            "created_time": "2024-12-28T14:12:03.719479Z",
            "yes_price": 6,
            "no_price": 94,
            "taker_side": "no"
        },
        {
            "trade_id": "47bd32c0-22c2-4ce3-a2c2-7594a9ddb3a6",
            "ticker": "KXHIGHNY-24DEC28-B43.5",
            "count": 1,
            "created_time": "2024-12-28T14:03:44.665266Z",
            "yes_price": 6,
            "no_price": 94,
            "taker_side": "no"
        },
        {
            "trade_id": "99c6a1de-bb37-4779-8aac-73112e9cb851",
            "ticker": "KXHIGHNY-24DEC28-B43.5",
            "count": 1,
            "created_time": "2024-12-28T14:03:39.558408Z",
            "yes_price": 6,
            "no_price": 94,
            "taker_side": "no"
        },
        {
            "trade_id": "ef82dbfe-5e16-456e-8628-b87361a195c3",
            "ticker": "KXHIGHNY-24DEC28-B43.5",
            "count": 1,
            "created_time": "2024-12-28T14:01:07.746083Z",
            "yes_price": 6,
            "no_price": 94,
            "taker_side": "no"
        },
        {
            "trade_id": "b960ec1a-4d5c-414b-badb-8a05471835cc",
            "ticker": "KXHIGHNY-24DEC28-B43.5",
            "count": 2,
            "created_time": "2024-12-28T14:00:36.233101Z",
            "yes_price": 6,
            "no_price": 94,
            "taker_side": "no"
        },
        {
            "trade_id": "e237b9a7-5fc7-41e5-b524-aa856a0ec91b",
            "ticker": "KXHIGHNY-24DEC28-B43.5",
            "count": 10,
            "created_time": "2024-12-28T13:47:22.769759Z",
            "yes_price": 5,
            "no_price": 95,
            "taker_side": "no"
        },
        {
            "trade_id": "fe81c473-0013-4333-9e5b-55c6e7fe1b1e",
            "ticker": "KXHIGHNY-24DEC28-B43.5",
            "count": 100,
            "created_time": "2024-12-28T13:43:50.714969Z",
            "yes_price": 6,
            "no_price": 94,
            "taker_side": "no"
        },
        {
            "trade_id": "6aa7772f-59f0-40fc-b190-764c86469e6c",
            "ticker": "KXHIGHNY-24DEC28-B43.5",
            "count": 25,
            "created_time": "2024-12-28T13:33:00.493242Z",
            "yes_price": 6,
            "no_price": 94,
            "taker_side": "no"
        },
        {
            "trade_id": "a34b088c-83a3-4b24-aedf-6590798e57b9",
            "ticker": "KXHIGHNY-24DEC28-B43.5",
            "count": 7,
            "created_time": "2024-12-28T13:21:18.418015Z",
            "yes_price": 7,
            "no_price": 93,
            "taker_side": "no"
        },
        {
            "trade_id": "203f5962-eebb-4ef4-ab28-bcfbe2989ab3",
            "ticker": "KXHIGHNY-24DEC28-B43.5",
            "count": 13,
            "created_time": "2024-12-28T13:19:22.682763Z",
            "yes_price": 7,
            "no_price": 93,
            "taker_side": "no"
        },
        {
            "trade_id": "787389e1-6734-4e37-a21e-158a0159943f",
            "ticker": "KXHIGHNY-24DEC28-B43.5",
            "count": 7,
            "created_time": "2024-12-28T13:16:09.86596Z",
            "yes_price": 7,
            "no_price": 93,
            "taker_side": "no"
        },
        {
            "trade_id": "758fed2c-53bc-4e8e-bc76-71bbe0a09830",
            "ticker": "KXHIGHNY-24DEC28-B43.5",
            "count": 11,
            "created_time": "2024-12-28T13:15:43.907915Z",
            "yes_price": 7,
            "no_price": 93,
            "taker_side": "no"
        },
        {
            "trade_id": "f964bff6-e519-4444-a6ed-fb3e8e20bb72",
            "ticker": "KXHIGHNY-24DEC28-B43.5",
            "count": 26,
            "created_time": "2024-12-28T13:09:36.521284Z",
            "yes_price": 8,
            "no_price": 92,
            "taker_side": "no"
        },
        {
            "trade_id": "e708b5db-6be3-4791-bc06-4cf08d4b0dee",
            "ticker": "KXHIGHNY-24DEC28-B43.5",
            "count": 74,
            "created_time": "2024-12-28T13:09:36.521284Z",
            "yes_price": 8,
            "no_price": 92,
            "taker_side": "no"
        },
        {
            "trade_id": "d1abac78-a81d-453f-8d85-689b202c6ad3",
            "ticker": "KXHIGHNY-24DEC28-B43.5",
            "count": 87,
            "created_time": "2024-12-28T13:09:36.521284Z",
            "yes_price": 7,
            "no_price": 93,
            "taker_side": "no"
        },
        {
            "trade_id": "80f4faec-d6d6-407c-884e-787dbc7c5f16",
            "ticker": "KXHIGHNY-24DEC28-B43.5",
            "count": 6,
            "created_time": "2024-12-28T13:06:29.698895Z",
            "yes_price": 8,
            "no_price": 92,
            "taker_side": "no"
        },
        {
            "trade_id": "342190cb-d04d-449a-865b-6072acef4746",
            "ticker": "KXHIGHNY-24DEC28-B43.5",
            "count": 6,
            "created_time": "2024-12-28T13:06:29.57875Z",
            "yes_price": 8,
            "no_price": 92,
            "taker_side": "no"
        },
        {
            "trade_id": "f3451620-d92f-402b-b361-ecaba0e97ef6",
            "ticker": "KXHIGHNY-24DEC28-B43.5",
            "count": 6,
            "created_time": "2024-12-28T13:06:29.494278Z",
            "yes_price": 8,
            "no_price": 92,
            "taker_side": "no"
        },
        {
            "trade_id": "900b4d3c-ea5f-4ee4-8707-525ae526f2d0",
            "ticker": "KXHIGHNY-24DEC28-B43.5",
            "count": 8,
            "created_time": "2024-12-28T13:06:28.037909Z",
            "yes_price": 8,
            "no_price": 92,
            "taker_side": "no"
        },
        {
            "trade_id": "a7683991-3365-420e-905c-403e9722dce2",
            "ticker": "KXHIGHNY-24DEC28-B43.5",
            "count": 163,
            "created_time": "2024-12-28T13:01:59.245865Z",
            "yes_price": 9,
            "no_price": 91,
            "taker_side": "no"
        },
        {
            "trade_id": "6969e76f-dc8b-4838-aca6-625f7c8329e6",
            "ticker": "KXHIGHNY-24DEC28-B43.5",
            "count": 338,
            "created_time": "2024-12-28T07:59:50.874146Z",
            "yes_price": 11,
            "no_price": 89,
            "taker_side": "yes"
        },
        {
            "trade_id": "389d01f4-8da8-4035-afec-e2f78ccd0818",
            "ticker": "KXHIGHNY-24DEC28-B43.5",
            "count": 400,
            "created_time": "2024-12-28T07:54:21.829932Z",
            "yes_price": 12,
            "no_price": 88,
            "taker_side": "yes"
        },
        {
            "trade_id": "c2c3dce5-3f63-4728-b157-de5bace2a0cb",
            "ticker": "KXHIGHNY-24DEC28-B43.5",
            "count": 204,
            "created_time": "2024-12-28T07:50:59.788772Z",
            "yes_price": 11,
            "no_price": 89,
            "taker_side": "no"
        },
        {
            "trade_id": "90a80622-4811-4008-b398-b7b43f8f4f9e",
            "ticker": "KXHIGHNY-24DEC28-B43.5",
            "count": 35,
            "created_time": "2024-12-28T07:48:28.019426Z",
            "yes_price": 9,
            "no_price": 91,
            "taker_side": "yes"
        },
        {
            "trade_id": "e902b5b8-00f5-49af-9934-74f1a591cf49",
            "ticker": "KXHIGHNY-24DEC28-B43.5",
            "count": 5,
            "created_time": "2024-12-28T07:44:28.759576Z",
            "yes_price": 9,
            "no_price": 91,
            "taker_side": "yes"
        },
        {
            "trade_id": "f9510274-e9e2-4fe1-8510-a59c92c889cf",
            "ticker": "KXHIGHNY-24DEC28-B43.5",
            "count": 1000,
            "created_time": "2024-12-28T07:38:11.564913Z",
            "yes_price": 5,
            "no_price": 95,
            "taker_side": "yes"
        },
        {
            "trade_id": "b8c2859e-44a5-4be5-9917-c06f96b45b21",
            "ticker": "KXHIGHNY-24DEC28-B43.5",
            "count": 60,
            "created_time": "2024-12-28T07:38:11.564913Z",
            "yes_price": 9,
            "no_price": 91,
            "taker_side": "yes"
        },
        {
            "trade_id": "a12dcafe-aacf-4d27-bcdf-a654ef057f55",
            "ticker": "KXHIGHNY-24DEC28-B43.5",
            "count": 240,
            "created_time": "2024-12-28T07:38:11.564913Z",
            "yes_price": 8,
            "no_price": 92,
            "taker_side": "yes"
        },
        {
            "trade_id": "4bb50dae-2933-4dd8-9cef-a3975cb395c1",
            "ticker": "KXHIGHNY-24DEC28-B43.5",
            "count": 240,
            "created_time": "2024-12-28T07:38:11.564913Z",
            "yes_price": 8,
            "no_price": 92,
            "taker_side": "yes"
        },
        {
            "trade_id": "5fcbc52f-1684-4be7-9c9e-5eb4d2035af5",
            "ticker": "KXHIGHNY-24DEC28-B43.5",
            "count": 187,
            "created_time": "2024-12-28T05:48:33.577469Z",
            "yes_price": 5,
            "no_price": 95,
            "taker_side": "yes"
        },
        {
            "trade_id": "27f732d1-ec9a-463f-9e88-0eecd1bdfe91",
            "ticker": "KXHIGHNY-24DEC28-B43.5",
            "count": 10,
            "created_time": "2024-12-28T05:12:30.876537Z",
            "yes_price": 3,
            "no_price": 97,
            "taker_side": "no"
        },
        {
            "trade_id": "f1acf3de-97d5-46c5-bf1d-a63ce9bf82e5",
            "ticker": "KXHIGHNY-24DEC28-B43.5",
            "count": 48,
            "created_time": "2024-12-28T04:53:18.856399Z",
            "yes_price": 7,
            "no_price": 93,
            "taker_side": "yes"
        },
        {
            "trade_id": "bceab733-d8a5-4857-81c7-b4e60b547042",
            "ticker": "KXHIGHNY-24DEC28-B43.5",
            "count": 100,
            "created_time": "2024-12-28T04:53:18.856399Z",
            "yes_price": 6,
            "no_price": 94,
            "taker_side": "yes"
        },
        {
            "trade_id": "998d5fcf-ad68-48ad-bdc7-1f3067fd74cb",
            "ticker": "KXHIGHNY-24DEC28-B43.5",
            "count": 240,
            "created_time": "2024-12-28T04:52:38.318922Z",
            "yes_price": 6,
            "no_price": 94,
            "taker_side": "yes"
        },
        {
            "trade_id": "79888264-c795-4b2c-8b92-038d92519b0a",
            "ticker": "KXHIGHNY-24DEC28-B43.5",
            "count": 11,
            "created_time": "2024-12-28T04:52:29.153343Z",
            "yes_price": 5,
            "no_price": 95,
            "taker_side": "yes"
        },
        {
            "trade_id": "f44c0085-3620-45ec-9421-40459e49dd00",
            "ticker": "KXHIGHNY-24DEC28-B43.5",
            "count": 8,
            "created_time": "2024-12-28T04:42:30.642517Z",
            "yes_price": 5,
            "no_price": 95,
            "taker_side": "no"
        },
        {
            "trade_id": "0ffeb51c-6e64-4542-b506-221b406578cf",
            "ticker": "KXHIGHNY-24DEC28-B43.5",
            "count": 19,
            "created_time": "2024-12-28T04:42:30.616653Z",
            "yes_price": 5,
            "no_price": 95,
            "taker_side": "no"
        },
        {
            "trade_id": "d5706371-e90a-42ea-a083-8a5c0acbcce8",
            "ticker": "KXHIGHNY-24DEC28-B43.5",
            "count": 2,
            "created_time": "2024-12-28T04:42:30.533403Z",
            "yes_price": 5,
            "no_price": 95,
            "taker_side": "no"
        },
        {
            "trade_id": "f3da3713-f82f-4b73-aa4d-6ce2a8033d4c",
            "ticker": "KXHIGHNY-24DEC28-B43.5",
            "count": 2,
            "created_time": "2024-12-28T04:42:30.202036Z",
            "yes_price": 5,
            "no_price": 95,
            "taker_side": "no"
        },
        {
            "trade_id": "07183561-ddbf-467d-b883-164f584d9b07",
            "ticker": "KXHIGHNY-24DEC28-B43.5",
            "count": 2,
            "created_time": "2024-12-28T04:42:30.200828Z",
            "yes_price": 5,
            "no_price": 95,
            "taker_side": "no"
        },
        {
            "trade_id": "b92782be-6eaf-421c-8013-f04cd935dd5f",
            "ticker": "KXHIGHNY-24DEC28-B43.5",
            "count": 2,
            "created_time": "2024-12-28T04:42:30.052485Z",
            "yes_price": 5,
            "no_price": 95,
            "taker_side": "no"
        },
        {
            "trade_id": "0b63d256-1d13-402a-bb8f-24116cb98c15",
            "ticker": "KXHIGHNY-24DEC28-B43.5",
            "count": 1,
            "created_time": "2024-12-28T04:39:30.938865Z",
            "yes_price": 5,
            "no_price": 95,
            "taker_side": "no"
        },
        {
            "trade_id": "ee276ba6-8748-42ca-96de-519aaa8ce8fb",
            "ticker": "KXHIGHNY-24DEC28-B43.5",
            "count": 100,
            "created_time": "2024-12-28T03:49:09.355343Z",
            "yes_price": 10,
            "no_price": 90,
            "taker_side": "yes"
        },
        {
            "trade_id": "bed82d65-9ace-47a3-acf9-9883c67e34e4",
            "ticker": "KXHIGHNY-24DEC28-B43.5",
            "count": 100,
            "created_time": "2024-12-28T03:49:09.355343Z",
            "yes_price": 10,
            "no_price": 90,
            "taker_side": "yes"
        },
        {
            "trade_id": "ab8716b4-4c28-49ae-8467-2b95ab91b902",
            "ticker": "KXHIGHNY-24DEC28-B43.5",
            "count": 100,
            "created_time": "2024-12-28T03:49:09.355343Z",
            "yes_price": 9,
            "no_price": 91,
            "taker_side": "yes"
        },
        {
            "trade_id": "8d4ab2b8-4181-48af-93bd-bc15bb730936",
            "ticker": "KXHIGHNY-24DEC28-B43.5",
            "count": 5,
            "created_time": "2024-12-28T03:49:09.355343Z",
            "yes_price": 7,
            "no_price": 93,
            "taker_side": "yes"
        },
        {
            "trade_id": "6faa6fd3-bf79-4bbb-be50-619ec66c9fa6",
            "ticker": "KXHIGHNY-24DEC28-B43.5",
            "count": 147,
            "created_time": "2024-12-28T03:49:09.355343Z",
            "yes_price": 8,
            "no_price": 92,
            "taker_side": "yes"
        },
        {
            "trade_id": "1fb2300c-5b2e-4e48-b399-eb5d4251e985",
            "ticker": "KXHIGHNY-24DEC28-B43.5",
            "count": 9,
            "created_time": "2024-12-28T03:49:09.355343Z",
            "yes_price": 11,
            "no_price": 89,
            "taker_side": "yes"
        },
        {
            "trade_id": "18a1a376-3ef8-4319-89b7-30dce5dfca83",
            "ticker": "KXHIGHNY-24DEC28-B43.5",
            "count": 40,
            "created_time": "2024-12-28T03:49:09.355343Z",
            "yes_price": 10,
            "no_price": 90,
            "taker_side": "yes"
        },
        {
            "trade_id": "140fa606-1828-4643-86f5-0515868ae477",
            "ticker": "KXHIGHNY-24DEC28-B43.5",
            "count": 11,
            "created_time": "2024-12-28T03:49:09.355343Z",
            "yes_price": 8,
            "no_price": 92,
            "taker_side": "yes"
        },
        {
            "trade_id": "904877ca-1b39-4c78-afd6-7c400b95e84f",
            "ticker": "KXHIGHNY-24DEC28-B43.5",
            "count": 11,
            "created_time": "2024-12-28T03:39:09.089681Z",
            "yes_price": 6,
            "no_price": 94,
            "taker_side": "no"
        },
        {
            "trade_id": "923787a2-bc82-46a9-b4f3-10c5503fe9cc",
            "ticker": "KXHIGHNY-24DEC28-B43.5",
            "count": 31,
            "created_time": "2024-12-28T03:38:03.625375Z",
            "yes_price": 8,
            "no_price": 92,
            "taker_side": "yes"
        },
        {
            "trade_id": "54141778-c366-4c4d-9313-afef634d65ae",
            "ticker": "KXHIGHNY-24DEC28-B43.5",
            "count": 4,
            "created_time": "2024-12-28T03:38:03.625375Z",
            "yes_price": 7,
            "no_price": 93,
            "taker_side": "yes"
        },
        {
            "trade_id": "7a97fd27-bffb-404a-a99e-b4a34e057ab1",
            "ticker": "KXHIGHNY-24DEC28-B43.5",
            "count": 25,
            "created_time": "2024-12-28T03:20:06.952133Z",
            "yes_price": 6,
            "no_price": 94,
            "taker_side": "no"
        },
        {
            "trade_id": "b432a255-62de-4042-b32f-c9e32f833407",
            "ticker": "KXHIGHNY-24DEC28-B43.5",
            "count": 42,
            "created_time": "2024-12-28T02:48:24.619845Z",
            "yes_price": 8,
            "no_price": 92,
            "taker_side": "no"
        },
        {
            "trade_id": "3fa2f6b3-d97d-40fa-835f-352591dd3788",
            "ticker": "KXHIGHNY-24DEC28-B43.5",
            "count": 1,
            "created_time": "2024-12-28T00:42:36.678537Z",
            "yes_price": 10,
            "no_price": 90,
            "taker_side": "no"
        },
        {
            "trade_id": "945bdd99-cd66-4189-8eac-c78b44ba6823",
            "ticker": "KXHIGHNY-24DEC28-B43.5",
            "count": 19,
            "created_time": "2024-12-28T00:36:33.821233Z",
            "yes_price": 15,
            "no_price": 85,
            "taker_side": "no"
        },
        {
            "trade_id": "78eacba8-4551-4b5d-8189-a84cd6a36e79",
            "ticker": "KXHIGHNY-24DEC28-B43.5",
            "count": 46,
            "created_time": "2024-12-28T00:36:33.821233Z",
            "yes_price": 11,
            "no_price": 89,
            "taker_side": "no"
        },
        {
            "trade_id": "739b659a-bdd2-47ff-bf7b-16b22c9d28f7",
            "ticker": "KXHIGHNY-24DEC28-B43.5",
            "count": 1,
            "created_time": "2024-12-28T00:36:33.821233Z",
            "yes_price": 15,
            "no_price": 85,
            "taker_side": "no"
        },
        {
            "trade_id": "22a64774-0738-438d-88d2-5ce8c0bb7f58",
            "ticker": "KXHIGHNY-24DEC28-B43.5",
            "count": 240,
            "created_time": "2024-12-28T00:36:33.743064Z",
            "yes_price": 15,
            "no_price": 85,
            "taker_side": "no"
        },
        {
            "trade_id": "c1e02e45-21d6-47c3-9bd5-106389c5b1a9",
            "ticker": "KXHIGHNY-24DEC28-B43.5",
            "count": 240,
            "created_time": "2024-12-28T00:36:33.662153Z",
            "yes_price": 15,
            "no_price": 85,
            "taker_side": "no"
        },
        {
            "trade_id": "89e8edae-3131-49e2-984e-2ea1f63bf22a",
            "ticker": "KXHIGHNY-24DEC28-B43.5",
            "count": 30,
            "created_time": "2024-12-28T00:00:07.748028Z",
            "yes_price": 16,
            "no_price": 84,
            "taker_side": "no"
        },
        {
            "trade_id": "1b428709-b4c8-443e-8af6-7162bbfa8eb6",
            "ticker": "KXHIGHNY-24DEC28-B43.5",
            "count": 1,
            "created_time": "2024-12-27T23:48:30.589291Z",
            "yes_price": 17,
            "no_price": 83,
            "taker_side": "no"
        },
        {
            "trade_id": "c4519454-f014-4ea9-aa74-99af9ea99320",
            "ticker": "KXHIGHNY-24DEC28-B43.5",
            "count": 73,
            "created_time": "2024-12-27T23:25:57.323603Z",
            "yes_price": 19,
            "no_price": 81,
            "taker_side": "yes"
        },
        {
            "trade_id": "3bd381af-ccad-4f66-820e-6e4e7d064988",
            "ticker": "KXHIGHNY-24DEC28-B43.5",
            "count": 1,
            "created_time": "2024-12-27T23:25:57.323603Z",
            "yes_price": 18,
            "no_price": 82,
            "taker_side": "yes"
        },
        {
            "trade_id": "0980a7f3-879f-4a8c-b735-0f270a6f88ad",
            "ticker": "KXHIGHNY-24DEC28-B43.5",
            "count": 1,
            "created_time": "2024-12-27T23:25:51.797843Z",
            "yes_price": 18,
            "no_price": 82,
            "taker_side": "no"
        },
        {
            "trade_id": "b4276344-cd80-4e4b-b9c5-861ad9c9829e",
            "ticker": "KXHIGHNY-24DEC28-B43.5",
            "count": 14,
            "created_time": "2024-12-27T23:24:10.113587Z",
            "yes_price": 19,
            "no_price": 81,
            "taker_side": "yes"
        },
        {
            "trade_id": "76bc23ff-3e0b-4463-9216-fb22bfbb6395",
            "ticker": "KXHIGHNY-24DEC28-B43.5",
            "count": 1,
            "created_time": "2024-12-27T23:00:35.288708Z",
            "yes_price": 18,
            "no_price": 82,
            "taker_side": "yes"
        },
        {
            "trade_id": "031fd0c9-9cf8-456f-b247-be1dccf09c82",
            "ticker": "KXHIGHNY-24DEC28-B43.5",
            "count": 100,
            "created_time": "2024-12-27T22:38:41.571349Z",
            "yes_price": 17,
            "no_price": 83,
            "taker_side": "yes"
        },
        {
            "trade_id": "f8c013e2-b38b-45d4-a3c0-cc1d8ffc91ef",
            "ticker": "KXHIGHNY-24DEC28-B43.5",
            "count": 16,
            "created_time": "2024-12-27T22:17:51.236975Z",
            "yes_price": 18,
            "no_price": 82,
            "taker_side": "yes"
        },
        {
            "trade_id": "144a78c7-e2cd-48f4-9135-dffab3386966",
            "ticker": "KXHIGHNY-24DEC28-B43.5",
            "count": 9,
            "created_time": "2024-12-27T22:17:51.236975Z",
            "yes_price": 17,
            "no_price": 83,
            "taker_side": "yes"
        },
        {
            "trade_id": "dc6927e1-ad00-4ce8-bafa-7cc879409392",
            "ticker": "KXHIGHNY-24DEC28-B43.5",
            "count": 11,
            "created_time": "2024-12-27T22:16:08.676655Z",
            "yes_price": 17,
            "no_price": 83,
            "taker_side": "yes"
        },
        {
            "trade_id": "f15d84c7-006b-4795-bf35-0df82b3c8ddc",
            "ticker": "KXHIGHNY-24DEC28-B43.5",
            "count": 5,
            "created_time": "2024-12-27T22:10:40.938915Z",
            "yes_price": 17,
            "no_price": 83,
            "taker_side": "yes"
        },
        {
            "trade_id": "195be293-defe-4f08-a096-f1bf3734b11e",
            "ticker": "KXHIGHNY-24DEC28-B43.5",
            "count": 1,
            "created_time": "2024-12-27T21:55:30.704993Z",
            "yes_price": 15,
            "no_price": 85,
            "taker_side": "no"
        },
        {
            "trade_id": "a2bab7c7-805d-4983-9342-0ad195c216da",
            "ticker": "KXHIGHNY-24DEC28-B43.5",
            "count": 34,
            "created_time": "2024-12-27T21:04:56.326674Z",
            "yes_price": 15,
            "no_price": 85,
            "taker_side": "yes"
        },
        {
            "trade_id": "dc102474-e21f-4fa0-90dd-b071b67643ed",
            "ticker": "KXHIGHNY-24DEC28-B43.5",
            "count": 116,
            "created_time": "2024-12-27T20:35:18.104192Z",
            "yes_price": 15,
            "no_price": 85,
            "taker_side": "no"
        },
        {
            "trade_id": "abf44211-3acf-45a9-8c8e-609da3e95553",
            "ticker": "KXHIGHNY-24DEC28-B43.5",
            "count": 40,
            "created_time": "2024-12-27T20:35:18.104192Z",
            "yes_price": 15,
            "no_price": 85,
            "taker_side": "no"
        },
        {
            "trade_id": "46c9e5e5-41ff-418f-9d00-d0e07a65fc04",
            "ticker": "KXHIGHNY-24DEC28-B43.5",
            "count": 60,
            "created_time": "2024-12-27T20:35:18.104192Z",
            "yes_price": 15,
            "no_price": 85,
            "taker_side": "no"
        },
        {
            "trade_id": "052e9fa8-8837-48ce-98fd-fcc6a9f50658",
            "ticker": "KXHIGHNY-24DEC28-B43.5",
            "count": 50,
            "created_time": "2024-12-27T20:11:17.736354Z",
            "yes_price": 15,
            "no_price": 85,
            "taker_side": "no"
        },
        {
            "trade_id": "e656452e-84b0-474d-942a-792a79626ce0",
            "ticker": "KXHIGHNY-24DEC28-B43.5",
            "count": 10,
            "created_time": "2024-12-27T20:10:36.375289Z",
            "yes_price": 15,
            "no_price": 85,
            "taker_side": "no"
        },
        {
            "trade_id": "b42ca707-516b-4680-a423-70dbd7f520df",
            "ticker": "KXHIGHNY-24DEC28-B43.5",
            "count": 15,
            "created_time": "2024-12-27T19:36:38.581227Z",
            "yes_price": 10,
            "no_price": 90,
            "taker_side": "yes"
        },
        {
            "trade_id": "78ce64ac-3fd6-474b-bbe9-2f47551f21f5",
            "ticker": "KXHIGHNY-24DEC28-B43.5",
            "count": 151,
            "created_time": "2024-12-27T19:36:38.581227Z",
            "yes_price": 10,
            "no_price": 90,
            "taker_side": "yes"
        },
        {
            "trade_id": "4de85ff1-753d-4ecf-b362-16d498404ed5",
            "ticker": "KXHIGHNY-24DEC28-B43.5",
            "count": 25,
            "created_time": "2024-12-27T19:36:38.581227Z",
            "yes_price": 9,
            "no_price": 91,
            "taker_side": "yes"
        },
        {
            "trade_id": "ac0d4e88-6029-48e6-ad78-f778f8221ce6",
            "ticker": "KXHIGHNY-24DEC28-B43.5",
            "count": 75,
            "created_time": "2024-12-27T19:36:38.489392Z",
            "yes_price": 9,
            "no_price": 91,
            "taker_side": "yes"
        },
        {
            "trade_id": "055d0f54-40f6-4a9a-ad9d-4961548ab7cf",
            "ticker": "KXHIGHNY-24DEC28-B43.5",
            "count": 25,
            "created_time": "2024-12-27T19:36:38.489392Z",
            "yes_price": 9,
            "no_price": 91,
            "taker_side": "yes"
        },
        {
            "trade_id": "68ed71b6-e92f-4733-83fb-aedb83b9b99f",
            "ticker": "KXHIGHNY-24DEC28-B43.5",
            "count": 36,
            "created_time": "2024-12-27T18:06:51.230802Z",
            "yes_price": 6,
            "no_price": 94,
            "taker_side": "no"
        },
        {
            "trade_id": "3e01f68f-3075-4e8f-a0b5-cca503510830",
            "ticker": "KXHIGHNY-24DEC28-B43.5",
            "count": 36,
            "created_time": "2024-12-27T15:28:00.836231Z",
            "yes_price": 2,
            "no_price": 98,
            "taker_side": "no"
        }
    ],
    "KXHIGHNY-24DEC28-B45.5": [
        {
            "trade_id": "d9710e22-186c-4047-ae7d-58c5bfae3286",
            "ticker": "KXHIGHNY-24DEC28-B45.5",
            "count": 508,
            "created_time": "2024-12-29T03:54:04.216247Z",
            "yes_price": 1,
            "no_price": 99,
            "taker_side": "yes"
        },
        {
            "trade_id": "11173f16-f38e-489b-ada2-9a9ad01ec410",
            "ticker": "KXHIGHNY-24DEC28-B45.5",
            "count": 430,
            "created_time": "2024-12-29T03:33:25.282699Z",
            "yes_price": 1,
            "no_price": 99,
            "taker_side": "yes"
        },
        {
            "trade_id": "dbedb544-c92c-4226-99d9-7daa21253eb6",
            "ticker": "KXHIGHNY-24DEC28-B45.5",
            "count": 374,
            "created_time": "2024-12-29T02:52:42.762589Z",
            "yes_price": 1,
            "no_price": 99,
            "taker_side": "yes"
        },
        {
            "trade_id": "af7c8ea2-86ab-4900-a4df-bd6b4764cdbc",
            "ticker": "KXHIGHNY-24DEC28-B45.5",
            "count": 93,
            "created_time": "2024-12-28T23:45:32.068415Z",
            "yes_price": 1,
            "no_price": 99,
            "taker_side": "yes"
        },
        {
            "trade_id": "4f640311-7955-4cb7-aadd-2800f4d8750a",
            "ticker": "KXHIGHNY-24DEC28-B45.5",
            "count": 42,
            "created_time": "2024-12-28T21:52:54.660923Z",
            "yes_price": 1,
            "no_price": 99,
            "taker_side": "yes"
        },
        {
            "trade_id": "7f2df17e-701b-43cb-a6d6-1ebfecb5b0d6",
            "ticker": "KXHIGHNY-24DEC28-B45.5",
            "count": 20,
            "created_time": "2024-12-28T21:28:56.363487Z",
            "yes_price": 1,
            "no_price": 99,
            "taker_side": "yes"
        },
        {
            "trade_id": "1376be21-ce20-4ba3-b7c0-b61892ff75e1",
            "ticker": "KXHIGHNY-24DEC28-B45.5",
            "count": 4,
            "created_time": "2024-12-28T21:25:26.273473Z",
            "yes_price": 1,
            "no_price": 99,
            "taker_side": "yes"
        },
        {
            "trade_id": "e3922fe8-1d28-4fe2-94af-b37d82ace733",
            "ticker": "KXHIGHNY-24DEC28-B45.5",
            "count": 35,
            "created_time": "2024-12-28T20:09:20.045186Z",
            "yes_price": 1,
            "no_price": 99,
            "taker_side": "yes"
        },
        {
            "trade_id": "1a858cbf-2267-46f3-8906-54898f222bfb",
            "ticker": "KXHIGHNY-24DEC28-B45.5",
            "count": 935,
            "created_time": "2024-12-28T19:59:08.737313Z",
            "yes_price": 1,
            "no_price": 99,
            "taker_side": "yes"
        },
        {
            "trade_id": "73c9f60e-091d-49e9-a4ae-64d76f80612c",
            "ticker": "KXHIGHNY-24DEC28-B45.5",
            "count": 93,
            "created_time": "2024-12-28T19:48:23.420953Z",
            "yes_price": 1,
            "no_price": 99,
            "taker_side": "yes"
        },
        {
            "trade_id": "654dc7b4-a90a-49e5-accb-93db443e2b04",
            "ticker": "KXHIGHNY-24DEC28-B45.5",
            "count": 467,
            "created_time": "2024-12-28T19:43:22.72149Z",
            "yes_price": 1,
            "no_price": 99,
            "taker_side": "yes"
        },
        {
            "trade_id": "2a68ec28-5854-49f3-a963-57b3bcb08cbb",
            "ticker": "KXHIGHNY-24DEC28-B45.5",
            "count": 467,
            "created_time": "2024-12-28T19:38:41.239991Z",
            "yes_price": 1,
            "no_price": 99,
            "taker_side": "yes"
        },
        {
            "trade_id": "b4794694-f7b2-4e10-b7fc-f693e16aa8b6",
            "ticker": "KXHIGHNY-24DEC28-B45.5",
            "count": 109,
            "created_time": "2024-12-28T19:33:31.012774Z",
            "yes_price": 1,
            "no_price": 99,
            "taker_side": "yes"
        },
        {
            "trade_id": "cc868377-a4ac-4dcf-8b24-c6545e385d3c",
            "ticker": "KXHIGHNY-24DEC28-B45.5",
            "count": 17,
            "created_time": "2024-12-28T19:32:46.790477Z",
            "yes_price": 1,
            "no_price": 99,
            "taker_side": "yes"
        },
        {
            "trade_id": "4e8e2f7a-0d19-44fe-9f86-47eb78f2b333",
            "ticker": "KXHIGHNY-24DEC28-B45.5",
            "count": 467,
            "created_time": "2024-12-28T19:27:00.700031Z",
            "yes_price": 1,
            "no_price": 99,
            "taker_side": "yes"
        },
        {
            "trade_id": "56f995ef-b647-4565-a289-58588cce004b",
            "ticker": "KXHIGHNY-24DEC28-B45.5",
            "count": 20,
            "created_time": "2024-12-28T19:23:59.779994Z",
            "yes_price": 1,
            "no_price": 99,
            "taker_side": "yes"
        },
        {
            "trade_id": "6c007387-b552-4f02-bfb5-43d06a8edc09",
            "ticker": "KXHIGHNY-24DEC28-B45.5",
            "count": 935,
            "created_time": "2024-12-28T19:01:43.1771Z",
            "yes_price": 1,
            "no_price": 99,
            "taker_side": "yes"
        },
        {
            "trade_id": "7dc987ae-4d78-49b0-aadf-f0817e7b1260",
            "ticker": "KXHIGHNY-24DEC28-B45.5",
            "count": 748,
            "created_time": "2024-12-28T18:55:42.532349Z",
            "yes_price": 1,
            "no_price": 99,
            "taker_side": "yes"
        },
        {
            "trade_id": "391c1424-fe46-47dc-a310-ce81f6412ccb",
            "ticker": "KXHIGHNY-24DEC28-B45.5",
            "count": 374,
            "created_time": "2024-12-28T18:55:34.880274Z",
            "yes_price": 1,
            "no_price": 99,
            "taker_side": "yes"
        },
        {
            "trade_id": "361b0ed5-dece-451f-a530-d64fffd19cab",
            "ticker": "KXHIGHNY-24DEC28-B45.5",
            "count": 1,
            "created_time": "2024-12-28T18:55:00.22992Z",
            "yes_price": 1,
            "no_price": 99,
            "taker_side": "yes"
        },
        {
            "trade_id": "a989ffbe-3711-4c94-a924-b2a502674d5a",
            "ticker": "KXHIGHNY-24DEC28-B45.5",
            "count": 164,
            "created_time": "2024-12-28T18:54:30.972683Z",
            "yes_price": 1,
            "no_price": 99,
            "taker_side": "no"
        },
        {
            "trade_id": "a048b73f-27c6-4512-b516-8d46b50e69eb",
            "ticker": "KXHIGHNY-24DEC28-B45.5",
            "count": 150,
            "created_time": "2024-12-28T18:54:30.972683Z",
            "yes_price": 1,
            "no_price": 99,
            "taker_side": "no"
        },
        {
            "trade_id": "5e1772b4-5b72-40bc-8ed5-80beef4d79d6",
            "ticker": "KXHIGHNY-24DEC28-B45.5",
            "count": 1500,
            "created_time": "2024-12-28T18:54:30.972683Z",
            "yes_price": 1,
            "no_price": 99,
            "taker_side": "no"
        },
        {
            "trade_id": "37968729-cfcd-4a5e-9e72-9aaac2f85c42",
            "ticker": "KXHIGHNY-24DEC28-B45.5",
            "count": 16,
            "created_time": "2024-12-28T18:54:30.972683Z",
            "yes_price": 1,
            "no_price": 99,
            "taker_side": "no"
        },
        {
            "trade_id": "ccd73a85-1741-4224-a850-11d0fbfba41c",
            "ticker": "KXHIGHNY-24DEC28-B45.5",
            "count": 30,
            "created_time": "2024-12-28T18:54:30.919794Z",
            "yes_price": 1,
            "no_price": 99,
            "taker_side": "no"
        },
        {
            "trade_id": "7603767e-1415-471b-95c8-8647fd042249",
            "ticker": "KXHIGHNY-24DEC28-B45.5",
            "count": 100,
            "created_time": "2024-12-28T18:54:30.919794Z",
            "yes_price": 1,
            "no_price": 99,
            "taker_side": "no"
        },
        {
            "trade_id": "3903e1c3-40c1-40b0-ac7d-89aaaa85a956",
            "ticker": "KXHIGHNY-24DEC28-B45.5",
            "count": 336,
            "created_time": "2024-12-28T18:54:30.919794Z",
            "yes_price": 1,
            "no_price": 99,
            "taker_side": "no"
        },
        {
            "trade_id": "143fa07c-413b-4102-a497-f39ecf8078d2",
            "ticker": "KXHIGHNY-24DEC28-B45.5",
            "count": 50,
            "created_time": "2024-12-28T18:54:30.919794Z",
            "yes_price": 1,
            "no_price": 99,
            "taker_side": "no"
        },
        {
            "trade_id": "8ff2eab3-1508-44e7-9ca5-1a6d08de5184",
            "ticker": "KXHIGHNY-24DEC28-B45.5",
            "count": 1,
            "created_time": "2024-12-28T18:53:12.397793Z",
            "yes_price": 2,
            "no_price": 98,
            "taker_side": "no"
        },
        {
            "trade_id": "dec76b8a-cf82-44b6-ab31-3d8ffc0221f9",
            "ticker": "KXHIGHNY-24DEC28-B45.5",
            "count": 5,
            "created_time": "2024-12-28T18:51:43.055525Z",
            "yes_price": 2,
            "no_price": 98,
            "taker_side": "no"
        },
        {
            "trade_id": "b9bcf346-f98a-493b-aa18-c2895bce8f4b",
            "ticker": "KXHIGHNY-24DEC28-B45.5",
            "count": 15,
            "created_time": "2024-12-28T18:51:43.055525Z",
            "yes_price": 2,
            "no_price": 98,
            "taker_side": "no"
        },
        {
            "trade_id": "d598f874-8312-4045-9512-b2bb468e2ec4",
            "ticker": "KXHIGHNY-24DEC28-B45.5",
            "count": 7,
            "created_time": "2024-12-28T18:51:02.671648Z",
            "yes_price": 5,
            "no_price": 95,
            "taker_side": "no"
        },
        {
            "trade_id": "a805c426-e128-40d0-8c7d-7131abcece24",
            "ticker": "KXHIGHNY-24DEC28-B45.5",
            "count": 49,
            "created_time": "2024-12-28T18:51:02.671648Z",
            "yes_price": 7,
            "no_price": 93,
            "taker_side": "no"
        },
        {
            "trade_id": "75c2668d-74e8-4885-a4a5-3722e66e51c7",
            "ticker": "KXHIGHNY-24DEC28-B45.5",
            "count": 50,
            "created_time": "2024-12-28T18:51:02.671648Z",
            "yes_price": 5,
            "no_price": 95,
            "taker_side": "no"
        },
        {
            "trade_id": "f60249b0-d416-4204-868d-a21f35bb5e51",
            "ticker": "KXHIGHNY-24DEC28-B45.5",
            "count": 1,
            "created_time": "2024-12-28T18:50:56.7687Z",
            "yes_price": 7,
            "no_price": 93,
            "taker_side": "no"
        },
        {
            "trade_id": "af5c0600-28a3-4f32-ad0d-1c69da5c3401",
            "ticker": "KXHIGHNY-24DEC28-B45.5",
            "count": 23,
            "created_time": "2024-12-28T18:50:56.022616Z",
            "yes_price": 8,
            "no_price": 92,
            "taker_side": "yes"
        },
        {
            "trade_id": "c4d1ac20-4a74-4698-9e41-100e14280ce3",
            "ticker": "KXHIGHNY-24DEC28-B45.5",
            "count": 46,
            "created_time": "2024-12-28T18:50:46.39337Z",
            "yes_price": 8,
            "no_price": 92,
            "taker_side": "yes"
        },
        {
            "trade_id": "4c42de1a-70dd-4481-9873-058b000f8dd3",
            "ticker": "KXHIGHNY-24DEC28-B45.5",
            "count": 1,
            "created_time": "2024-12-28T18:47:22.902206Z",
            "yes_price": 8,
            "no_price": 92,
            "taker_side": "yes"
        },
        {
            "trade_id": "e34bfb91-8cdd-44aa-8a28-cc32c9ea06e7",
            "ticker": "KXHIGHNY-24DEC28-B45.5",
            "count": 12,
            "created_time": "2024-12-28T18:46:35.362377Z",
            "yes_price": 10,
            "no_price": 90,
            "taker_side": "yes"
        },
        {
            "trade_id": "5a227bd1-0e51-436f-9406-95ed38aca44a",
            "ticker": "KXHIGHNY-24DEC28-B45.5",
            "count": 46,
            "created_time": "2024-12-28T18:45:22.995992Z",
            "yes_price": 10,
            "no_price": 90,
            "taker_side": "yes"
        },
        {
            "trade_id": "c2593fa7-6965-4ac6-94a4-93694ee65b6a",
            "ticker": "KXHIGHNY-24DEC28-B45.5",
            "count": 50,
            "created_time": "2024-12-28T18:44:53.172422Z",
            "yes_price": 10,
            "no_price": 90,
            "taker_side": "no"
        },
        {
            "trade_id": "e1b66b83-f3e3-48c5-b994-fc6ff2c3e19d",
            "ticker": "KXHIGHNY-24DEC28-B45.5",
            "count": 147,
            "created_time": "2024-12-28T18:44:31.92556Z",
            "yes_price": 11,
            "no_price": 89,
            "taker_side": "no"
        },
        {
            "trade_id": "2441b8f7-85e0-459a-815c-f00b998cf5ce",
            "ticker": "KXHIGHNY-24DEC28-B45.5",
            "count": 3,
            "created_time": "2024-12-28T18:43:29.978755Z",
            "yes_price": 11,
            "no_price": 89,
            "taker_side": "no"
        },
        {
            "trade_id": "463f56b6-04e2-49bc-8f8a-43d94b3d7d39",
            "ticker": "KXHIGHNY-24DEC28-B45.5",
            "count": 236,
            "created_time": "2024-12-28T18:40:57.593096Z",
            "yes_price": 14,
            "no_price": 86,
            "taker_side": "yes"
        },
        {
            "trade_id": "81353da0-7f17-441c-8dd3-51eca604203a",
            "ticker": "KXHIGHNY-24DEC28-B45.5",
            "count": 50,
            "created_time": "2024-12-28T18:40:52.027581Z",
            "yes_price": 14,
            "no_price": 86,
            "taker_side": "yes"
        },
        {
            "trade_id": "a536831b-52f3-49d4-b8b5-46ff31eea12d",
            "ticker": "KXHIGHNY-24DEC28-B45.5",
            "count": 98,
            "created_time": "2024-12-28T18:40:23.356189Z",
            "yes_price": 14,
            "no_price": 86,
            "taker_side": "yes"
        },
        {
            "trade_id": "f386d303-451f-4695-9240-4314f30aced3",
            "ticker": "KXHIGHNY-24DEC28-B45.5",
            "count": 14,
            "created_time": "2024-12-28T18:40:16.983196Z",
            "yes_price": 15,
            "no_price": 85,
            "taker_side": "no"
        },
        {
            "trade_id": "582b29c1-109f-483c-a1c7-51fdb8353022",
            "ticker": "KXHIGHNY-24DEC28-B45.5",
            "count": 2,
            "created_time": "2024-12-28T18:40:00.696883Z",
            "yes_price": 17,
            "no_price": 83,
            "taker_side": "yes"
        },
        {
            "trade_id": "f5953fd5-ba07-4828-8369-a9c9c727e2ab",
            "ticker": "KXHIGHNY-24DEC28-B45.5",
            "count": 123,
            "created_time": "2024-12-28T18:39:36.376575Z",
            "yes_price": 15,
            "no_price": 85,
            "taker_side": "no"
        },
        {
            "trade_id": "78d1719d-7b8b-4c1f-8b2a-1fc529d24a2c",
            "ticker": "KXHIGHNY-24DEC28-B45.5",
            "count": 150,
            "created_time": "2024-12-28T18:39:36.376575Z",
            "yes_price": 16,
            "no_price": 84,
            "taker_side": "no"
        },
        {
            "trade_id": "714005a8-5f4e-45ad-8512-b82acba70c87",
            "ticker": "KXHIGHNY-24DEC28-B45.5",
            "count": 20,
            "created_time": "2024-12-28T18:39:36.376575Z",
            "yes_price": 17,
            "no_price": 83,
            "taker_side": "no"
        },
        {
            "trade_id": "22132674-2923-44da-b387-4fcb9d813e39",
            "ticker": "KXHIGHNY-24DEC28-B45.5",
            "count": 50,
            "created_time": "2024-12-28T18:39:17.435384Z",
            "yes_price": 21,
            "no_price": 79,
            "taker_side": "no"
        },
        {
            "trade_id": "6fa090d7-8389-4f46-b520-9d0cf3728b42",
            "ticker": "KXHIGHNY-24DEC28-B45.5",
            "count": 211,
            "created_time": "2024-12-28T18:38:27.487367Z",
            "yes_price": 22,
            "no_price": 78,
            "taker_side": "yes"
        },
        {
            "trade_id": "afe5f2c7-94ce-45ee-98de-87ecd68f3971",
            "ticker": "KXHIGHNY-24DEC28-B45.5",
            "count": 16,
            "created_time": "2024-12-28T18:36:31.022053Z",
            "yes_price": 22,
            "no_price": 78,
            "taker_side": "yes"
        },
        {
            "trade_id": "2b82739d-6451-4540-9307-ce0b52010755",
            "ticker": "KXHIGHNY-24DEC28-B45.5",
            "count": 10,
            "created_time": "2024-12-28T18:36:23.458971Z",
            "yes_price": 24,
            "no_price": 76,
            "taker_side": "yes"
        },
        {
            "trade_id": "6dd1c1cc-e39c-4631-a81d-4ad28f35b352",
            "ticker": "KXHIGHNY-24DEC28-B45.5",
            "count": 50,
            "created_time": "2024-12-28T18:35:56.107918Z",
            "yes_price": 22,
            "no_price": 78,
            "taker_side": "no"
        },
        {
            "trade_id": "42d7741c-7768-416d-a6fe-de4cebfab20b",
            "ticker": "KXHIGHNY-24DEC28-B45.5",
            "count": 36,
            "created_time": "2024-12-28T18:35:56.107918Z",
            "yes_price": 16,
            "no_price": 84,
            "taker_side": "no"
        },
        {
            "trade_id": "13af1cc1-8440-4735-adeb-45a15014d2d2",
            "ticker": "KXHIGHNY-24DEC28-B45.5",
            "count": 80,
            "created_time": "2024-12-28T18:35:56.107918Z",
            "yes_price": 24,
            "no_price": 76,
            "taker_side": "no"
        },
        {
            "trade_id": "135498fd-d52c-4730-9d92-280069a3009b",
            "ticker": "KXHIGHNY-24DEC28-B45.5",
            "count": 150,
            "created_time": "2024-12-28T18:35:56.107918Z",
            "yes_price": 23,
            "no_price": 77,
            "taker_side": "no"
        },
        {
            "trade_id": "c5c5e4fc-0758-40c4-b34a-b3c2dd2456c6",
            "ticker": "KXHIGHNY-24DEC28-B45.5",
            "count": 197,
            "created_time": "2024-12-28T18:35:31.033494Z",
            "yes_price": 26,
            "no_price": 74,
            "taker_side": "yes"
        },
        {
            "trade_id": "ba0e9438-a7f6-4766-9b11-f6b394cddcef",
            "ticker": "KXHIGHNY-24DEC28-B45.5",
            "count": 155,
            "created_time": "2024-12-28T18:32:45.780842Z",
            "yes_price": 27,
            "no_price": 73,
            "taker_side": "yes"
        },
        {
