{
    "HIGHNY-24JUN02-T79": [],
    "HIGHNY-24JUN02-B79.5": [
        {
            "trade_id": "9b2ae533-d00f-4bb1-9419-d0d8ed9ac48b",
            "ticker": "HIGHNY-24JUN02-B79.5",
            "count": 95,
            "created_time": "2024-06-02T18:23:32.527889Z",
            "yes_price": 1,
            "no_price": 99,
            "taker_side": "yes"
        },
        {
            "trade_id": "f389c46f-82d4-4e50-b2be-9a5d9919f25b",
            "ticker": "HIGHNY-24JUN02-B79.5",
            "count": 15,
            "created_time": "2024-06-02T00:12:55.51799Z",
            "yes_price": 15,
            "no_price": 85,
            "taker_side": "no"
        },
        {
            "trade_id": "b37d6076-6ee5-404b-ad65-2dc421ef27c5",
            "ticker": "HIGHNY-24JUN02-B79.5",
            "count": 80,
            "created_time": "2024-06-02T00:12:55.51799Z",
            "yes_price": 13,
            "no_price": 87,
            "taker_side": "no"
        },
        {
            "trade_id": "bb896c6c-a07d-4b26-9725-cbeb2a21fc47",
            "ticker": "HIGHNY-24JUN02-B79.5",
            "count": 2,
            "created_time": "2024-06-01T23:57:50.866966Z",
            "yes_price": 15,
            "no_price": 85,
            "taker_side": "yes"
        },
        {
            "trade_id": "4126d1c8-3096-48a3-818f-e6b58c247dea",
            "ticker": "HIGHNY-24JUN02-B79.5",
            "count": 35,
            "created_time": "2024-06-01T23:57:50.866966Z",
            "yes_price": 20,
            "no_price": 80,
            "taker_side": "yes"
        },
        {
            "trade_id": "09161afb-0a62-4372-884a-e5159e484b4d",
            "ticker": "HIGHNY-24JUN02-B79.5",
            "count": 13,
            "created_time": "2024-06-01T23:57:50.866966Z",
            "yes_price": 16,
            "no_price": 84,
            "taker_side": "yes"
        },
        {
            "trade_id": "d4db47ee-13d1-4044-82a7-dcf0e8dbf434",
            "ticker": "HIGHNY-24JUN02-B79.5",
            "count": 30,
            "created_time": "2024-06-01T23:30:24.173266Z",
            "yes_price": 15,
            "no_price": 85,
            "taker_side": "no"
        },
        {
            "trade_id": "fbcd0195-e0e8-418d-bf3c-2af150ad16a2",
            "ticker": "HIGHNY-24JUN02-B79.5",
            "count": 20,
            "created_time": "2024-06-01T22:00:26.3472Z",
            "yes_price": 15,
            "no_price": 85,
            "taker_side": "yes"
        },
        {
            "trade_id": "c53c2941-441d-46ab-8dd5-ab2565fe0622",
            "ticker": "HIGHNY-24JUN02-B79.5",
            "count": 4,
            "created_time": "2024-06-01T14:26:06.935566Z",
            "yes_price": 14,
            "no_price": 86,
            "taker_side": "yes"
        }
    ],
    "HIGHNY-24JUN02-B81.5": [
        {
            "trade_id": "66e74e19-653d-453b-a797-fcf4e23eb09d",
            "ticker": "HIGHNY-24JUN02-B81.5",
            "count": 21,
            "created_time": "2024-06-02T22:20:17.60062Z",
            "yes_price": 97,
            "no_price": 3,
            "taker_side": "no"
        },
        {
            "trade_id": "c004c939-4a93-4810-b11b-12e6d0980f48",
            "ticker": "HIGHNY-24JUN02-B81.5",
            "count": 100,
            "created_time": "2024-06-02T17:55:35.243573Z",
            "yes_price": 95,
            "no_price": 5,
            "taker_side": "yes"
        },
        {
            "trade_id": "4a3a19c0-ad96-42e6-aadf-d01ef5977ee4",
            "ticker": "HIGHNY-24JUN02-B81.5",
            "count": 100,
            "created_time": "2024-06-02T16:28:16.987868Z",
            "yes_price": 59,
            "no_price": 41,
            "taker_side": "yes"
        },
        {
            "trade_id": "7d689873-2fb1-4c25-b85d-1776377f0d72",
            "ticker": "HIGHNY-24JUN02-B81.5",
            "count": 1,
            "created_time": "2024-06-02T15:06:34.706248Z",
            "yes_price": 56,
            "no_price": 44,
            "taker_side": "yes"
        },
        {
            "trade_id": "0aa04fca-d41b-4e7e-80ea-a1e4e5fb3e2f",
            "ticker": "HIGHNY-24JUN02-B81.5",
            "count": 2,
            "created_time": "2024-06-02T15:03:23.970943Z",
            "yes_price": 56,
            "no_price": 44,
            "taker_side": "yes"
        },
        {
            "trade_id": "2a92a8a8-1ce6-48d8-961c-cdb3c03329e8",
            "ticker": "HIGHNY-24JUN02-B81.5",
            "count": 97,
            "created_time": "2024-06-02T14:53:17.918787Z",
            "yes_price": 56,
            "no_price": 44,
            "taker_side": "yes"
        },
        {
            "trade_id": "dbec4d40-779a-4170-bfc6-585d0a28d85c",
            "ticker": "HIGHNY-24JUN02-B81.5",
            "count": 1,
            "created_time": "2024-06-02T14:53:09.455881Z",
            "yes_price": 52,
            "no_price": 48,
            "taker_side": "yes"
        },
        {
            "trade_id": "20b155ac-174d-4ece-9918-6ae15a03872f",
            "ticker": "HIGHNY-24JUN02-B81.5",
            "count": 2,
            "created_time": "2024-06-02T14:52:54.007333Z",
            "yes_price": 49,
            "no_price": 51,
            "taker_side": "yes"
        },
        {
            "trade_id": "a492cc82-dde2-46fb-96ab-769511d854aa",
            "ticker": "HIGHNY-24JUN02-B81.5",
            "count": 1,
            "created_time": "2024-06-02T12:48:11.409257Z",
            "yes_price": 48,
            "no_price": 52,
            "taker_side": "yes"
        },
        {
            "trade_id": "4e888592-fc2f-4bf2-8fb1-ee8bc10bf17c",
            "ticker": "HIGHNY-24JUN02-B81.5",
            "count": 97,
            "created_time": "2024-06-02T12:48:11.409257Z",
            "yes_price": 49,
            "no_price": 51,
            "taker_side": "yes"
        },
        {
            "trade_id": "002a1718-3fed-48ad-8013-b8146ba535de",
            "ticker": "HIGHNY-24JUN02-B81.5",
            "count": 42,
            "created_time": "2024-06-02T12:03:07.541714Z",
            "yes_price": 45,
            "no_price": 55,
            "taker_side": "yes"
        },
        {
            "trade_id": "f71a7f39-44a1-434c-8e58-6d2c813c3b2a",
            "ticker": "HIGHNY-24JUN02-B81.5",
            "count": 11,
            "created_time": "2024-06-02T12:02:57.396377Z",
            "yes_price": 48,
            "no_price": 52,
            "taker_side": "no"
        },
        {
            "trade_id": "889226e3-fd4e-4eff-841e-8951d72d09ca",
            "ticker": "HIGHNY-24JUN02-B81.5",
            "count": 112,
            "created_time": "2024-06-02T12:02:57.396377Z",
            "yes_price": 45,
            "no_price": 55,
            "taker_side": "no"
        },
        {
            "trade_id": "f928c824-f8be-441d-bbd3-db0fd94c6126",
            "ticker": "HIGHNY-24JUN02-B81.5",
            "count": 21,
            "created_time": "2024-06-01T23:57:06.232592Z",
            "yes_price": 44,
            "no_price": 56,
            "taker_side": "yes"
        },
        {
            "trade_id": "3f0f9f74-c5ff-4001-b2c6-4e33c418965b",
            "ticker": "HIGHNY-24JUN02-B81.5",
            "count": 15,
            "created_time": "2024-06-01T21:15:48.382032Z",
            "yes_price": 30,
            "no_price": 70,
            "taker_side": "yes"
        },
        {
            "trade_id": "20081a7d-8948-458d-a4fc-7f9a5b16a266",
            "ticker": "HIGHNY-24JUN02-B81.5",
            "count": 150,
            "created_time": "2024-06-01T21:15:48.382032Z",
            "yes_price": 32,
            "no_price": 68,
            "taker_side": "yes"
        },
        {
            "trade_id": "2ee0c06b-8483-4132-ae9f-f348e33bafd2",
            "ticker": "HIGHNY-24JUN02-B81.5",
            "count": 1,
            "created_time": "2024-06-01T20:01:26.411894Z",
            "yes_price": 30,
            "no_price": 70,
            "taker_side": "yes"
        },
        {
            "trade_id": "dac35476-f519-4d2b-8e49-1f9dbd4a5a3e",
            "ticker": "HIGHNY-24JUN02-B81.5",
            "count": 90,
            "created_time": "2024-06-01T19:44:00.908689Z",
            "yes_price": 26,
            "no_price": 74,
            "taker_side": "yes"
        },
        {
            "trade_id": "d411688c-556f-4fcf-8310-f17e66d24d99",
            "ticker": "HIGHNY-24JUN02-B81.5",
            "count": 150,
            "created_time": "2024-06-01T19:44:00.908689Z",
            "yes_price": 30,
            "no_price": 70,
            "taker_side": "yes"
        },
        {
            "trade_id": "5ce9d1c8-cf53-418e-9b7b-4e688a1b6e2c",
            "ticker": "HIGHNY-24JUN02-B81.5",
            "count": 9,
            "created_time": "2024-06-01T19:44:00.908689Z",
            "yes_price": 28,
            "no_price": 72,
            "taker_side": "yes"
        },
        {
            "trade_id": "5a65282b-44f1-4d83-b44d-f35fe0b8e876",
            "ticker": "HIGHNY-24JUN02-B81.5",
            "count": 150,
            "created_time": "2024-06-01T19:44:00.908689Z",
            "yes_price": 28,
            "no_price": 72,
            "taker_side": "yes"
        },
        {
            "trade_id": "24bf9f4f-fc67-49d4-9a30-3aa2bbcc37ec",
            "ticker": "HIGHNY-24JUN02-B81.5",
            "count": 90,
            "created_time": "2024-06-01T18:38:31.835418Z",
            "yes_price": 25,
            "no_price": 75,
            "taker_side": "yes"
        },
        {
            "trade_id": "ad84564e-8971-46c9-99d9-cb3ecdcb2471",
            "ticker": "HIGHNY-24JUN02-B81.5",
            "count": 1,
            "created_time": "2024-06-01T18:35:15.936228Z",
            "yes_price": 23,
            "no_price": 77,
            "taker_side": "no"
        },
        {
            "trade_id": "178e5de8-ea3b-403d-b227-48a647c691d0",
            "ticker": "HIGHNY-24JUN02-B81.5",
            "count": 15,
            "created_time": "2024-06-01T17:54:05.967765Z",
            "yes_price": 25,
            "no_price": 75,
            "taker_side": "yes"
        },
        {
            "trade_id": "4c43f73f-6643-4ecb-8ba8-8c0e25b4ff82",
            "ticker": "HIGHNY-24JUN02-B81.5",
            "count": 30,
            "created_time": "2024-06-01T17:53:18.542364Z",
            "yes_price": 25,
            "no_price": 75,
            "taker_side": "yes"
        },
        {
            "trade_id": "da31f4a7-7f61-4de1-9f1c-08f4c92fb4a0",
            "ticker": "HIGHNY-24JUN02-B81.5",
            "count": 105,
            "created_time": "2024-06-01T17:52:46.422294Z",
            "yes_price": 25,
            "no_price": 75,
            "taker_side": "yes"
        },
        {
            "trade_id": "194ae01a-b33b-4cee-a80b-9fab1d22c0f4",
            "ticker": "HIGHNY-24JUN02-B81.5",
            "count": 20,
            "created_time": "2024-06-01T17:52:46.422294Z",
            "yes_price": 25,
            "no_price": 75,
            "taker_side": "yes"
        },
        {
            "trade_id": "6566e561-fd90-4366-9b36-0d3f9081c9f9",
            "ticker": "HIGHNY-24JUN02-B81.5",
            "count": 30,
            "created_time": "2024-06-01T17:52:37.639072Z",
            "yes_price": 24,
            "no_price": 76,
            "taker_side": "yes"
        },
        {
            "trade_id": "c24d8ccf-7dc0-4459-ae41-07e2a3096f46",
            "ticker": "HIGHNY-24JUN02-B81.5",
            "count": 60,
            "created_time": "2024-06-01T17:44:50.080708Z",
            "yes_price": 24,
            "no_price": 76,
            "taker_side": "yes"
        },
        {
            "trade_id": "d7af7f48-eadf-4a1f-8f37-89195fd3aec1",
            "ticker": "HIGHNY-24JUN02-B81.5",
            "count": 4,
            "created_time": "2024-06-01T14:25:40.735408Z",
            "yes_price": 28,
            "no_price": 72,
            "taker_side": "yes"
        }
    ],
    "HIGHNY-24JUN02-B83.5": [
        {
            "trade_id": "2a0fbd71-f323-4d38-916e-4a9405a62aa5",
            "ticker": "HIGHNY-24JUN02-B83.5",
            "count": 2,
            "created_time": "2024-06-02T23:23:43.725572Z",
            "yes_price": 1,
            "no_price": 99,
            "taker_side": "no"
        },
        {
            "trade_id": "c5529acf-01ca-4586-8420-828032e0cdbc",
            "ticker": "HIGHNY-24JUN02-B83.5",
            "count": 75,
            "created_time": "2024-06-02T16:33:37.856441Z",
            "yes_price": 65,
            "no_price": 35,
            "taker_side": "yes"
        },
        {
            "trade_id": "f9384838-7ee3-416f-b3de-318baedb2139",
            "ticker": "HIGHNY-24JUN02-B83.5",
            "count": 52,
            "created_time": "2024-06-02T13:18:22.620297Z",
            "yes_price": 44,
            "no_price": 56,
            "taker_side": "yes"
        },
        {
            "trade_id": "ec5687d0-500c-4c6f-b4c0-1744dcf8cd78",
            "ticker": "HIGHNY-24JUN02-B83.5",
            "count": 1,
            "created_time": "2024-06-02T13:18:22.620297Z",
            "yes_price": 55,
            "no_price": 45,
            "taker_side": "yes"
        },
        {
            "trade_id": "7435e62f-7ae5-441d-915b-4ae4b295a508",
            "ticker": "HIGHNY-24JUN02-B83.5",
            "count": 1,
            "created_time": "2024-06-02T13:18:22.620297Z",
            "yes_price": 45,
            "no_price": 55,
            "taker_side": "yes"
        },
        {
            "trade_id": "70408cd6-71d7-47a2-b2cc-662c6d2058a9",
            "ticker": "HIGHNY-24JUN02-B83.5",
            "count": 26,
            "created_time": "2024-06-02T13:18:22.620297Z",
            "yes_price": 39,
            "no_price": 61,
            "taker_side": "yes"
        },
        {
            "trade_id": "684a70ea-9ce9-4cac-bb10-2748910e7d2d",
            "ticker": "HIGHNY-24JUN02-B83.5",
            "count": 60,
            "created_time": "2024-06-02T13:18:22.620297Z",
            "yes_price": 41,
            "no_price": 59,
            "taker_side": "yes"
        },
        {
            "trade_id": "4a5be563-ca55-425b-8528-9d7a890afad7",
            "ticker": "HIGHNY-24JUN02-B83.5",
            "count": 13,
            "created_time": "2024-06-02T13:18:22.620297Z",
            "yes_price": 65,
            "no_price": 35,
            "taker_side": "yes"
        },
        {
            "trade_id": "b0aa467d-5ee3-463c-8595-8e518fb9a4be",
            "ticker": "HIGHNY-24JUN02-B83.5",
            "count": 2,
            "created_time": "2024-06-02T12:51:00.433197Z",
            "yes_price": 39,
            "no_price": 61,
            "taker_side": "yes"
        },
        {
            "trade_id": "ccab894f-16da-4694-8373-2dcb1a7ab49a",
            "ticker": "HIGHNY-24JUN02-B83.5",
            "count": 72,
            "created_time": "2024-06-02T12:48:35.442307Z",
            "yes_price": 39,
            "no_price": 61,
            "taker_side": "yes"
        },
        {
            "trade_id": "33a536e3-c0b6-4934-89d9-33e5cafe010f",
            "ticker": "HIGHNY-24JUN02-B83.5",
            "count": 27,
            "created_time": "2024-06-02T12:48:35.442307Z",
            "yes_price": 37,
            "no_price": 63,
            "taker_side": "yes"
        },
        {
            "trade_id": "f462190d-05cd-4e95-9059-ccf1d8306497",
            "ticker": "HIGHNY-24JUN02-B83.5",
            "count": 56,
            "created_time": "2024-06-02T12:04:02.581163Z",
            "yes_price": 35,
            "no_price": 65,
            "taker_side": "yes"
        },
        {
            "trade_id": "e97348ed-c583-4249-8c12-f832e88bfa07",
            "ticker": "HIGHNY-24JUN02-B83.5",
            "count": 69,
            "created_time": "2024-06-02T12:04:02.581163Z",
            "yes_price": 37,
            "no_price": 63,
            "taker_side": "yes"
        },
        {
            "trade_id": "811d7b7a-19a0-46f4-a1b1-029781466ccf",
            "ticker": "HIGHNY-24JUN02-B83.5",
            "count": 30,
            "created_time": "2024-06-01T22:12:40.826048Z",
            "yes_price": 25,
            "no_price": 75,
            "taker_side": "yes"
        },
        {
            "trade_id": "97925d8e-97d9-4cb2-b134-d41a034bf9f9",
            "ticker": "HIGHNY-24JUN02-B83.5",
            "count": 1,
            "created_time": "2024-06-01T18:35:16.743629Z",
            "yes_price": 28,
            "no_price": 72,
            "taker_side": "no"
        },
        {
            "trade_id": "a9bc9ca0-e8ca-4a36-821c-d14fcf92709c",
            "ticker": "HIGHNY-24JUN02-B83.5",
            "count": 2,
            "created_time": "2024-06-01T18:33:24.911652Z",
            "yes_price": 34,
            "no_price": 66,
            "taker_side": "yes"
        },
        {
            "trade_id": "a1c72d45-6d42-4da7-8734-fd0927483a07",
            "ticker": "HIGHNY-24JUN02-B83.5",
            "count": 90,
            "created_time": "2024-06-01T17:54:18.169389Z",
            "yes_price": 34,
            "no_price": 66,
            "taker_side": "yes"
        },
        {
            "trade_id": "780d3fad-25bc-4332-be0b-ac4f9b2ba5b1",
            "ticker": "HIGHNY-24JUN02-B83.5",
            "count": 15,
            "created_time": "2024-06-01T17:53:59.973993Z",
            "yes_price": 33,
            "no_price": 67,
            "taker_side": "yes"
        },
        {
            "trade_id": "311ef96b-cf9c-4076-8297-e40cb80a9bef",
            "ticker": "HIGHNY-24JUN02-B83.5",
            "count": 30,
            "created_time": "2024-06-01T17:53:09.225633Z",
            "yes_price": 32,
            "no_price": 68,
            "taker_side": "yes"
        },
        {
            "trade_id": "fd5114e9-0d54-4aa9-9372-d7dae75e1349",
            "ticker": "HIGHNY-24JUN02-B83.5",
            "count": 75,
            "created_time": "2024-06-01T17:53:01.752465Z",
            "yes_price": 32,
            "no_price": 68,
            "taker_side": "yes"
        },
        {
            "trade_id": "4e6d01d9-f3f5-402f-ad57-22f3811d8828",
            "ticker": "HIGHNY-24JUN02-B83.5",
            "count": 45,
            "created_time": "2024-06-01T17:52:53.977481Z",
            "yes_price": 32,
            "no_price": 68,
            "taker_side": "yes"
        },
        {
            "trade_id": "c13b8e02-b1bf-47a0-bc20-a8644ae2b3ba",
            "ticker": "HIGHNY-24JUN02-B83.5",
            "count": 75,
            "created_time": "2024-06-01T17:44:58.773336Z",
            "yes_price": 32,
            "no_price": 68,
            "taker_side": "yes"
        }
    ],
    "HIGHNY-24JUN02-B85.5": [
        {
            "trade_id": "66c7246d-1bb2-4411-8656-dafba06d34f9",
            "ticker": "HIGHNY-24JUN02-B85.5",
            "count": 1,
            "created_time": "2024-06-02T15:03:52.473101Z",
            "yes_price": 1,
            "no_price": 99,
            "taker_side": "no"
        },
        {
            "trade_id": "892b8630-c177-4947-b4c9-43ecb147a694",
            "ticker": "HIGHNY-24JUN02-B85.5",
            "count": 82,
            "created_time": "2024-06-02T13:02:25.398327Z",
            "yes_price": 16,
            "no_price": 84,
            "taker_side": "yes"
        },
        {
            "trade_id": "6a380952-4c97-49df-a0e4-bf3b47b87b7c",
            "ticker": "HIGHNY-24JUN02-B85.5",
            "count": 8,
            "created_time": "2024-06-02T13:02:25.398327Z",
            "yes_price": 17,
            "no_price": 83,
            "taker_side": "yes"
        },
        {
            "trade_id": "186fc727-ed7c-43aa-be6a-e3e27d6ad538",
            "ticker": "HIGHNY-24JUN02-B85.5",
            "count": 60,
            "created_time": "2024-06-02T13:02:25.398327Z",
            "yes_price": 14,
            "no_price": 86,
            "taker_side": "yes"
        },
        {
            "trade_id": "aa69b91a-eee0-442a-b221-9d9f5a4c328c",
            "ticker": "HIGHNY-24JUN02-B85.5",
            "count": 6,
            "created_time": "2024-06-02T12:50:24.074068Z",
            "yes_price": 14,
            "no_price": 86,
            "taker_side": "yes"
        },
        {
            "trade_id": "b899a366-4a11-48ef-9941-c8e83588c612",
            "ticker": "HIGHNY-24JUN02-B85.5",
            "count": 19,
            "created_time": "2024-06-02T12:01:40.611939Z",
            "yes_price": 16,
            "no_price": 84,
            "taker_side": "yes"
        },
        {
            "trade_id": "09126849-76b8-48c8-980b-f919d33f8b0c",
            "ticker": "HIGHNY-24JUN02-B85.5",
            "count": 56,
            "created_time": "2024-06-02T12:01:40.611939Z",
            "yes_price": 14,
            "no_price": 86,
            "taker_side": "yes"
        },
        {
            "trade_id": "4bb93ef8-6ebd-4226-9d8a-e4ff7d7fa9e7",
            "ticker": "HIGHNY-24JUN02-B85.5",
            "count": 90,
            "created_time": "2024-06-01T21:22:46.857354Z",
            "yes_price": 24,
            "no_price": 76,
            "taker_side": "yes"
        },
        {
            "trade_id": "ee5e1bcd-6e53-4696-9dd1-cc605038f393",
            "ticker": "HIGHNY-24JUN02-B85.5",
            "count": 1,
            "created_time": "2024-06-01T21:22:19.928278Z",
            "yes_price": 22,
            "no_price": 78,
            "taker_side": "yes"
        },
        {
            "trade_id": "5ab83671-b1db-41e2-b0e0-7761ddade816",
            "ticker": "HIGHNY-24JUN02-B85.5",
            "count": 75,
            "created_time": "2024-06-01T21:22:19.928278Z",
            "yes_price": 23,
            "no_price": 77,
            "taker_side": "yes"
        },
        {
            "trade_id": "c9f5d083-cccd-4664-bb98-a50d2b6e5e3e",
            "ticker": "HIGHNY-24JUN02-B85.5",
            "count": 45,
            "created_time": "2024-06-01T21:16:27.492571Z",
            "yes_price": 21,
            "no_price": 79,
            "taker_side": "no"
        },
        {
            "trade_id": "097b8edf-a07a-4961-90a0-c49adf8bd224",
            "ticker": "HIGHNY-24JUN02-B85.5",
            "count": 30,
            "created_time": "2024-06-01T21:15:09.296608Z",
            "yes_price": 22,
            "no_price": 78,
            "taker_side": "no"
        },
        {
            "trade_id": "d6f38e3c-4c9e-4b60-99f4-d730b5f81375",
            "ticker": "HIGHNY-24JUN02-B85.5",
            "count": 90,
            "created_time": "2024-06-01T17:54:48.200902Z",
            "yes_price": 29,
            "no_price": 71,
            "taker_side": "yes"
        },
        {
            "trade_id": "fab31acd-35b5-41e8-ab6e-1a83999797ba",
            "ticker": "HIGHNY-24JUN02-B85.5",
            "count": 45,
            "created_time": "2024-06-01T17:54:34.162138Z",
            "yes_price": 28,
            "no_price": 72,
            "taker_side": "yes"
        },
        {
            "trade_id": "346a95b3-1a7d-42e2-9e57-733c2d3cdf39",
            "ticker": "HIGHNY-24JUN02-B85.5",
            "count": 15,
            "created_time": "2024-06-01T17:53:52.421101Z",
            "yes_price": 28,
            "no_price": 72,
            "taker_side": "yes"
        },
        {
            "trade_id": "655ecf1f-d640-4f24-8d42-44e6b9149de0",
            "ticker": "HIGHNY-24JUN02-B85.5",
            "count": 30,
            "created_time": "2024-06-01T17:46:27.659237Z",
            "yes_price": 29,
            "no_price": 71,
            "taker_side": "yes"
        },
        {
            "trade_id": "f72c866c-d0a2-4793-ae31-5fc7e9b61c3a",
            "ticker": "HIGHNY-24JUN02-B85.5",
            "count": 15,
            "created_time": "2024-06-01T17:45:07.238471Z",
            "yes_price": 29,
            "no_price": 71,
            "taker_side": "yes"
        },
        {
            "trade_id": "45baafd3-dd0b-4ca1-a701-cb709bfec230",
            "ticker": "HIGHNY-24JUN02-B85.5",
            "count": 60,
            "created_time": "2024-06-01T17:27:13.532932Z",
            "yes_price": 29,
            "no_price": 71,
            "taker_side": "yes"
        },
        {
            "trade_id": "a2f1a8cf-6cd6-4609-b705-a6316bf04321",
            "ticker": "HIGHNY-24JUN02-B85.5",
            "count": 60,
            "created_time": "2024-06-01T17:24:55.182288Z",
            "yes_price": 29,
            "no_price": 71,
            "taker_side": "yes"
        },
        {
            "trade_id": "80722a24-aa9b-4f37-810b-afdbe56cfa7a",
            "ticker": "HIGHNY-24JUN02-B85.5",
            "count": 90,
            "created_time": "2024-06-01T17:24:46.456002Z",
            "yes_price": 28,
            "no_price": 72,
            "taker_side": "yes"
        },
        {
            "trade_id": "ede08815-0acf-4d7d-a0cf-2262d2015783",
            "ticker": "HIGHNY-24JUN02-B85.5",
            "count": 30,
            "created_time": "2024-06-01T17:24:42.0031Z",
            "yes_price": 27,
            "no_price": 73,
            "taker_side": "yes"
        },
        {
            "trade_id": "5afd886e-fc31-4690-8ade-b6ab11be3b8f",
            "ticker": "HIGHNY-24JUN02-B85.5",
            "count": 30,
            "created_time": "2024-06-01T17:24:36.104232Z",
            "yes_price": 26,
            "no_price": 74,
            "taker_side": "yes"
        },
        {
            "trade_id": "d8855c4b-32a0-483d-b9cc-931097b0ddb9",
            "ticker": "HIGHNY-24JUN02-B85.5",
            "count": 90,
            "created_time": "2024-06-01T17:24:31.202928Z",
            "yes_price": 26,
            "no_price": 74,
            "taker_side": "yes"
        },
        {
            "trade_id": "c6dca1d7-c3e2-497d-8a88-20865dbf07d3",
            "ticker": "HIGHNY-24JUN02-B85.5",
            "count": 60,
            "created_time": "2024-06-01T17:24:21.460082Z",
            "yes_price": 25,
            "no_price": 75,
            "taker_side": "yes"
        },
        {
            "trade_id": "6906895e-30be-4403-b9bf-d8b2682b86c5",
            "ticker": "HIGHNY-24JUN02-B85.5",
            "count": 1,
            "created_time": "2024-06-01T16:35:18.097061Z",
            "yes_price": 20,
            "no_price": 80,
            "taker_side": "no"
        },
        {
            "trade_id": "68f81080-462d-41e8-8548-4077b2bc80d1",
            "ticker": "HIGHNY-24JUN02-B85.5",
            "count": 13,
            "created_time": "2024-06-01T14:24:05.908133Z",
            "yes_price": 20,
            "no_price": 80,
            "taker_side": "no"
        }
    ],
    "HIGHNY-24JUN02-T86": [
        {
            "trade_id": "9afed2d1-5cce-4c0b-9ebd-4f885f69c4c5",
            "ticker": "HIGHNY-24JUN02-T86",
            "count": 180,
            "created_time": "2024-06-02T14:18:44.683907Z",
            "yes_price": 2,
            "no_price": 98,
            "taker_side": "no"
        },
        {
            "trade_id": "ef34786f-4f43-4272-bfb3-eb3681abcdaf",
            "ticker": "HIGHNY-24JUN02-T86",
            "count": 150,
            "created_time": "2024-06-01T21:14:57.220601Z",
            "yes_price": 7,
            "no_price": 93,
            "taker_side": "no"
        },
        {
            "trade_id": "6677cf90-0e8a-40da-b1f7-ad786af529a5",
            "ticker": "HIGHNY-24JUN02-T86",
            "count": 30,
            "created_time": "2024-06-01T21:14:57.220601Z",
            "yes_price": 13,
            "no_price": 87,
            "taker_side": "no"
        },
        {
            "trade_id": "abb44035-1637-4d71-bbdb-a13e7bcb4a87",
            "ticker": "HIGHNY-24JUN02-T86",
            "count": 15,
            "created_time": "2024-06-01T19:44:26.697902Z",
            "yes_price": 13,
            "no_price": 87,
            "taker_side": "no"
        },
        {
            "trade_id": "2ce994d3-c757-4b6b-a8d2-eb7795b73d1f",
            "ticker": "HIGHNY-24JUN02-T86",
            "count": 30,
            "created_time": "2024-06-01T19:44:07.717286Z",
            "yes_price": 13,
            "no_price": 87,
            "taker_side": "no"
        },
        {
            "trade_id": "8510b5d3-ee0b-474a-a6c9-60410073d892",
            "ticker": "HIGHNY-24JUN02-T86",
            "count": 1,
            "created_time": "2024-06-01T18:35:18.157278Z",
            "yes_price": 14,
            "no_price": 86,
            "taker_side": "yes"
        },
        {
            "trade_id": "cc3f1bf5-443a-4d28-b217-38d8bccbe34e",
            "ticker": "HIGHNY-24JUN02-T86",
            "count": 135,
            "created_time": "2024-06-01T17:26:42.097093Z",
            "yes_price": 15,
            "no_price": 85,
            "taker_side": "yes"
        },
        {
            "trade_id": "ac1db05b-eb1e-4d82-8e7c-5fc7419ec87f",
            "ticker": "HIGHNY-24JUN02-T86",
            "count": 60,
            "created_time": "2024-06-01T17:24:58.306159Z",
            "yes_price": 13,
            "no_price": 87,
            "taker_side": "yes"
        },
        {
            "trade_id": "8a965773-f696-4aba-aeaa-3eda86ca6322",
            "ticker": "HIGHNY-24JUN02-T86",
            "count": 150,
            "created_time": "2024-06-01T17:24:58.306159Z",
            "yes_price": 14,
            "no_price": 86,
            "taker_side": "yes"
        },
        {
            "trade_id": "d7cc0523-5d36-4514-9c7d-a8e9d1bce496",
            "ticker": "HIGHNY-24JUN02-T86",
            "count": 15,
            "created_time": "2024-06-01T17:24:10.868237Z",
            "yes_price": 13,
            "no_price": 87,
            "taker_side": "yes"
        },
        {
            "trade_id": "d4c6bbfe-4956-40a5-9816-5d04f90117ce",
            "ticker": "HIGHNY-24JUN02-T86",
            "count": 13,
            "created_time": "2024-06-01T17:24:10.868237Z",
            "yes_price": 13,
            "no_price": 87,
            "taker_side": "yes"
        },
        {
            "trade_id": "92340ccd-6453-46a1-bf2c-f8302442eefe",
            "ticker": "HIGHNY-24JUN02-T86",
            "count": 150,
            "created_time": "2024-06-01T17:24:10.868237Z",
            "yes_price": 14,
            "no_price": 86,
            "taker_side": "yes"
        },
        {
            "trade_id": "5eab7392-2ea0-4ef5-8740-c36dd422c474",
            "ticker": "HIGHNY-24JUN02-T86",
            "count": 150,
            "created_time": "2024-06-01T17:24:10.868237Z",
            "yes_price": 16,
            "no_price": 84,
            "taker_side": "yes"
        }
    ]
}