{
    "HIGHNY-24JAN19-T28": [],
    "HIGHNY-24JAN19-B28.5": [
        {
            "trade_id": "9d8914fc-1aaf-4189-9646-302ce1cca9d5",
            "ticker": "HIGHNY-24JAN19-B28.5",
            "count": 150,
            "created_time": "2024-01-19T19:56:14.731529Z",
            "yes_price": 1,
            "no_price": 99,
            "taker_side": "yes"
        },
        {
            "trade_id": "2d712dd0-7127-4589-b16e-5decc07dd3cf",
            "ticker": "HIGHNY-24JAN19-B28.5",
            "count": 800,
            "created_time": "2024-01-19T19:52:05.192126Z",
            "yes_price": 1,
            "no_price": 99,
            "taker_side": "yes"
        },
        {
            "trade_id": "9c685407-d4ed-47ff-82a8-f84782525f5e",
            "ticker": "HIGHNY-24JAN19-B28.5",
            "count": 37,
            "created_time": "2024-01-19T01:22:38.160638Z",
            "yes_price": 17,
            "no_price": 83,
            "taker_side": "yes"
        },
        {
            "trade_id": "263bb3d1-3060-4dc2-a3e7-b6a62c4b8ab3",
            "ticker": "HIGHNY-24JAN19-B28.5",
            "count": 17,
            "created_time": "2024-01-19T01:22:38.160638Z",
            "yes_price": 18,
            "no_price": 82,
            "taker_side": "yes"
        },
        {
            "trade_id": "fe6daccb-cf75-448b-ab95-76fa3cfc26d2",
            "ticker": "HIGHNY-24JAN19-B28.5",
            "count": 75,
            "created_time": "2024-01-18T19:49:41.267757Z",
            "yes_price": 10,
            "no_price": 90,
            "taker_side": "no"
        },
        {
            "trade_id": "ca23d700-7de3-4e7a-b2c8-1aa0fd80fdb6",
            "ticker": "HIGHNY-24JAN19-B28.5",
            "count": 75,
            "created_time": "2024-01-18T19:49:41.267757Z",
            "yes_price": 9,
            "no_price": 91,
            "taker_side": "no"
        },
        {
            "trade_id": "49ce0a9f-9e0e-4dc0-9391-a31ef3b9b9d8",
            "ticker": "HIGHNY-24JAN19-B28.5",
            "count": 4,
            "created_time": "2024-01-18T18:21:16.387258Z",
            "yes_price": 13,
            "no_price": 87,
            "taker_side": "no"
        },
        {
            "trade_id": "40f08855-68f7-4b0f-af1a-d2bed9e30e4d",
            "ticker": "HIGHNY-24JAN19-B28.5",
            "count": 8,
            "created_time": "2024-01-18T17:09:13.397063Z",
            "yes_price": 15,
            "no_price": 85,
            "taker_side": "no"
        },
        {
            "trade_id": "9c3e9d2b-67b4-4a39-9d37-af2f03f4efda",
            "ticker": "HIGHNY-24JAN19-B28.5",
            "count": 1,
            "created_time": "2024-01-18T16:28:35.168476Z",
            "yes_price": 12,
            "no_price": 88,
            "taker_side": "yes"
        },
        {
            "trade_id": "5044b767-af77-40f6-baf3-3fa205315774",
            "ticker": "HIGHNY-24JAN19-B28.5",
            "count": 5,
            "created_time": "2024-01-18T16:28:35.168476Z",
            "yes_price": 12,
            "no_price": 88,
            "taker_side": "yes"
        }
    ],
    "HIGHNY-24JAN19-B30.5": [
        {
            "trade_id": "925e4b06-2ab3-42cf-bfa6-654664e48f49",
            "ticker": "HIGHNY-24JAN19-B30.5",
            "count": 383,
            "created_time": "2024-01-19T19:24:36.661836Z",
            "yes_price": 1,
            "no_price": 99,
            "taker_side": "no"
        },
        {
            "trade_id": "ad742dc2-193c-44d3-807c-a58bdb9d6d0c",
            "ticker": "HIGHNY-24JAN19-B30.5",
            "count": 1,
            "created_time": "2024-01-19T19:24:36.562217Z",
            "yes_price": 1,
            "no_price": 99,
            "taker_side": "yes"
        },
        {
            "trade_id": "94f4aa50-cccb-4024-8756-9adba3e0ca91",
            "ticker": "HIGHNY-24JAN19-B30.5",
            "count": 996,
            "created_time": "2024-01-19T19:24:36.562217Z",
            "yes_price": 1,
            "no_price": 99,
            "taker_side": "yes"
        },
        {
            "trade_id": "c7e815e2-9061-4efc-9b41-51f411792b94",
            "ticker": "HIGHNY-24JAN19-B30.5",
            "count": 467,
            "created_time": "2024-01-19T15:53:34.573358Z",
            "yes_price": 1,
            "no_price": 99,
            "taker_side": "yes"
        },
        {
            "trade_id": "2375879c-86a3-41a5-80ae-16f6268cc3eb",
            "ticker": "HIGHNY-24JAN19-B30.5",
            "count": 3,
            "created_time": "2024-01-19T13:00:00.630643Z",
            "yes_price": 33,
            "no_price": 67,
            "taker_side": "no"
        },
        {
            "trade_id": "ed95e52f-7e0c-4f44-ac0c-2f9d20542c24",
            "ticker": "HIGHNY-24JAN19-B30.5",
            "count": 5,
            "created_time": "2024-01-18T15:27:30.249573Z",
            "yes_price": 22,
            "no_price": 78,
            "taker_side": "no"
        }
    ],
    "HIGHNY-24JAN19-B32.5": [
        {
            "trade_id": "f2c365e6-844c-46af-8066-e60e08069e30",
            "ticker": "HIGHNY-24JAN19-B32.5",
            "count": 5,
            "created_time": "2024-01-19T13:00:00.723829Z",
            "yes_price": 53,
            "no_price": 47,
            "taker_side": "yes"
        },
        {
            "trade_id": "52e040f5-d48f-42b9-be98-8777a8342a14",
            "ticker": "HIGHNY-24JAN19-B32.5",
            "count": 10,
            "created_time": "2024-01-19T01:19:32.168181Z",
            "yes_price": 34,
            "no_price": 66,
            "taker_side": "no"
        },
        {
            "trade_id": "06df6634-5cdc-4cb2-926f-e79e571a5e8f",
            "ticker": "HIGHNY-24JAN19-B32.5",
            "count": 31,
            "created_time": "2024-01-18T22:09:18.201218Z",
            "yes_price": 46,
            "no_price": 54,
            "taker_side": "yes"
        },
        {
            "trade_id": "e0c365e0-82f4-4c0c-af1c-6d6401fe9e61",
            "ticker": "HIGHNY-24JAN19-B32.5",
            "count": 9,
            "created_time": "2024-01-18T19:51:50.154648Z",
            "yes_price": 45,
            "no_price": 55,
            "taker_side": "yes"
        },
        {
            "trade_id": "d9be8563-8145-4ebd-b3ef-0eb8903d43be",
            "ticker": "HIGHNY-24JAN19-B32.5",
            "count": 74,
            "created_time": "2024-01-18T19:50:20.727561Z",
            "yes_price": 44,
            "no_price": 56,
            "taker_side": "yes"
        },
        {
            "trade_id": "c82279aa-627f-4f5b-9f51-05fca05a192c",
            "ticker": "HIGHNY-24JAN19-B32.5",
            "count": 7,
            "created_time": "2024-01-18T19:50:20.727561Z",
            "yes_price": 43,
            "no_price": 57,
            "taker_side": "yes"
        },
        {
            "trade_id": "e5c8b0ac-fc16-438c-a53a-411d7ec73322",
            "ticker": "HIGHNY-24JAN19-B32.5",
            "count": 74,
            "created_time": "2024-01-18T19:49:09.475364Z",
            "yes_price": 41,
            "no_price": 59,
            "taker_side": "yes"
        },
        {
            "trade_id": "9b98c5ac-ec56-4e96-a301-e2fccd58179d",
            "ticker": "HIGHNY-24JAN19-B32.5",
            "count": 14,
            "created_time": "2024-01-18T19:49:09.475364Z",
            "yes_price": 37,
            "no_price": 63,
            "taker_side": "yes"
        },
        {
            "trade_id": "6b7e47e4-85fb-46b3-8deb-1cc1e74a2200",
            "ticker": "HIGHNY-24JAN19-B32.5",
            "count": 74,
            "created_time": "2024-01-18T19:49:09.475364Z",
            "yes_price": 39,
            "no_price": 61,
            "taker_side": "yes"
        },
        {
            "trade_id": "e9b65dda-5973-4a2f-8f13-57a45117dd90",
            "ticker": "HIGHNY-24JAN19-B32.5",
            "count": 75,
            "created_time": "2024-01-18T19:48:15.354435Z",
            "yes_price": 39,
            "no_price": 61,
            "taker_side": "yes"
        },
        {
            "trade_id": "5dc9fb18-935d-450d-b532-8f59b00a16fb",
            "ticker": "HIGHNY-24JAN19-B32.5",
            "count": 1,
            "created_time": "2024-01-18T19:48:15.354435Z",
            "yes_price": 37,
            "no_price": 63,
            "taker_side": "yes"
        },
        {
            "trade_id": "5d5add43-39fd-4327-b3ba-25a1bac6508e",
            "ticker": "HIGHNY-24JAN19-B32.5",
            "count": 30,
            "created_time": "2024-01-18T19:48:15.354435Z",
            "yes_price": 37,
            "no_price": 63,
            "taker_side": "yes"
        },
        {
            "trade_id": "47b38975-1200-4932-9735-f6674dc87c89",
            "ticker": "HIGHNY-24JAN19-B32.5",
            "count": 75,
            "created_time": "2024-01-18T19:48:15.354435Z",
            "yes_price": 41,
            "no_price": 59,
            "taker_side": "yes"
        }
    ],
    "HIGHNY-24JAN19-B34.5": [],
    "HIGHNY-24JAN19-T35": []
}