{
    "KXHIGHNY-24DEC21-T29": [
        {
            "trade_id": "c4108389-2d04-4b22-a386-e9aaacf2d4a5",
            "ticker": "KXHIGHNY-24DEC21-T29",
            "count": 50,
            "created_time": "2024-12-22T03:14:14.694048Z",
            "yes_price": 1,
            "no_price": 99,
            "taker_side": "yes"
        },
        {
            "trade_id": "4ec13141-8669-45d2-bcf5-52ce706078db",
            "ticker": "KXHIGHNY-24DEC21-T29",
            "count": 46,
            "created_time": "2024-12-22T03:08:44.454189Z",
            "yes_price": 1,
            "no_price": 99,
            "taker_side": "yes"
        },
        {
            "trade_id": "145a808d-8060-40f9-9f32-341e0fb40bf7",
            "ticker": "KXHIGHNY-24DEC21-T29",
            "count": 140,
            "created_time": "2024-12-22T02:55:18.353423Z",
            "yes_price": 1,
            "no_price": 99,
            "taker_side": "yes"
        },
        {
            "trade_id": "659482e9-4f4f-49c3-838b-41f27d15ee5b",
            "ticker": "KXHIGHNY-24DEC21-T29",
            "count": 10,
            "created_time": "2024-12-21T22:26:11.474591Z",
            "yes_price": 1,
            "no_price": 99,
            "taker_side": "yes"
        },
        {
            "trade_id": "85ea66f4-4674-45eb-bc35-a1031dfd7ff0",
            "ticker": "KXHIGHNY-24DEC21-T29",
            "count": 187,
            "created_time": "2024-12-21T22:26:10.19628Z",
            "yes_price": 1,
            "no_price": 99,
            "taker_side": "yes"
        },
        {
            "trade_id": "ff7f3f11-6e12-428f-8c46-9e53fc60ba38",
            "ticker": "KXHIGHNY-24DEC21-T29",
            "count": 10,
            "created_time": "2024-12-21T20:20:33.310415Z",
            "yes_price": 1,
            "no_price": 99,
            "taker_side": "yes"
        }
    ],
    "KXHIGHNY-24DEC21-B29.5": [
        {
            "trade_id": "ad36e959-f4a0-4957-95f8-cb35cad8abe6",
            "ticker": "KXHIGHNY-24DEC21-B29.5",
            "count": 50,
            "created_time": "2024-12-22T03:13:13.010959Z",
            "yes_price": 1,
            "no_price": 99,
            "taker_side": "yes"
        },
        {
            "trade_id": "6d67c97d-a1ae-4bca-bdc2-87137d387d07",
            "ticker": "KXHIGHNY-24DEC21-B29.5",
            "count": 46,
            "created_time": "2024-12-22T03:08:27.12744Z",
            "yes_price": 1,
            "no_price": 99,
            "taker_side": "yes"
        },
        {
            "trade_id": "83580df3-d24d-4874-9530-b54d2bfff2a5",
            "ticker": "KXHIGHNY-24DEC21-B29.5",
            "count": 140,
            "created_time": "2024-12-22T02:55:35.025634Z",
            "yes_price": 1,
            "no_price": 99,
            "taker_side": "yes"
        },
        {
            "trade_id": "b875ce9d-4316-45e5-a6a6-968ba6c4c472",
            "ticker": "KXHIGHNY-24DEC21-B29.5",
            "count": 10,
            "created_time": "2024-12-21T20:20:38.043125Z",
            "yes_price": 1,
            "no_price": 99,
            "taker_side": "yes"
        },
        {
            "trade_id": "51bd682e-b411-4821-93f5-b424644a27e7",
            "ticker": "KXHIGHNY-24DEC21-B29.5",
            "count": 10,
            "created_time": "2024-12-21T20:20:33.541361Z",
            "yes_price": 1,
            "no_price": 99,
            "taker_side": "yes"
        },
        {
            "trade_id": "b0f9f6e1-3abf-406a-aaaf-ccc249946230",
            "ticker": "KXHIGHNY-24DEC21-B29.5",
            "count": 99,
            "created_time": "2024-12-21T18:37:17.170548Z",
            "yes_price": 1,
            "no_price": 99,
            "taker_side": "yes"
        },
        {
            "trade_id": "91a1dde5-4395-4d11-acfa-741edd58a822",
            "ticker": "KXHIGHNY-24DEC21-B29.5",
            "count": 2500,
            "created_time": "2024-12-21T18:37:17.170548Z",
            "yes_price": 1,
            "no_price": 99,
            "taker_side": "yes"
        },
        {
            "trade_id": "6744da36-c33d-4eaa-bd7a-de1eeee5a09e",
            "ticker": "KXHIGHNY-24DEC21-B29.5",
            "count": 2076,
            "created_time": "2024-12-21T18:37:17.170548Z",
            "yes_price": 1,
            "no_price": 99,
            "taker_side": "yes"
        },
        {
            "trade_id": "65a32936-f582-4cbd-9f7a-465f9d4a829f",
            "ticker": "KXHIGHNY-24DEC21-B29.5",
            "count": 93,
            "created_time": "2024-12-21T17:01:44.343159Z",
            "yes_price": 1,
            "no_price": 99,
            "taker_side": "yes"
        },
        {
            "trade_id": "be84a9c0-d3e1-4d15-b0a9-3a4b0b6b26ff",
            "ticker": "KXHIGHNY-24DEC21-B29.5",
            "count": 93,
            "created_time": "2024-12-21T17:00:40.441477Z",
            "yes_price": 1,
            "no_price": 99,
            "taker_side": "yes"
        },
        {
            "trade_id": "40253955-714f-409d-97fa-81360c1e78b2",
            "ticker": "KXHIGHNY-24DEC21-B29.5",
            "count": 280,
            "created_time": "2024-12-21T16:15:37.01505Z",
            "yes_price": 1,
            "no_price": 99,
            "taker_side": "yes"
        },
        {
            "trade_id": "67eb476f-4ec3-4d89-9e44-fee282cc2f8e",
            "ticker": "KXHIGHNY-24DEC21-B29.5",
            "count": 93,
            "created_time": "2024-12-21T16:02:12.5405Z",
            "yes_price": 1,
            "no_price": 99,
            "taker_side": "yes"
        },
        {
            "trade_id": "4685ead2-c905-4b5b-84cf-e65ef7664084",
            "ticker": "KXHIGHNY-24DEC21-B29.5",
            "count": 5,
            "created_time": "2024-12-21T14:26:06.116646Z",
            "yes_price": 1,
            "no_price": 99,
            "taker_side": "yes"
        },
        {
            "trade_id": "6226db08-d6c9-4f9b-be42-ef9293801e47",
            "ticker": "KXHIGHNY-24DEC21-B29.5",
            "count": 2337,
            "created_time": "2024-12-21T13:01:25.171594Z",
            "yes_price": 1,
            "no_price": 99,
            "taker_side": "yes"
        },
        {
            "trade_id": "02c68c90-5942-4cb7-96e2-7d8d0a2e312b",
            "ticker": "KXHIGHNY-24DEC21-B29.5",
            "count": 2,
            "created_time": "2024-12-21T02:27:26.90017Z",
            "yes_price": 1,
            "no_price": 99,
            "taker_side": "no"
        },
        {
            "trade_id": "bcde404f-7794-43a7-9f9a-918776204eba",
            "ticker": "KXHIGHNY-24DEC21-B29.5",
            "count": 48,
            "created_time": "2024-12-21T02:22:31.532581Z",
            "yes_price": 1,
            "no_price": 99,
            "taker_side": "no"
        },
        {
            "trade_id": "254ccbc5-8c2a-43f2-bcfe-60f05698924f",
            "ticker": "KXHIGHNY-24DEC21-B29.5",
            "count": 11,
            "created_time": "2024-12-21T02:22:31.532581Z",
            "yes_price": 1,
            "no_price": 99,
            "taker_side": "no"
        },
        {
            "trade_id": "e0e373dd-0193-466b-bc20-38751a2d71df",
            "ticker": "KXHIGHNY-24DEC21-B29.5",
            "count": 139,
            "created_time": "2024-12-21T02:22:20.600532Z",
            "yes_price": 1,
            "no_price": 99,
            "taker_side": "no"
        },
        {
            "trade_id": "c9fad3a8-006c-4408-bc5f-74cb9655188b",
            "ticker": "KXHIGHNY-24DEC21-B29.5",
            "count": 100,
            "created_time": "2024-12-21T02:22:20.600532Z",
            "yes_price": 1,
            "no_price": 99,
            "taker_side": "no"
        },
        {
            "trade_id": "dd401b97-88ba-4f69-8320-8ad2183c79df",
            "ticker": "KXHIGHNY-24DEC21-B29.5",
            "count": 50,
            "created_time": "2024-12-21T02:19:08.273187Z",
            "yes_price": 2,
            "no_price": 98,
            "taker_side": "no"
        },
        {
            "trade_id": "da2f1592-f14e-4512-b2a2-9953c29c8389",
            "ticker": "KXHIGHNY-24DEC21-B29.5",
            "count": 33,
            "created_time": "2024-12-21T02:19:08.273187Z",
            "yes_price": 2,
            "no_price": 98,
            "taker_side": "no"
        },
        {
            "trade_id": "aeb7356b-86c8-4061-b52a-c2c2fefcec1b",
            "ticker": "KXHIGHNY-24DEC21-B29.5",
            "count": 50,
            "created_time": "2024-12-21T02:19:08.273187Z",
            "yes_price": 2,
            "no_price": 98,
            "taker_side": "no"
        },
        {
            "trade_id": "7f5e9887-b060-4f7a-a2a0-ae658952acff",
            "ticker": "KXHIGHNY-24DEC21-B29.5",
            "count": 10,
            "created_time": "2024-12-21T01:58:36.305522Z",
            "yes_price": 2,
            "no_price": 98,
            "taker_side": "no"
        },
        {
            "trade_id": "8b258522-54fd-4e5d-81c8-9b138ae79a6d",
            "ticker": "KXHIGHNY-24DEC21-B29.5",
            "count": 7,
            "created_time": "2024-12-21T01:56:44.935441Z",
            "yes_price": 2,
            "no_price": 98,
            "taker_side": "no"
        },
        {
            "trade_id": "4de6a2cc-09a8-4d7d-9671-f79cfa1e69b4",
            "ticker": "KXHIGHNY-24DEC21-B29.5",
            "count": 20,
            "created_time": "2024-12-20T23:58:50.992791Z",
            "yes_price": 2,
            "no_price": 98,
            "taker_side": "no"
        },
        {
            "trade_id": "7591efcf-9aed-43de-896b-b8efdc0bdb3d",
            "ticker": "KXHIGHNY-24DEC21-B29.5",
            "count": 5,
            "created_time": "2024-12-20T21:46:24.810066Z",
            "yes_price": 2,
            "no_price": 98,
            "taker_side": "no"
        }
    ],
    "KXHIGHNY-24DEC21-B31.5": [
        {
            "trade_id": "e2ad4f7b-4571-4c4a-9f1c-ed6adfee4f0c",
            "ticker": "KXHIGHNY-24DEC21-B31.5",
            "count": 935,
            "created_time": "2024-12-22T04:49:38.545585Z",
            "yes_price": 1,
            "no_price": 99,
            "taker_side": "yes"
        },
        {
            "trade_id": "20a99a07-2220-43d7-abbc-8fac2a4a53bc",
            "ticker": "KXHIGHNY-24DEC21-B31.5",
            "count": 935,
            "created_time": "2024-12-22T04:49:05.109329Z",
            "yes_price": 1,
            "no_price": 99,
            "taker_side": "yes"
        },
        {
            "trade_id": "d664b551-d244-4119-9cd7-150daed33319",
            "ticker": "KXHIGHNY-24DEC21-B31.5",
            "count": 2412,
            "created_time": "2024-12-22T03:13:11.411531Z",
            "yes_price": 1,
            "no_price": 99,
            "taker_side": "yes"
        },
        {
            "trade_id": "3b0872bc-c113-4abb-ae5f-a36246ecb0a3",
            "ticker": "KXHIGHNY-24DEC21-B31.5",
            "count": 2263,
            "created_time": "2024-12-22T03:13:11.411531Z",
            "yes_price": 1,
            "no_price": 99,
            "taker_side": "yes"
        },
        {
            "trade_id": "acaa834b-5ce8-4d08-ab6f-484502acca2c",
            "ticker": "KXHIGHNY-24DEC21-B31.5",
            "count": 50,
            "created_time": "2024-12-22T03:10:26.881665Z",
            "yes_price": 1,
            "no_price": 99,
            "taker_side": "yes"
        },
        {
            "trade_id": "cde641ba-0f0d-41c3-8750-5e01e265a255",
            "ticker": "KXHIGHNY-24DEC21-B31.5",
            "count": 46,
            "created_time": "2024-12-22T03:08:08.446021Z",
            "yes_price": 1,
            "no_price": 99,
            "taker_side": "yes"
        },
        {
            "trade_id": "b7896bc3-001f-422e-8c8a-cadcf5923474",
            "ticker": "KXHIGHNY-24DEC21-B31.5",
            "count": 140,
            "created_time": "2024-12-22T02:52:54.678766Z",
            "yes_price": 1,
            "no_price": 99,
            "taker_side": "yes"
        },
        {
            "trade_id": "a92e8dd0-599c-4426-a0fc-543e24cef4e6",
            "ticker": "KXHIGHNY-24DEC21-B31.5",
            "count": 4933,
            "created_time": "2024-12-22T00:05:06.386277Z",
            "yes_price": 1,
            "no_price": 99,
            "taker_side": "yes"
        },
        {
            "trade_id": "41e60bab-7c72-4d9e-ac64-31107fd7c383",
            "ticker": "KXHIGHNY-24DEC21-B31.5",
            "count": 93,
            "created_time": "2024-12-21T23:58:30.141888Z",
            "yes_price": 1,
            "no_price": 99,
            "taker_side": "yes"
        },
        {
            "trade_id": "54eecea6-c0aa-431d-9420-3e989a8e80dd",
            "ticker": "KXHIGHNY-24DEC21-B31.5",
            "count": 93,
            "created_time": "2024-12-21T22:08:53.606423Z",
            "yes_price": 1,
            "no_price": 99,
            "taker_side": "yes"
        },
        {
            "trade_id": "5986b2df-465f-49ae-b346-23814a1f17f8",
            "ticker": "KXHIGHNY-24DEC21-B31.5",
            "count": 200,
            "created_time": "2024-12-21T21:23:26.265665Z",
            "yes_price": 1,
            "no_price": 99,
            "taker_side": "yes"
        },
        {
            "trade_id": "6d5e003d-b610-4226-a0e2-7aa95288d65a",
            "ticker": "KXHIGHNY-24DEC21-B31.5",
            "count": 2000,
            "created_time": "2024-12-21T20:44:16.670025Z",
            "yes_price": 1,
            "no_price": 99,
            "taker_side": "yes"
        },
        {
            "trade_id": "c8f3a7a1-6656-45f7-851a-bc8ed18aba2b",
            "ticker": "KXHIGHNY-24DEC21-B31.5",
            "count": 10,
            "created_time": "2024-12-21T20:39:38.970561Z",
            "yes_price": 2,
            "no_price": 98,
            "taker_side": "yes"
        },
        {
            "trade_id": "6ca62760-84f1-4fdc-bb48-f02f540787e4",
            "ticker": "KXHIGHNY-24DEC21-B31.5",
            "count": 499,
            "created_time": "2024-12-21T20:39:37.323534Z",
            "yes_price": 1,
            "no_price": 99,
            "taker_side": "yes"
        },
        {
            "trade_id": "55acdcff-3def-4f7c-9ce0-2331d437e291",
            "ticker": "KXHIGHNY-24DEC21-B31.5",
            "count": 1,
            "created_time": "2024-12-21T20:38:54.513464Z",
            "yes_price": 1,
            "no_price": 99,
            "taker_side": "yes"
        },
        {
            "trade_id": "236c11f8-4de6-4233-bbe8-86d2ac579530",
            "ticker": "KXHIGHNY-24DEC21-B31.5",
            "count": 10,
            "created_time": "2024-12-21T20:35:35.189875Z",
            "yes_price": 2,
            "no_price": 98,
            "taker_side": "yes"
        },
        {
            "trade_id": "b082ccd4-a910-4e86-8003-daaa8dd393ab",
            "ticker": "KXHIGHNY-24DEC21-B31.5",
            "count": 2361,
            "created_time": "2024-12-21T20:35:33.008828Z",
            "yes_price": 1,
            "no_price": 99,
            "taker_side": "yes"
        },
        {
            "trade_id": "d215e7cf-4171-4161-9c64-2088a10b43a2",
            "ticker": "KXHIGHNY-24DEC21-B31.5",
            "count": 1,
            "created_time": "2024-12-21T20:35:25.332625Z",
            "yes_price": 1,
            "no_price": 99,
            "taker_side": "yes"
        },
        {
            "trade_id": "465ef30f-40cf-4ffa-b09c-b955cd6f2a3c",
            "ticker": "KXHIGHNY-24DEC21-B31.5",
            "count": 99,
            "created_time": "2024-12-21T20:35:01.675462Z",
            "yes_price": 1,
            "no_price": 99,
            "taker_side": "yes"
        },
        {
            "trade_id": "24d35168-27ba-4419-a37b-d43a4e22451f",
            "ticker": "KXHIGHNY-24DEC21-B31.5",
            "count": 1,
            "created_time": "2024-12-21T20:34:39.009314Z",
            "yes_price": 1,
            "no_price": 99,
            "taker_side": "yes"
        },
        {
            "trade_id": "64bebca4-1bec-41b8-b875-d74811d9fb8c",
            "ticker": "KXHIGHNY-24DEC21-B31.5",
            "count": 499,
            "created_time": "2024-12-21T20:34:23.737682Z",
            "yes_price": 1,
            "no_price": 99,
            "taker_side": "yes"
        },
        {
            "trade_id": "a0035aef-9feb-4628-bfb1-908b46cfdf34",
            "ticker": "KXHIGHNY-24DEC21-B31.5",
            "count": 1,
            "created_time": "2024-12-21T20:34:12.760093Z",
            "yes_price": 1,
            "no_price": 99,
            "taker_side": "yes"
        },
        {
            "trade_id": "8251470f-568f-4569-bd0f-500fbb6111c5",
            "ticker": "KXHIGHNY-24DEC21-B31.5",
            "count": 499,
            "created_time": "2024-12-21T20:33:51.253214Z",
            "yes_price": 1,
            "no_price": 99,
            "taker_side": "yes"
        },
        {
            "trade_id": "fff45cfe-1306-4db0-a05f-9407b748c1cd",
            "ticker": "KXHIGHNY-24DEC21-B31.5",
            "count": 1,
            "created_time": "2024-12-21T20:33:41.352118Z",
            "yes_price": 1,
            "no_price": 99,
            "taker_side": "yes"
        },
        {
            "trade_id": "9370bbfd-9f1f-4eec-8821-d319332cef21",
            "ticker": "KXHIGHNY-24DEC21-B31.5",
            "count": 10,
            "created_time": "2024-12-21T20:33:24.998755Z",
            "yes_price": 2,
            "no_price": 98,
            "taker_side": "yes"
        },
        {
            "trade_id": "d8eb5f85-67b8-4441-80fa-18c7ac1b9682",
            "ticker": "KXHIGHNY-24DEC21-B31.5",
            "count": 499,
            "created_time": "2024-12-21T20:33:22.94247Z",
            "yes_price": 1,
            "no_price": 99,
            "taker_side": "yes"
        },
        {
            "trade_id": "1488148c-5319-4608-a9ea-4b4ad6397b54",
            "ticker": "KXHIGHNY-24DEC21-B31.5",
            "count": 1,
            "created_time": "2024-12-21T20:30:58.68114Z",
            "yes_price": 1,
            "no_price": 99,
            "taker_side": "no"
        },
        {
            "trade_id": "88e0af3a-42b8-4cd3-9f78-f0de7c651586",
            "ticker": "KXHIGHNY-24DEC21-B31.5",
            "count": 93,
            "created_time": "2024-12-21T20:29:40.328638Z",
            "yes_price": 2,
            "no_price": 98,
            "taker_side": "yes"
        },
        {
            "trade_id": "ee771a72-5d0a-426d-b63e-53d5b57eaf49",
            "ticker": "KXHIGHNY-24DEC21-B31.5",
            "count": 814,
            "created_time": "2024-12-21T20:26:42.189618Z",
            "yes_price": 1,
            "no_price": 99,
            "taker_side": "yes"
        },
        {
            "trade_id": "8fb575bb-8f6c-4b55-89f6-cd80bff40702",
            "ticker": "KXHIGHNY-24DEC21-B31.5",
            "count": 300,
            "created_time": "2024-12-21T20:26:42.189618Z",
            "yes_price": 1,
            "no_price": 99,
            "taker_side": "yes"
        },
        {
            "trade_id": "598d957d-7ddf-4f88-897c-3d88e6c9da8d",
            "ticker": "KXHIGHNY-24DEC21-B31.5",
            "count": 32,
            "created_time": "2024-12-21T20:26:42.189618Z",
            "yes_price": 1,
            "no_price": 99,
            "taker_side": "yes"
        },
        {
            "trade_id": "2ffa4b09-1cc4-4fbb-aa69-aceac054f999",
            "ticker": "KXHIGHNY-24DEC21-B31.5",
            "count": 467,
            "created_time": "2024-12-21T20:26:13.549947Z",
            "yes_price": 1,
            "no_price": 99,
            "taker_side": "yes"
        },
        {
            "trade_id": "9d19b52e-42a1-4382-aad8-7a991f09620c",
            "ticker": "KXHIGHNY-24DEC21-B31.5",
            "count": 1,
            "created_time": "2024-12-21T20:20:38.693372Z",
            "yes_price": 1,
            "no_price": 99,
            "taker_side": "no"
        },
        {
            "trade_id": "40ca01bc-89bc-4e88-a03b-2fd9c240a885",
            "ticker": "KXHIGHNY-24DEC21-B31.5",
            "count": 10,
            "created_time": "2024-12-21T20:20:38.519767Z",
            "yes_price": 2,
            "no_price": 98,
            "taker_side": "yes"
        },
        {
            "trade_id": "c5ee18c4-d7f7-4811-a941-b046b898c1a5",
            "ticker": "KXHIGHNY-24DEC21-B31.5",
            "count": 10000,
            "created_time": "2024-12-21T20:20:31.564554Z",
            "yes_price": 1,
            "no_price": 99,
            "taker_side": "no"
        },
        {
            "trade_id": "81f0dabf-faed-47d2-9f45-82b266067fee",
            "ticker": "KXHIGHNY-24DEC21-B31.5",
            "count": 9,
            "created_time": "2024-12-21T20:20:31.564554Z",
            "yes_price": 1,
            "no_price": 99,
            "taker_side": "no"
        },
        {
            "trade_id": "6498ed17-d4c3-4f6a-b863-98df5c6689c8",
            "ticker": "KXHIGHNY-24DEC21-B31.5",
            "count": 3277,
            "created_time": "2024-12-21T20:20:31.564554Z",
            "yes_price": 1,
            "no_price": 99,
            "taker_side": "no"
        },
        {
            "trade_id": "a19ef4a9-182f-494e-9750-f6d7bba9686c",
            "ticker": "KXHIGHNY-24DEC21-B31.5",
            "count": 10,
            "created_time": "2024-12-21T20:19:58.883353Z",
            "yes_price": 2,
            "no_price": 98,
            "taker_side": "yes"
        },
        {
            "trade_id": "aa27d3b3-5bfe-4a3e-9a9a-3ac5fe83348b",
            "ticker": "KXHIGHNY-24DEC21-B31.5",
            "count": 500,
            "created_time": "2024-12-21T20:19:57.015993Z",
            "yes_price": 1,
            "no_price": 99,
            "taker_side": "no"
        },
        {
            "trade_id": "9010d804-d510-4f78-9e55-be2938283a6f",
            "ticker": "KXHIGHNY-24DEC21-B31.5",
            "count": 400,
            "created_time": "2024-12-21T20:19:09.385723Z",
            "yes_price": 2,
            "no_price": 98,
            "taker_side": "no"
        },
        {
            "trade_id": "cfc4ac57-1fb9-483b-8804-510c7d8ec874",
            "ticker": "KXHIGHNY-24DEC21-B31.5",
            "count": 400,
            "created_time": "2024-12-21T20:19:04.080158Z",
            "yes_price": 2,
            "no_price": 98,
            "taker_side": "no"
        },
        {
            "trade_id": "2ca241fa-c566-4af0-bc76-86b622f30e9f",
            "ticker": "KXHIGHNY-24DEC21-B31.5",
            "count": 2223,
            "created_time": "2024-12-21T20:18:50.366813Z",
            "yes_price": 1,
            "no_price": 99,
            "taker_side": "no"
        },
        {
            "trade_id": "abc4d4df-88d4-4d2e-98c8-b07a1f8eb92c",
            "ticker": "KXHIGHNY-24DEC21-B31.5",
            "count": 300,
            "created_time": "2024-12-21T20:18:46.67742Z",
            "yes_price": 2,
            "no_price": 98,
            "taker_side": "no"
        },
        {
            "trade_id": "5f95bca6-d42b-4066-92a3-4fda8ab02433",
            "ticker": "KXHIGHNY-24DEC21-B31.5",
            "count": 145,
            "created_time": "2024-12-21T20:18:46.67742Z",
            "yes_price": 2,
            "no_price": 98,
            "taker_side": "no"
        },
        {
            "trade_id": "0b078d56-cb26-4da7-b5fb-3333cefdfec9",
            "ticker": "KXHIGHNY-24DEC21-B31.5",
            "count": 7,
            "created_time": "2024-12-21T20:18:46.67742Z",
            "yes_price": 2,
            "no_price": 98,
            "taker_side": "no"
        },
        {
            "trade_id": "b92f9219-bdc9-4fd4-81ee-1f5777fa50e6",
            "ticker": "KXHIGHNY-24DEC21-B31.5",
            "count": 25,
            "created_time": "2024-12-21T20:13:31.0897Z",
            "yes_price": 4,
            "no_price": 96,
            "taker_side": "yes"
        },
        {
            "trade_id": "c1347688-da54-4720-bed0-2d576491a0ea",
            "ticker": "KXHIGHNY-24DEC21-B31.5",
            "count": 23,
            "created_time": "2024-12-21T20:05:16.983808Z",
            "yes_price": 4,
            "no_price": 96,
            "taker_side": "yes"
        },
        {
            "trade_id": "941ed7b2-23cf-4169-94d5-121f0c7398f9",
            "ticker": "KXHIGHNY-24DEC21-B31.5",
            "count": 88,
            "created_time": "2024-12-21T20:04:57.106187Z",
            "yes_price": 3,
            "no_price": 97,
            "taker_side": "no"
        },
        {
            "trade_id": "19e385c0-72d2-4cb6-aef2-8c19c470d484",
            "ticker": "KXHIGHNY-24DEC21-B31.5",
            "count": 711,
            "created_time": "2024-12-21T20:04:57.106187Z",
            "yes_price": 2,
            "no_price": 98,
            "taker_side": "no"
        },
        {
            "trade_id": "1405a80d-e914-4f5e-b861-b6d8906f4ca1",
            "ticker": "KXHIGHNY-24DEC21-B31.5",
            "count": 10,
            "created_time": "2024-12-21T20:02:44.702953Z",
            "yes_price": 3,
            "no_price": 97,
            "taker_side": "no"
        },
        {
            "trade_id": "733860de-14f0-4ea2-b183-9bdec0cebc9b",
            "ticker": "KXHIGHNY-24DEC21-B31.5",
            "count": 1,
            "created_time": "2024-12-21T19:57:45.237431Z",
            "yes_price": 4,
            "no_price": 96,
            "taker_side": "yes"
        },
        {
            "trade_id": "23d3c75e-f747-4ffb-b986-d50791142f5f",
            "ticker": "KXHIGHNY-24DEC21-B31.5",
            "count": 1,
            "created_time": "2024-12-21T19:57:44.243134Z",
            "yes_price": 4,
            "no_price": 96,
            "taker_side": "yes"
        },
        {
            "trade_id": "8f78f028-a6bf-4b5e-87e5-15b2083c2df8",
            "ticker": "KXHIGHNY-24DEC21-B31.5",
            "count": 217,
            "created_time": "2024-12-21T19:56:20.750374Z",
            "yes_price": 4,
            "no_price": 96,
            "taker_side": "yes"
        },
        {
            "trade_id": "732e1726-f4ff-4c7b-83a7-607c9d4855d4",
            "ticker": "KXHIGHNY-24DEC21-B31.5",
            "count": 300,
            "created_time": "2024-12-21T19:48:53.814856Z",
            "yes_price": 4,
            "no_price": 96,
            "taker_side": "yes"
        },
        {
            "trade_id": "20a7483a-40a9-4c41-8b29-efd845deb3f7",
            "ticker": "KXHIGHNY-24DEC21-B31.5",
            "count": 168,
            "created_time": "2024-12-21T19:48:45.590956Z",
            "yes_price": 4,
            "no_price": 96,
            "taker_side": "yes"
        },
        {
            "trade_id": "908724b4-4b5a-4aa9-9774-58f7922b1c34",
            "ticker": "KXHIGHNY-24DEC21-B31.5",
            "count": 198,
            "created_time": "2024-12-21T19:48:09.390076Z",
            "yes_price": 4,
            "no_price": 96,
            "taker_side": "yes"
        },
        {
            "trade_id": "552d60d5-07bc-49e1-a2cd-704bae39fed2",
            "ticker": "KXHIGHNY-24DEC21-B31.5",
            "count": 174,
            "created_time": "2024-12-21T19:48:09.390076Z",
            "yes_price": 4,
            "no_price": 96,
            "taker_side": "yes"
        },
        {
            "trade_id": "1a868c42-d505-496d-a394-6e1b34b44267",
            "ticker": "KXHIGHNY-24DEC21-B31.5",
            "count": 7,
            "created_time": "2024-12-21T19:48:09.390076Z",
            "yes_price": 4,
            "no_price": 96,
            "taker_side": "yes"
        },
        {
            "trade_id": "052d48a4-e480-4d95-8cf7-3f8e0e297feb",
            "ticker": "KXHIGHNY-24DEC21-B31.5",
            "count": 21,
            "created_time": "2024-12-21T19:48:09.390076Z",
            "yes_price": 4,
            "no_price": 96,
            "taker_side": "yes"
        },
        {
            "trade_id": "766be1d9-2238-4809-b84d-d490b4fa163e",
            "ticker": "KXHIGHNY-24DEC21-B31.5",
            "count": 1,
            "created_time": "2024-12-21T19:47:24.636354Z",
            "yes_price": 4,
            "no_price": 96,
            "taker_side": "yes"
        },
        {
            "trade_id": "43861c2c-ea34-4718-8a77-94d6484f6cd1",
            "ticker": "KXHIGHNY-24DEC21-B31.5",
            "count": 2,
            "created_time": "2024-12-21T19:47:07.619895Z",
            "yes_price": 3,
            "no_price": 97,
            "taker_side": "no"
        },
        {
            "trade_id": "1426e7fc-e815-4b68-8f25-9eb07bd2585c",
            "ticker": "KXHIGHNY-24DEC21-B31.5",
            "count": 75,
            "created_time": "2024-12-21T19:43:13.398196Z",
            "yes_price": 4,
            "no_price": 96,
            "taker_side": "yes"
        },
        {
            "trade_id": "cf49f875-3c7b-43c2-b4f2-bbf13f53aa5d",
            "ticker": "KXHIGHNY-24DEC21-B31.5",
            "count": 234,
            "created_time": "2024-12-21T19:34:49.307701Z",
            "yes_price": 5,
            "no_price": 95,
            "taker_side": "yes"
        },
        {
            "trade_id": "10529f0f-3f45-432e-aa3a-2dc538319f88",
            "ticker": "KXHIGHNY-24DEC21-B31.5",
            "count": 59,
            "created_time": "2024-12-21T19:34:49.307701Z",
            "yes_price": 4,
            "no_price": 96,
            "taker_side": "yes"
        },
        {
            "trade_id": "90b013cb-ad96-4463-bd18-fb6db35cc411",
            "ticker": "KXHIGHNY-24DEC21-B31.5",
            "count": 20,
            "created_time": "2024-12-21T19:33:43.052232Z",
            "yes_price": 3,
            "no_price": 97,
            "taker_side": "no"
        },
        {
            "trade_id": "47f252b7-7e22-4da9-9340-886ef3a8ee4a",
            "ticker": "KXHIGHNY-24DEC21-B31.5",
            "count": 187,
            "created_time": "2024-12-21T19:30:26.725151Z",
            "yes_price": 5,
            "no_price": 95,
            "taker_side": "yes"
        },
        {
            "trade_id": "81a3aa79-e8b2-449f-accf-7888d4cda25e",
            "ticker": "KXHIGHNY-24DEC21-B31.5",
            "count": 1627,
            "created_time": "2024-12-21T19:22:25.208501Z",
            "yes_price": 5,
            "no_price": 95,
            "taker_side": "yes"
        },
        {
            "trade_id": "6b0e8fdb-abea-4923-9e8a-d68e61c7f1d3",
            "ticker": "KXHIGHNY-24DEC21-B31.5",
            "count": 310,
            "created_time": "2024-12-21T19:22:25.208501Z",
            "yes_price": 4,
            "no_price": 96,
            "taker_side": "yes"
        },
        {
            "trade_id": "faf9b83c-e650-4b6d-ae9b-573df0159427",
            "ticker": "KXHIGHNY-24DEC21-B31.5",
            "count": 22,
            "created_time": "2024-12-21T19:16:03.242054Z",
            "yes_price": 4,
            "no_price": 96,
            "taker_side": "yes"
        },
        {
            "trade_id": "8158f93b-53ee-4fec-8613-2c345b8a05ab",
            "ticker": "KXHIGHNY-24DEC21-B31.5",
            "count": 1,
            "created_time": "2024-12-21T19:12:17.831111Z",
            "yes_price": 3,
            "no_price": 97,
            "taker_side": "no"
        },
        {
            "trade_id": "483ebef4-292f-4104-9c5d-ada012d68e6f",
            "ticker": "KXHIGHNY-24DEC21-B31.5",
            "count": 83,
            "created_time": "2024-12-21T19:09:56.130756Z",
            "yes_price": 2,
            "no_price": 98,
            "taker_side": "no"
        },
        {
            "trade_id": "81ca2b1d-b460-49b2-b99e-f86d6fcc760b",
            "ticker": "KXHIGHNY-24DEC21-B31.5",
            "count": 468,
            "created_time": "2024-12-21T19:09:38.542321Z",
            "yes_price": 4,
            "no_price": 96,
            "taker_side": "yes"
        },
        {
            "trade_id": "b396f4ea-66b7-480a-bf3b-4ae198996c86",
            "ticker": "KXHIGHNY-24DEC21-B31.5",
            "count": 200,
            "created_time": "2024-12-21T19:07:17.042222Z",
            "yes_price": 4,
            "no_price": 96,
            "taker_side": "yes"
        },
        {
            "trade_id": "46fb79de-0b8c-42ca-aa0f-2972061a7e97",
            "ticker": "KXHIGHNY-24DEC21-B31.5",
            "count": 61,
            "created_time": "2024-12-21T19:03:23.308412Z",
            "yes_price": 2,
            "no_price": 98,
            "taker_side": "no"
        },
        {
            "trade_id": "71f0ec49-309f-45a5-b80c-973b01253f8a",
            "ticker": "KXHIGHNY-24DEC21-B31.5",
            "count": 180,
            "created_time": "2024-12-21T18:56:41.100975Z",
            "yes_price": 3,
            "no_price": 97,
            "taker_side": "no"
        },
        {
            "trade_id": "d60ea5b3-eec0-478a-a10b-397cdf8536c6",
            "ticker": "KXHIGHNY-24DEC21-B31.5",
            "count": 314,
            "created_time": "2024-12-21T18:44:33.957151Z",
            "yes_price": 5,
            "no_price": 95,
            "taker_side": "yes"
        },
        {
            "trade_id": "5cf182e8-5c47-48a2-83a4-58c5a4b763d0",
            "ticker": "KXHIGHNY-24DEC21-B31.5",
            "count": 213,
            "created_time": "2024-12-21T18:44:33.957151Z",
            "yes_price": 5,
            "no_price": 95,
            "taker_side": "yes"
        },
        {
            "trade_id": "27bd6b2b-a5b7-4a26-a120-2acadb9c637b",
            "ticker": "KXHIGHNY-24DEC21-B31.5",
            "count": 18,
            "created_time": "2024-12-21T18:28:43.179691Z",
            "yes_price": 5,
            "no_price": 95,
            "taker_side": "yes"
        },
        {
            "trade_id": "92ccfac3-8652-48d2-aa8a-822710bb90e4",
            "ticker": "KXHIGHNY-24DEC21-B31.5",
            "count": 18,
            "created_time": "2024-12-21T18:17:32.277156Z",
            "yes_price": 5,
            "no_price": 95,
            "taker_side": "yes"
        },
        {
            "trade_id": "dc666c0c-9446-4a4a-8101-340f9047fcda",
            "ticker": "KXHIGHNY-24DEC21-B31.5",
            "count": 5000,
            "created_time": "2024-12-21T18:10:19.108999Z",
            "yes_price": 5,
            "no_price": 95,
            "taker_side": "no"
        },
        {
            "trade_id": "a67ac10e-a488-4fad-bbe5-47208d3a4413",
            "ticker": "KXHIGHNY-24DEC21-B31.5",
            "count": 59,
            "created_time": "2024-12-21T18:09:48.139443Z",
            "yes_price": 6,
            "no_price": 94,
            "taker_side": "no"
        },
        {
            "trade_id": "e665a366-19ee-48a0-861f-6d2a9e8d81b5",
            "ticker": "KXHIGHNY-24DEC21-B31.5",
            "count": 750,
            "created_time": "2024-12-21T18:09:24.421115Z",
            "yes_price": 7,
            "no_price": 93,
            "taker_side": "yes"
        },
        {
            "trade_id": "dc48ce6f-0449-48c0-b923-38d24bef70d9",
            "ticker": "KXHIGHNY-24DEC21-B31.5",
            "count": 172,
            "created_time": "2024-12-21T18:09:24.421115Z",
            "yes_price": 6,
            "no_price": 94,
            "taker_side": "yes"
        },
        {
            "trade_id": "4ff2f7e6-899b-4d4a-9da6-d910c376491c",
            "ticker": "KXHIGHNY-24DEC21-B31.5",
            "count": 250,
            "created_time": "2024-12-21T18:09:24.421115Z",
            "yes_price": 7,
            "no_price": 93,
            "taker_side": "yes"
        },
        {
            "trade_id": "454a16b2-40d1-48f1-a2b5-f5b240a2e054",
            "ticker": "KXHIGHNY-24DEC21-B31.5",
            "count": 250,
            "created_time": "2024-12-21T18:09:24.421115Z",
            "yes_price": 8,
            "no_price": 92,
            "taker_side": "yes"
        },
        {
            "trade_id": "152faefc-527f-4233-aaca-c8526e6ae69d",
            "ticker": "KXHIGHNY-24DEC21-B31.5",
            "count": 2000,
            "created_time": "2024-12-21T18:09:24.421115Z",
            "yes_price": 8,
            "no_price": 92,
            "taker_side": "yes"
        },
        {
            "trade_id": "17271f73-7941-4b65-bc9f-e47bd064c7e4",
            "ticker": "KXHIGHNY-24DEC21-B31.5",
            "count": 78,
            "created_time": "2024-12-21T18:09:13.399156Z",
            "yes_price": 6,
            "no_price": 94,
            "taker_side": "yes"
        },
        {
            "trade_id": "e7d1b953-dac5-4c2b-be34-6bea2ca07559",
            "ticker": "KXHIGHNY-24DEC21-B31.5",
            "count": 1000,
            "created_time": "2024-12-21T18:07:20.341717Z",
            "yes_price": 5,
            "no_price": 95,
            "taker_side": "yes"
        },
        {
            "trade_id": "dcb858db-ba31-4b5c-a331-be0f0ab0b9fc",
            "ticker": "KXHIGHNY-24DEC21-B31.5",
            "count": 3000,
            "created_time": "2024-12-21T18:05:57.180483Z",
            "yes_price": 3,
            "no_price": 97,
            "taker_side": "no"
        },
        {
            "trade_id": "2c62637a-6f64-4773-9fd8-f92c5455b719",
            "ticker": "KXHIGHNY-24DEC21-B31.5",
            "count": 21,
            "created_time": "2024-12-21T18:05:40.227092Z",
            "yes_price": 10,
            "no_price": 90,
            "taker_side": "yes"
        },
        {
            "trade_id": "f424015d-dd30-4c0f-b9a5-b6cbae524727",
            "ticker": "KXHIGHNY-24DEC21-B31.5",
            "count": 250,
            "created_time": "2024-12-21T18:04:33.694783Z",
            "yes_price": 7,
            "no_price": 93,
            "taker_side": "yes"
        },
        {
            "trade_id": "e2966352-0f53-4e26-98f7-531e6943629f",
            "ticker": "KXHIGHNY-24DEC21-B31.5",
            "count": 500,
            "created_time": "2024-12-21T18:04:33.694783Z",
            "yes_price": 6,
            "no_price": 94,
            "taker_side": "yes"
        },
        {
            "trade_id": "d2732932-7246-4a60-8f7f-574bcc75ae9e",
            "ticker": "KXHIGHNY-24DEC21-B31.5",
            "count": 12,
            "created_time": "2024-12-21T18:04:33.694783Z",
            "yes_price": 8,
            "no_price": 92,
            "taker_side": "yes"
        },
        {
            "trade_id": "bb15c04c-1b65-448a-a716-85922c1bea1c",
            "ticker": "KXHIGHNY-24DEC21-B31.5",
            "count": 250,
            "created_time": "2024-12-21T18:04:33.694783Z",
            "yes_price": 9,
            "no_price": 91,
            "taker_side": "yes"
        },
        {
            "trade_id": "a08aeba2-6982-4f8e-b68a-1b29bdf6b8b3",
            "ticker": "KXHIGHNY-24DEC21-B31.5",
            "count": 500,
            "created_time": "2024-12-21T18:04:33.694783Z",
            "yes_price": 9,
            "no_price": 91,
            "taker_side": "yes"
        },
        {
            "trade_id": "93249129-ca06-42db-819e-3ac68cec55a9",
            "ticker": "KXHIGHNY-24DEC21-B31.5",
            "count": 651,
            "created_time": "2024-12-21T18:04:33.694783Z",
            "yes_price": 8,
            "no_price": 92,
            "taker_side": "yes"
        },
        {
            "trade_id": "73804cc2-3c34-4714-baea-bd69a0efa570",
            "ticker": "KXHIGHNY-24DEC21-B31.5",
            "count": 14,
            "created_time": "2024-12-21T18:04:33.694783Z",
            "yes_price": 9,
            "no_price": 91,
            "taker_side": "yes"
        },
        {
            "trade_id": "7145b053-6465-424e-af78-b7d05c52e61d",
            "ticker": "KXHIGHNY-24DEC21-B31.5",
            "count": 250,
            "created_time": "2024-12-21T18:04:33.694783Z",
            "yes_price": 8,
            "no_price": 92,
            "taker_side": "yes"
        },
        {
            "trade_id": "48461749-7e94-4d43-990f-9ebe87b76de6",
            "ticker": "KXHIGHNY-24DEC21-B31.5",
            "count": 16,
            "created_time": "2024-12-21T18:04:33.694783Z",
            "yes_price": 7,
            "no_price": 93,
            "taker_side": "yes"
        },
        {
            "trade_id": "45a060fd-2991-4437-b5f0-b58589e61d06",
            "ticker": "KXHIGHNY-24DEC21-B31.5",
            "count": 63,
            "created_time": "2024-12-21T18:04:33.694783Z",
            "yes_price": 5,
            "no_price": 95,
            "taker_side": "yes"
        },
        {
            "trade_id": "304cadee-23c3-4bef-af3d-5f39d0961334",
            "ticker": "KXHIGHNY-24DEC21-B31.5",
            "count": 200,
            "created_time": "2024-12-21T18:04:33.694783Z",
            "yes_price": 8,
            "no_price": 92,
            "taker_side": "yes"
        },
        {
            "trade_id": "217b210d-6c33-4b7d-80b5-eb4412aa6776",
            "ticker": "KXHIGHNY-24DEC21-B31.5",
            "count": 15,
            "created_time": "2024-12-21T18:04:33.694783Z",
            "yes_price": 9,
            "no_price": 91,
            "taker_side": "yes"
        },
        {
            "trade_id": "20ea4dac-fb42-4c7b-b8f4-3d357250458e",
            "ticker": "KXHIGHNY-24DEC21-B31.5",
            "count": 1000,
            "created_time": "2024-12-21T18:04:33.694783Z",
            "yes_price": 10,
            "no_price": 90,
            "taker_side": "yes"
        },
        {
            "trade_id": "0bbd6060-34ee-451b-aea3-9a90d46ba511",
            "ticker": "KXHIGHNY-24DEC21-B31.5",
            "count": 250,
            "created_time": "2024-12-21T18:04:33.694783Z",
            "yes_price": 6,
            "no_price": 94,
            "taker_side": "yes"
        },
        {
            "trade_id": "0a876a9e-de2a-418b-8fe2-7fccf7729003",
            "ticker": "KXHIGHNY-24DEC21-B31.5",
            "count": 250,
            "created_time": "2024-12-21T18:04:33.694783Z",
            "yes_price": 10,
            "no_price": 90,
            "taker_side": "yes"
        },
        {
            "trade_id": "40d616a3-0d23-4b5d-99e0-6c09b34fc4bd",
            "ticker": "KXHIGHNY-24DEC21-B31.5",
            "count": 187,
            "created_time": "2024-12-21T18:02:55.104973Z",
            "yes_price": 5,
            "no_price": 95,
            "taker_side": "yes"
        },
        {
            "trade_id": "059331cf-e0c6-496f-9350-d08a6eb8874e",
            "ticker": "KXHIGHNY-24DEC21-B31.5",
            "count": 4000,
            "created_time": "2024-12-21T18:01:11.730969Z",
            "yes_price": 5,
            "no_price": 95,
            "taker_side": "no"
        },
        {
            "trade_id": "f09bf800-4ac1-48a5-8c2c-3829d40c060b",
            "ticker": "KXHIGHNY-24DEC21-B31.5",
            "count": 250,
            "created_time": "2024-12-21T18:00:05.703237Z",
            "yes_price": 6,
            "no_price": 94,
            "taker_side": "yes"
        },
        {
            "trade_id": "e11509c7-fc5e-48a3-a16b-9215e3e8c1ae",
            "ticker": "KXHIGHNY-24DEC21-B31.5",
            "count": 10,
            "created_time": "2024-12-21T18:00:05.703237Z",
            "yes_price": 7,
            "no_price": 93,
            "taker_side": "yes"
        },
        {
            "trade_id": "c71d5cf7-844c-4e28-832e-4f84d833283d",
            "ticker": "KXHIGHNY-24DEC21-B31.5",
            "count": 500,
            "created_time": "2024-12-21T18:00:05.703237Z",
            "yes_price": 6,
            "no_price": 94,
            "taker_side": "yes"
        },
        {
            "trade_id": "b15dbf6c-292d-440f-81e9-0163353881de",
            "ticker": "KXHIGHNY-24DEC21-B31.5",
            "count": 16,
            "created_time": "2024-12-21T18:00:05.703237Z",
            "yes_price": 7,
            "no_price": 93,
            "taker_side": "yes"
        },
        {
            "trade_id": "ae8d2bcb-5e71-4e46-88bd-e9b5ab4e36a2",
            "ticker": "KXHIGHNY-24DEC21-B31.5",
            "count": 250,
            "created_time": "2024-12-21T18:00:05.703237Z",
            "yes_price": 7,
            "no_price": 93,
            "taker_side": "yes"
        },
        {
            "trade_id": "9349bd36-5fb8-4b98-9919-feec88afe940",
            "ticker": "KXHIGHNY-24DEC21-B31.5",
            "count": 16,
            "created_time": "2024-12-21T18:00:05.703237Z",
            "yes_price": 7,
            "no_price": 93,
            "taker_side": "yes"
        },
        {
            "trade_id": "8b56dc3d-fa85-4f35-aca1-f95ff8560bf1",
            "ticker": "KXHIGHNY-24DEC21-B31.5",
            "count": 16,
            "created_time": "2024-12-21T18:00:05.703237Z",
            "yes_price": 7,
            "no_price": 93,
            "taker_side": "yes"
        },
        {
            "trade_id": "86a50c1e-f326-4580-af4c-0cfc68e932d0",
            "ticker": "KXHIGHNY-24DEC21-B31.5",
            "count": 651,
            "created_time": "2024-12-21T18:00:05.703237Z",
            "yes_price": 7,
            "no_price": 93,
            "taker_side": "yes"
        },
        {
            "trade_id": "822a7d85-6427-47e4-a5a5-65697824898f",
            "ticker": "KXHIGHNY-24DEC21-B31.5",
            "count": 250,
            "created_time": "2024-12-21T18:00:05.703237Z",
            "yes_price": 5,
            "no_price": 95,
            "taker_side": "yes"
        },
        {
            "trade_id": "6055001d-f584-4c0a-9cd4-cd00c7b394e4",
            "ticker": "KXHIGHNY-24DEC21-B31.5",
            "count": 217,
            "created_time": "2024-12-21T18:00:05.703237Z",
            "yes_price": 6,
            "no_price": 94,
            "taker_side": "yes"
        },
        {
            "trade_id": "357fae52-fe54-46c1-b8a6-3de88ba1f4bb",
            "ticker": "KXHIGHNY-24DEC21-B31.5",
            "count": 500,
            "created_time": "2024-12-21T18:00:05.703237Z",
            "yes_price": 7,
            "no_price": 93,
            "taker_side": "yes"
        },
        {
            "trade_id": "339b97c7-eefc-43aa-9b4d-49c1d39c9c0f",
            "ticker": "KXHIGHNY-24DEC21-B31.5",
            "count": 400,
            "created_time": "2024-12-21T18:00:05.703237Z",
            "yes_price": 5,
            "no_price": 95,
            "taker_side": "yes"
        },
        {
            "trade_id": "ab1aa125-f062-4524-935c-560e8704cab7",
            "ticker": "KXHIGHNY-24DEC21-B31.5",
            "count": 33,
            "created_time": "2024-12-21T17:58:50.984158Z",
            "yes_price": 6,
            "no_price": 94,
            "taker_side": "yes"
        },
        {
            "trade_id": "903476de-e9b6-48b8-b159-34025f1699f5",
            "ticker": "KXHIGHNY-24DEC21-B31.5",
            "count": 400,
            "created_time": "2024-12-21T17:58:50.984158Z",
            "yes_price": 5,
            "no_price": 95,
            "taker_side": "yes"
        },
        {
            "trade_id": "5f38bdb3-fd75-4919-b004-3f7452d9dce4",
            "ticker": "KXHIGHNY-24DEC21-B31.5",
            "count": 73,
            "created_time": "2024-12-21T17:58:50.984158Z",
            "yes_price": 6,
            "no_price": 94,
            "taker_side": "yes"
        },
        {
            "trade_id": "cf7ba122-95d1-42c5-beae-8250f99116e9",
            "ticker": "KXHIGHNY-24DEC21-B31.5",
            "count": 500,
            "created_time": "2024-12-21T17:58:05.816491Z",
            "yes_price": 5,
            "no_price": 95,
            "taker_side": "yes"
        },
        {
            "trade_id": "843b3e14-4555-4f5d-9439-d1d338aaebde",
            "ticker": "KXHIGHNY-24DEC21-B31.5",
            "count": 250,
            "created_time": "2024-12-21T17:58:05.816491Z",
            "yes_price": 4,
            "no_price": 96,
            "taker_side": "yes"
        },
        {
            "trade_id": "7687fa3d-2270-449a-aaed-8a96de8e224c",
            "ticker": "KXHIGHNY-24DEC21-B31.5",
            "count": 250,
            "created_time": "2024-12-21T17:58:05.816491Z",
            "yes_price": 5,
            "no_price": 95,
            "taker_side": "yes"
        },
        {
            "trade_id": "63660b8a-6a22-4f49-a0ba-8f8b30dbe673",
            "ticker": "KXHIGHNY-24DEC21-B31.5",
            "count": 468,
            "created_time": "2024-12-21T17:58:05.816491Z",
            "yes_price": 5,
            "no_price": 95,
            "taker_side": "yes"
        },
        {
            "trade_id": "e71a8736-6ce5-4794-af14-d3bcad775259",
            "ticker": "KXHIGHNY-24DEC21-B31.5",
            "count": 837,
            "created_time": "2024-12-21T17:55:45.087172Z",
            "yes_price": 2,
            "no_price": 98,
            "taker_side": "yes"
        },
        {
            "trade_id": "2568b05e-bf2d-422a-9904-fe051dae596b",
            "ticker": "KXHIGHNY-24DEC21-B31.5",
            "count": 163,
            "created_time": "2024-12-21T17:49:19.405153Z",
            "yes_price": 2,
            "no_price": 98,
            "taker_side": "no"
        },
        {
            "trade_id": "a4ebd178-e603-4b72-8745-f8fbdfe2b281",
            "ticker": "KXHIGHNY-24DEC21-B31.5",
            "count": 337,
            "created_time": "2024-12-21T17:49:02.368509Z",
            "yes_price": 2,
            "no_price": 98,
            "taker_side": "no"
        },
        {
            "trade_id": "42a41790-03b7-4d31-8f3a-37fd37fce81c",
            "ticker": "KXHIGHNY-24DEC21-B31.5",
            "count": 256,
            "created_time": "2024-12-21T17:47:37.883373Z",
            "yes_price": 2,
            "no_price": 98,
            "taker_side": "no"
        },
        {
            "trade_id": "e3a86232-40eb-460a-9374-4ef4ee4a0ca5",
            "ticker": "KXHIGHNY-24DEC21-B31.5",
            "count": 73,
            "created_time": "2024-12-21T17:46:45.076007Z",
            "yes_price": 2,
            "no_price": 98,
            "taker_side": "no"
        },
        {
            "trade_id": "bc3eef63-ffdc-4ec9-a4fa-61dc837a482c",
            "ticker": "KXHIGHNY-24DEC21-B31.5",
            "count": 227,
            "created_time": "2024-12-21T17:46:45.076007Z",
            "yes_price": 2,
            "no_price": 98,
            "taker_side": "no"
        },
        {
            "trade_id": "b28ba317-83bc-475d-80a3-04832505a7cf",
            "ticker": "KXHIGHNY-24DEC21-B31.5",
            "count": 182,
            "created_time": "2024-12-21T17:46:45.076007Z",
            "yes_price": 2,
            "no_price": 98,
            "taker_side": "no"
        },
        {
            "trade_id": "c7c54797-dd6c-41b9-9a29-487761dc5a65",
            "ticker": "KXHIGHNY-24DEC21-B31.5",
            "count": 318,
            "created_time": "2024-12-21T17:46:38.08813Z",
            "yes_price": 2,
            "no_price": 98,
            "taker_side": "no"
        },
        {
            "trade_id": "04653b1d-2a73-4dde-bcfa-bb0e720ee476",
            "ticker": "KXHIGHNY-24DEC21-B31.5",
            "count": 38,
            "created_time": "2024-12-21T17:46:04.446519Z",
            "yes_price": 3,
            "no_price": 97,
            "taker_side": "no"
        },
        {
            "trade_id": "82abe8ed-18dd-4c0a-ac7c-483255ba114a",
            "ticker": "KXHIGHNY-24DEC21-B31.5",
            "count": 144,
            "created_time": "2024-12-21T17:45:25.68693Z",
            "yes_price": 3,
            "no_price": 97,
            "taker_side": "no"
        },
        {
            "trade_id": "df8b678c-c562-4789-a906-e25cbd198c81",
            "ticker": "KXHIGHNY-24DEC21-B31.5",
            "count": 37,
            "created_time": "2024-12-21T17:42:12.230551Z",
            "yes_price": 5,
            "no_price": 95,
            "taker_side": "yes"
        },
        {
            "trade_id": "d89fad57-9459-4cbc-840c-ebeb04fe8cb8",
            "ticker": "KXHIGHNY-24DEC21-B31.5",
            "count": 1,
            "created_time": "2024-12-21T17:41:48.300591Z",
            "yes_price": 5,
            "no_price": 95,
            "taker_side": "yes"
        },
        {
            "trade_id": "7e468460-c24d-4d49-8f8b-005be450f6b4",
            "ticker": "KXHIGHNY-24DEC21-B31.5",
            "count": 100,
            "created_time": "2024-12-21T17:40:18.82668Z",
            "yes_price": 3,
            "no_price": 97,
            "taker_side": "no"
        },
        {
            "trade_id": "20ba3696-6d82-483a-818d-cdf2552d1fe6",
            "ticker": "KXHIGHNY-24DEC21-B31.5",
            "count": 400,
            "created_time": "2024-12-21T17:40:18.82668Z",
            "yes_price": 3,
            "no_price": 97,
            "taker_side": "no"
        },
        {
            "trade_id": "ff55a6f9-d576-416c-a52a-e1359c7dc9f6",
            "ticker": "KXHIGHNY-24DEC21-B31.5",
            "count": 15,
            "created_time": "2024-12-21T17:33:41.323917Z",
            "yes_price": 6,
            "no_price": 94,
            "taker_side": "yes"
        },
        {
            "trade_id": "8ac89289-0e1a-4ecf-9968-cc5d26bf65b5",
            "ticker": "KXHIGHNY-24DEC21-B31.5",
            "count": 141,
            "created_time": "2024-12-21T17:24:41.828572Z",
            "yes_price": 6,
            "no_price": 94,
            "taker_side": "yes"
        },
        {
            "trade_id": "70f1c2f0-a45c-41fc-9444-61f2b6cd5778",
            "ticker": "KXHIGHNY-24DEC21-B31.5",
            "count": 237,
            "created_time": "2024-12-21T17:24:41.828572Z",
            "yes_price": 5,
            "no_price": 95,
            "taker_side": "yes"
        },
        {
            "trade_id": "0201046d-2da2-43b0-ad6b-75c70bb947c4",
            "ticker": "KXHIGHNY-24DEC21-B31.5",
            "count": 250,
            "created_time": "2024-12-21T17:24:41.828572Z",
            "yes_price": 5,
            "no_price": 95,
            "taker_side": "yes"
        },
        {
            "trade_id": "e2351ae5-047d-481c-8345-c71f2d279ad0",
            "ticker": "KXHIGHNY-24DEC21-B31.5",
            "count": 13,
            "created_time": "2024-12-21T17:24:31.901996Z",
            "yes_price": 5,
            "no_price": 95,
            "taker_side": "yes"
        },
        {
            "trade_id": "e1939240-6e4e-4fe5-ab17-736a498595dd",
            "ticker": "KXHIGHNY-24DEC21-B31.5",
            "count": 250,
            "created_time": "2024-12-21T17:21:50.817455Z",
            "yes_price": 5,
            "no_price": 95,
            "taker_side": "yes"
        },
        {
            "trade_id": "bfec0157-88bf-4b04-8607-a5e0963531eb",
            "ticker": "KXHIGHNY-24DEC21-B31.5",
            "count": 250,
            "created_time": "2024-12-21T17:21:50.817455Z",
            "yes_price": 5,
            "no_price": 95,
            "taker_side": "yes"
        },
        {
            "trade_id": "b07be392-1837-4912-b026-03c2901ea2de",
            "ticker": "KXHIGHNY-24DEC21-B31.5",
            "count": 173,
            "created_time": "2024-12-21T17:21:50.817455Z",
            "yes_price": 6,
            "no_price": 94,
            "taker_side": "yes"
        },
        {
            "trade_id": "97a47d68-fdc2-4ca0-b222-471853ff50e4",
            "ticker": "KXHIGHNY-24DEC21-B31.5",
            "count": 21,
            "created_time": "2024-12-21T17:21:50.817455Z",
            "yes_price": 6,
            "no_price": 94,
            "taker_side": "yes"
        },
        {
            "trade_id": "d68c465f-5a73-4f61-af83-2914dd556090",
            "ticker": "KXHIGHNY-24DEC21-B31.5",
            "count": 3,
            "created_time": "2024-12-21T17:18:56.392688Z",
            "yes_price": 6,
            "no_price": 94,
            "taker_side": "yes"
        },
        {
            "trade_id": "0badf907-2673-4716-b556-1ca2e4c48b25",
            "ticker": "KXHIGHNY-24DEC21-B31.5",
            "count": 156,
            "created_time": "2024-12-21T17:14:44.007032Z",
            "yes_price": 6,
            "no_price": 94,
            "taker_side": "yes"
        },
        {
            "trade_id": "6f910121-18b0-44b2-b31c-e24685600837",
            "ticker": "KXHIGHNY-24DEC21-B31.5",
            "count": 68,
            "created_time": "2024-12-21T17:12:56.305296Z",
            "yes_price": 6,
            "no_price": 94,
            "taker_side": "yes"
        },
        {
            "trade_id": "552fb5d0-2e40-4ff7-8ce6-a6fadeaa00ac",
            "ticker": "KXHIGHNY-24DEC21-B31.5",
            "count": 10,
            "created_time": "2024-12-21T17:12:56.305296Z",
            "yes_price": 5,
            "no_price": 95,
            "taker_side": "yes"
        },
        {
            "trade_id": "bc198d63-1ecb-47bf-92ec-acb061bcd272",
            "ticker": "KXHIGHNY-24DEC21-B31.5",
            "count": 200,
            "created_time": "2024-12-21T17:10:14.58077Z",
            "yes_price": 5,
            "no_price": 95,
            "taker_side": "no"
        },
        {
            "trade_id": "476d7f2c-074e-4e56-9bfc-1080c0bd622c",
            "ticker": "KXHIGHNY-24DEC21-B31.5",
            "count": 295,
            "created_time": "2024-12-21T17:09:41.834376Z",
            "yes_price": 5,
            "no_price": 95,
            "taker_side": "no"
        },
        {
            "trade_id": "cf328f35-f64c-4f4a-a637-f5dbc6e5d106",
            "ticker": "KXHIGHNY-24DEC21-B31.5",
            "count": 5,
            "created_time": "2024-12-21T17:08:48.285845Z",
            "yes_price": 5,
            "no_price": 95,
            "taker_side": "no"
        },
        {
            "trade_id": "11214c24-f79d-4df5-a868-287cd13a83f4",
            "ticker": "KXHIGHNY-24DEC21-B31.5",
            "count": 15,
            "created_time": "2024-12-21T17:03:42.250929Z",
            "yes_price": 7,
            "no_price": 93,
            "taker_side": "yes"
        },
        {
            "trade_id": "26bda706-d959-474c-b6e2-ac822fc991a8",
            "ticker": "KXHIGHNY-24DEC21-B31.5",
            "count": 500,
            "created_time": "2024-12-21T17:03:35.089792Z",
            "yes_price": 5,
            "no_price": 95,
            "taker_side": "no"
        },
        {
            "trade_id": "d64687ef-211b-4709-9355-ecdec52d147a",
            "ticker": "KXHIGHNY-24DEC21-B31.5",
            "count": 25,
            "created_time": "2024-12-21T17:03:27.49436Z",
            "yes_price": 7,
            "no_price": 93,
            "taker_side": "yes"
        },
        {
            "trade_id": "9b7fefbd-9e24-43e1-9ade-d0171c1ae768",
            "ticker": "KXHIGHNY-24DEC21-B31.5",
            "count": 40,
            "created_time": "2024-12-21T17:01:26.300959Z",
            "yes_price": 7,
            "no_price": 93,
            "taker_side": "yes"
        },
        {
            "trade_id": "a7341cb6-01b3-4032-af26-4be898d226bd",
            "ticker": "KXHIGHNY-24DEC21-B31.5",
            "count": 26,
            "created_time": "2024-12-21T17:01:04.569729Z",
            "yes_price": 7,
            "no_price": 93,
            "taker_side": "yes"
        },
        {
            "trade_id": "01d0477a-472a-4792-989e-beeb83f1ee36",
            "ticker": "KXHIGHNY-24DEC21-B31.5",
            "count": 50,
            "created_time": "2024-12-21T16:59:35.235159Z",
            "yes_price": 7,
            "no_price": 93,
            "taker_side": "yes"
        },
        {
            "trade_id": "8d5d291f-f9c5-4c09-bf09-f5bf513841c3",
            "ticker": "KXHIGHNY-24DEC21-B31.5",
            "count": 50,
            "created_time": "2024-12-21T16:57:53.079396Z",
            "yes_price": 7,
            "no_price": 93,
            "taker_side": "yes"
        },
        {
            "trade_id": "daaa6dde-7898-409a-8dd6-790231e9a5c2",
            "ticker": "KXHIGHNY-24DEC21-B31.5",
            "count": 250,
            "created_time": "2024-12-21T16:57:01.653953Z",
            "yes_price": 6,
            "no_price": 94,
            "taker_side": "yes"
        },
        {
            "trade_id": "e8fed02a-6ef2-4234-9182-2a924c87d8e4",
            "ticker": "KXHIGHNY-24DEC21-B31.5",
            "count": 250,
            "created_time": "2024-12-21T16:53:37.236332Z",
            "yes_price": 6,
            "no_price": 94,
            "taker_side": "yes"
        },
        {
            "trade_id": "906c16ad-92c6-4eeb-9fb0-83acad7c7744",
            "ticker": "KXHIGHNY-24DEC21-B31.5",
            "count": 66,
            "created_time": "2024-12-21T16:53:37.236332Z",
            "yes_price": 5,
            "no_price": 95,
            "taker_side": "yes"
        },
        {
            "trade_id": "6451d394-c9b3-4643-a06f-d2d243417510",
            "ticker": "KXHIGHNY-24DEC21-B31.5",
            "count": 28,
            "created_time": "2024-12-21T16:53:37.236332Z",
            "yes_price": 7,
            "no_price": 93,
            "taker_side": "yes"
        },
        {
            "trade_id": "59d79172-85eb-4bff-97c5-a9b9d58839e3",
            "ticker": "KXHIGHNY-24DEC21-B31.5",
            "count": 250,
            "created_time": "2024-12-21T16:53:37.236332Z",
            "yes_price": 5,
            "no_price": 95,
            "taker_side": "yes"
        },
        {
            "trade_id": "42dc3c6f-f9b1-4056-b802-388438236165",
            "ticker": "KXHIGHNY-24DEC21-B31.5",
            "count": 131,
            "created_time": "2024-12-21T16:52:00.481165Z",
            "yes_price": 6,
            "no_price": 94,
            "taker_side": "yes"
        },
        {
            "trade_id": "a87c1940-50e6-4fd4-b2b8-4c10c551e7da",
            "ticker": "KXHIGHNY-24DEC21-B31.5",
            "count": 78,
            "created_time": "2024-12-21T16:51:01.852544Z",
            "yes_price": 6,
            "no_price": 94,
            "taker_side": "yes"
        },
        {
            "trade_id": "35cb177f-90d6-4081-b33f-0c52a8aed43f",
            "ticker": "KXHIGHNY-24DEC21-B31.5",
            "count": 438,
            "created_time": "2024-12-21T16:50:13.168587Z",
            "yes_price": 5,
            "no_price": 95,
            "taker_side": "yes"
        },
        {
            "trade_id": "0b9c5849-ede7-4459-b075-fe43602ef59b",
            "ticker": "KXHIGHNY-24DEC21-B31.5",
            "count": 182,
            "created_time": "2024-12-21T16:50:13.168587Z",
            "yes_price": 6,
            "no_price": 94,
            "taker_side": "yes"
        },
        {
            "trade_id": "9aa07957-0b9a-45ef-ae9e-6086053cf652",
            "ticker": "KXHIGHNY-24DEC21-B31.5",
            "count": 22,
            "created_time": "2024-12-21T16:48:02.61388Z",
            "yes_price": 3,
            "no_price": 97,
            "taker_side": "no"
        },
        {
            "trade_id": "758bfde4-2de4-4d36-9743-0fe38f187ac4",
            "ticker": "KXHIGHNY-24DEC21-B31.5",
            "count": 562,
            "created_time": "2024-12-21T16:45:47.604478Z",
            "yes_price": 5,
            "no_price": 95,
            "taker_side": "yes"
        },
        {
            "trade_id": "31e404af-d0e7-4cda-8ff9-19614dff2171",
            "ticker": "KXHIGHNY-24DEC21-B31.5",
            "count": 3,
            "created_time": "2024-12-21T16:45:22.472901Z",
            "yes_price": 6,
            "no_price": 94,
            "taker_side": "yes"
        },
        {
            "trade_id": "012b4cd9-b96f-460f-b4fb-76e7b395554c",
            "ticker": "KXHIGHNY-24DEC21-B31.5",
            "count": 14,
            "created_time": "2024-12-21T16:45:22.472901Z",
            "yes_price": 5,
            "no_price": 95,
            "taker_side": "yes"
        },
        {
            "trade_id": "f1a1fad2-2c7e-49bc-8cc0-b491a54a975f",
            "ticker": "KXHIGHNY-24DEC21-B31.5",
            "count": 14,
            "created_time": "2024-12-21T16:45:18.409001Z",
            "yes_price": 4,
            "no_price": 96,
            "taker_side": "yes"
        },
        {
            "trade_id": "f047682b-a320-487a-b64a-9a9fd990bca1",
            "ticker": "KXHIGHNY-24DEC21-B31.5",
            "count": 986,
            "created_time": "2024-12-21T16:45:18.409001Z",
            "yes_price": 5,
            "no_price": 95,
            "taker_side": "yes"
        },
        {
            "trade_id": "68b44b9e-e910-4ec8-97e6-f2519b6cd36c",
            "ticker": "KXHIGHNY-24DEC21-B31.5",
            "count": 14,
            "created_time": "2024-12-21T16:45:16.429876Z",
            "yes_price": 3,
            "no_price": 97,
            "taker_side": "no"
        },
        {
            "trade_id": "21f3ec4e-2694-412a-8f78-ec8d1d766eba",
            "ticker": "KXHIGHNY-24DEC21-B31.5",
            "count": 310,
            "created_time": "2024-12-21T16:44:42.700055Z",
            "yes_price": 6,
            "no_price": 94,
            "taker_side": "yes"
        },
        {
            "trade_id": "da010db1-d7af-4a5d-b991-02a03bb3bf3e",
            "ticker": "KXHIGHNY-24DEC21-B31.5",
            "count": 394,
            "created_time": "2024-12-21T16:44:23.994926Z",
            "yes_price": 3,
            "no_price": 97,
            "taker_side": "no"
        },
        {
            "trade_id": "7ae98ff3-aec4-4089-9885-8c658e69c1d3",
            "ticker": "KXHIGHNY-24DEC21-B31.5",
            "count": 300,
            "created_time": "2024-12-21T16:44:23.994926Z",
            "yes_price": 3,
            "no_price": 97,
            "taker_side": "no"
        },
        {
            "trade_id": "4348723e-ff9c-4212-b1ee-c7128a40bc31",
            "ticker": "KXHIGHNY-24DEC21-B31.5",
            "count": 150,
            "created_time": "2024-12-21T16:42:44.394478Z",
            "yes_price": 7,
            "no_price": 93,
            "taker_side": "yes"
        },
        {
            "trade_id": "a357bd29-9deb-416b-b768-4c0fbb2dca1d",
            "ticker": "KXHIGHNY-24DEC21-B31.5",
            "count": 40,
            "created_time": "2024-12-21T16:41:11.583595Z",
            "yes_price": 7,
            "no_price": 93,
            "taker_side": "yes"
        },
        {
            "trade_id": "7b8ab3ce-8319-4752-87f8-d2d43f33ba2f",
            "ticker": "KXHIGHNY-24DEC21-B31.5",
            "count": 238,
            "created_time": "2024-12-21T16:40:26.556087Z",
            "yes_price": 6,
            "no_price": 94,
            "taker_side": "yes"
        },
        {
            "trade_id": "64e8cca8-35d1-46fc-aaee-73f7c1897d31",
            "ticker": "KXHIGHNY-24DEC21-B31.5",
            "count": 208,
            "created_time": "2024-12-21T16:40:26.556087Z",
            "yes_price": 8,
            "no_price": 92,
            "taker_side": "yes"
        },
        {
            "trade_id": "5aa1a3f5-6b3a-4b9f-89b2-a1aa850233f5",
            "ticker": "KXHIGHNY-24DEC21-B31.5",
            "count": 250,
            "created_time": "2024-12-21T16:40:26.556087Z",
            "yes_price": 7,
            "no_price": 93,
            "taker_side": "yes"
        },
        {
            "trade_id": "5a61462c-3322-4b4f-b3c3-5adb6ff49186",
            "ticker": "KXHIGHNY-24DEC21-B31.5",
            "count": 164,
            "created_time": "2024-12-21T16:40:26.556087Z",
            "yes_price": 6,
            "no_price": 94,
            "taker_side": "yes"
        },
        {
            "trade_id": "408a48c5-609f-42ee-abd7-d50ad0ad2bc6",
            "ticker": "KXHIGHNY-24DEC21-B31.5",
            "count": 10,
            "created_time": "2024-12-21T16:40:26.556087Z",
            "yes_price": 6,
            "no_price": 94,
            "taker_side": "yes"
        },
        {
            "trade_id": "2505880a-8750-44ed-81e7-fe77fdf779f0",
            "ticker": "KXHIGHNY-24DEC21-B31.5",
            "count": 500,
            "created_time": "2024-12-21T16:40:26.556087Z",
            "yes_price": 7,
            "no_price": 93,
            "taker_side": "yes"
        },
        {
            "trade_id": "30948590-5891-47d2-adc0-2626db2e68f3",
            "ticker": "KXHIGHNY-24DEC21-B31.5",
            "count": 78,
            "created_time": "2024-12-21T16:39:38.425039Z",
            "yes_price": 6,
            "no_price": 94,
            "taker_side": "yes"
        },
        {
            "trade_id": "ad3737d4-4986-4b69-9ec7-c595c769efad",
            "ticker": "KXHIGHNY-24DEC21-B31.5",
            "count": 8,
            "created_time": "2024-12-21T16:38:59.393161Z",
            "yes_price": 6,
            "no_price": 94,
            "taker_side": "yes"
        },
        {
            "trade_id": "f0fd6534-0f50-4e9c-b1e8-bad64d6da555",
            "ticker": "KXHIGHNY-24DEC21-B31.5",
            "count": 175,
            "created_time": "2024-12-21T16:31:50.466178Z",
            "yes_price": 8,
            "no_price": 92,
            "taker_side": "yes"
        },
        {
            "trade_id": "c07bf90c-7158-48f7-80e5-c8a12f57f6d5",
            "ticker": "KXHIGHNY-24DEC21-B31.5",
            "count": 10,
            "created_time": "2024-12-21T16:31:50.466178Z",
            "yes_price": 7,
            "no_price": 93,
            "taker_side": "yes"
        },
        {
            "trade_id": "835047bd-b6e2-4667-b7bf-1c8f2eee7bb0",
            "ticker": "KXHIGHNY-24DEC21-B31.5",
            "count": 11,
            "created_time": "2024-12-21T16:31:50.466178Z",
            "yes_price": 7,
            "no_price": 93,
            "taker_side": "yes"
        },
        {
            "trade_id": "5be528c0-d21f-4e83-8a81-56a880cc7fbb",
            "ticker": "KXHIGHNY-24DEC21-B31.5",
            "count": 144,
            "created_time": "2024-12-21T16:31:50.466178Z",
            "yes_price": 6,
            "no_price": 94,
            "taker_side": "yes"
        },
        {
            "trade_id": "5546e0d1-633e-45e6-b465-b552d47987ed",
            "ticker": "KXHIGHNY-24DEC21-B31.5",
            "count": 140,
            "created_time": "2024-12-21T16:31:50.466178Z",
            "yes_price": 8,
            "no_price": 92,
            "taker_side": "yes"
        },
        {
            "trade_id": "4bf9582c-43a8-4f4e-940f-cced3eba1b93",
            "ticker": "KXHIGHNY-24DEC21-B31.5",
            "count": 500,
            "created_time": "2024-12-21T16:31:50.466178Z",
            "yes_price": 7,
            "no_price": 93,
            "taker_side": "yes"
        },
        {
            "trade_id": "46da539f-cf90-45a8-a713-65e6296e9fc0",
            "ticker": "KXHIGHNY-24DEC21-B31.5",
            "count": 125,
            "created_time": "2024-12-21T16:31:50.466178Z",
            "yes_price": 7,
            "no_price": 93,
            "taker_side": "yes"
        },
        {
            "trade_id": "16aa00be-1ca1-4e2b-9f01-09dd934b1772",
            "ticker": "KXHIGHNY-24DEC21-B31.5",
            "count": 211,
            "created_time": "2024-12-21T16:31:50.466178Z",
            "yes_price": 7,
            "no_price": 93,
            "taker_side": "yes"
        },
        {
            "trade_id": "b8a25b7a-d23c-4380-bffa-c161bb40ad2e",
            "ticker": "KXHIGHNY-24DEC21-B31.5",
            "count": 157,
            "created_time": "2024-12-21T16:31:32.095428Z",
            "yes_price": 5,
            "no_price": 95,
            "taker_side": "yes"
        },
        {
            "trade_id": "97d8567d-fb09-4e4c-91a2-25098a947841",
            "ticker": "KXHIGHNY-24DEC21-B31.5",
            "count": 144,
            "created_time": "2024-12-21T16:31:32.095428Z",
            "yes_price": 5,
            "no_price": 95,
            "taker_side": "yes"
        },
        {
            "trade_id": "873c4404-c50b-4d87-ad53-7f2eabbcccca",
            "ticker": "KXHIGHNY-24DEC21-B31.5",
            "count": 250,
            "created_time": "2024-12-21T16:31:32.095428Z",
            "yes_price": 6,
            "no_price": 94,
            "taker_side": "yes"
        },
        {
            "trade_id": "7d1cd402-2887-4e6d-a794-8af2ffb14f0e",
            "ticker": "KXHIGHNY-24DEC21-B31.5",
            "count": 39,
            "created_time": "2024-12-21T16:31:32.095428Z",
            "yes_price": 7,
            "no_price": 93,
            "taker_side": "yes"
        },
        {
            "trade_id": "4f8c10da-b428-45bb-9578-ebc1493d2782",
            "ticker": "KXHIGHNY-24DEC21-B31.5",
            "count": 999,
            "created_time": "2024-12-21T16:31:32.095428Z",
            "yes_price": 6,
            "no_price": 94,
            "taker_side": "yes"
        },
        {
            "trade_id": "3f6f8c46-3021-4ab5-8fae-ca9c6055d659",
            "ticker": "KXHIGHNY-24DEC21-B31.5",
            "count": 15,
            "created_time": "2024-12-21T16:31:32.095428Z",
            "yes_price": 7,
            "no_price": 93,
            "taker_side": "yes"
        },
        {
            "trade_id": "1b190a95-fc58-4570-a1e6-cf9d888f4a33",
            "ticker": "KXHIGHNY-24DEC21-B31.5",
            "count": 93,
            "created_time": "2024-12-21T16:29:16.605748Z",
            "yes_price": 5,
            "no_price": 95,
            "taker_side": "yes"
        },
        {
            "trade_id": "d56f50ea-7a94-4dc6-8e6e-c6d962af3670",
            "ticker": "KXHIGHNY-24DEC21-B31.5",
            "count": 250,
            "created_time": "2024-12-21T16:20:19.177867Z",
            "yes_price": 5,
            "no_price": 95,
            "taker_side": "yes"
        },
        {
            "trade_id": "c40a01ec-1c3b-4e6c-8fe2-2d856d0ce9dd",
            "ticker": "KXHIGHNY-24DEC21-B31.5",
            "count": 200,
            "created_time": "2024-12-21T16:20:19.177867Z",
            "yes_price": 5,
            "no_price": 95,
            "taker_side": "yes"
        },
        {
            "trade_id": "ce1007d4-074d-4d11-ba6a-e004d5e79ecc",
            "ticker": "KXHIGHNY-24DEC21-B31.5",
            "count": 1,
            "created_time": "2024-12-21T16:18:22.559226Z",
            "yes_price": 4,
            "no_price": 96,
            "taker_side": "yes"
        },
        {
            "trade_id": "e125b87a-06e6-454f-a871-55cf8b06c6f4",
            "ticker": "KXHIGHNY-24DEC21-B31.5",
            "count": 350,
            "created_time": "2024-12-21T16:18:14.882894Z",
            "yes_price": 4,
            "no_price": 96,
            "taker_side": "yes"
        },
        {
            "trade_id": "f203f55f-90b5-4db3-9aa1-46b1731c8b80",
            "ticker": "KXHIGHNY-24DEC21-B31.5",
            "count": 107,
            "created_time": "2024-12-21T16:16:03.048252Z",
            "yes_price": 4,
            "no_price": 96,
            "taker_side": "yes"
        },
        {
            "trade_id": "6595f34b-5347-4e76-ba29-bda061f7afd4",
            "ticker": "KXHIGHNY-24DEC21-B31.5",
            "count": 149,
            "created_time": "2024-12-21T16:16:03.048252Z",
            "yes_price": 4,
            "no_price": 96,
            "taker_side": "yes"
        },
        {
            "trade_id": "d271657d-7103-4624-894b-202a880bdfb1",
            "ticker": "KXHIGHNY-24DEC21-B31.5",
            "count": 117,
            "created_time": "2024-12-21T16:12:52.698757Z",
            "yes_price": 4,
            "no_price": 96,
            "taker_side": "yes"
        },
        {
            "trade_id": "95c62ca4-2623-4d35-8803-504270d8ae6f",
            "ticker": "KXHIGHNY-24DEC21-B31.5",
            "count": 325,
            "created_time": "2024-12-21T16:11:52.962686Z",
            "yes_price": 4,
            "no_price": 96,
            "taker_side": "yes"
        },
        {
            "trade_id": "803e7b5e-4a8e-4abf-9594-d5784b06e671",
            "ticker": "KXHIGHNY-24DEC21-B31.5",
            "count": 26,
            "created_time": "2024-12-21T16:11:52.962686Z",
            "yes_price": 4,
            "no_price": 96,
            "taker_side": "yes"
        },
        {
            "trade_id": "e427b8e8-57c6-482f-98e9-d56f9de2316c",
            "ticker": "KXHIGHNY-24DEC21-B31.5",
            "count": 200,
            "created_time": "2024-12-21T16:09:42.824223Z",
            "yes_price": 4,
            "no_price": 96,
            "taker_side": "yes"
        },
        {
            "trade_id": "266caa3a-a7ad-4a52-9025-70beacf8595d",
            "ticker": "KXHIGHNY-24DEC21-B31.5",
            "count": 150,
            "created_time": "2024-12-21T16:08:42.335239Z",
            "yes_price": 4,
            "no_price": 96,
            "taker_side": "yes"
        },
        {
            "trade_id": "632d7e5e-30c7-4e89-a78f-c95e324eecbe",
            "ticker": "KXHIGHNY-24DEC21-B31.5",
            "count": 1000,
            "created_time": "2024-12-21T16:04:48.481122Z",
            "yes_price": 4,
            "no_price": 96,
            "taker_side": "yes"
        },
        {
            "trade_id": "eb39bc8d-edf7-4e8b-8b30-3b94aa45aab8",
            "ticker": "KXHIGHNY-24DEC21-B31.5",
            "count": 287,
            "created_time": "2024-12-21T16:04:44.466755Z",
            "yes_price": 1,
            "no_price": 99,
            "taker_side": "no"
        },
        {
            "trade_id": "cde26ddd-690f-46c9-9653-9209ab44fbb6",
            "ticker": "KXHIGHNY-24DEC21-B31.5",
            "count": 88,
            "created_time": "2024-12-21T16:04:44.466755Z",
            "yes_price": 1,
            "no_price": 99,
            "taker_side": "no"
        },
        {
            "trade_id": "fd2457d3-15c5-49df-872a-bdfd984b7138",
            "ticker": "KXHIGHNY-24DEC21-B31.5",
            "count": 25,
            "created_time": "2024-12-21T16:04:03.594531Z",
            "yes_price": 3,
            "no_price": 97,
            "taker_side": "yes"
        },
        {
            "trade_id": "c38e335b-d643-4542-ab30-551d5752a6a6",
            "ticker": "KXHIGHNY-24DEC21-B31.5",
            "count": 4,
            "created_time": "2024-12-21T16:04:03.594531Z",
            "yes_price": 4,
            "no_price": 96,
            "taker_side": "yes"
        },
        {
            "trade_id": "a17d5410-d3ac-430a-a579-b93266f36523",
            "ticker": "KXHIGHNY-24DEC21-B31.5",
            "count": 50,
            "created_time": "2024-12-21T16:00:00.863366Z",
            "yes_price": 2,
            "no_price": 98,
            "taker_side": "no"
        },
        {
            "trade_id": "b9ced841-be25-4063-855a-b8e29a0cfb8e",
            "ticker": "KXHIGHNY-24DEC21-B31.5",
            "count": 200,
            "created_time": "2024-12-21T15:58:56.171509Z",
            "yes_price": 3,
            "no_price": 97,
            "taker_side": "yes"
        },
        {
            "trade_id": "1ebb94a5-cb2c-421f-b7d6-280ee946cbf8",
            "ticker": "KXHIGHNY-24DEC21-B31.5",
            "count": 50,
            "created_time": "2024-12-21T15:57:10.538111Z",
            "yes_price": 3,
            "no_price": 97,
            "taker_side": "yes"
        },
        {
            "trade_id": "b2031bcd-153d-4ffe-9ced-b802797377e3",
            "ticker": "KXHIGHNY-24DEC21-B31.5",
            "count": 26,
            "created_time": "2024-12-21T15:57:04.240993Z",
            "yes_price": 1,
            "no_price": 99,
            "taker_side": "no"
        },
        {
            "trade_id": "a8f85b9f-c517-4949-b288-20c2ae52981a",
            "ticker": "KXHIGHNY-24DEC21-B31.5",
            "count": 350,
            "created_time": "2024-12-21T15:56:59.924345Z",
            "yes_price": 3,
            "no_price": 97,
            "taker_side": "no"
        },
        {
            "trade_id": "5546a054-d08f-47a7-9180-c6ee291b275c",
            "ticker": "KXHIGHNY-24DEC21-B31.5",
            "count": 50,
            "created_time": "2024-12-21T15:54:21.132477Z",
            "yes_price": 4,
            "no_price": 96,
            "taker_side": "yes"
        },
        {
            "trade_id": "ac9dc124-c617-4360-a77e-d80d2f783850",
            "ticker": "KXHIGHNY-24DEC21-B31.5",
            "count": 46,
            "created_time": "2024-12-21T15:52:56.630925Z",
            "yes_price": 4,
            "no_price": 96,
            "taker_side": "yes"
        },
        {
            "trade_id": "49fc8abe-6c05-44b8-91e9-8e400b84c547",
            "ticker": "KXHIGHNY-24DEC21-B31.5",
            "count": 150,
            "created_time": "2024-12-21T15:52:25.610062Z",
            "yes_price": 3,
            "no_price": 97,
            "taker_side": "no"
        },
        {
            "trade_id": "1066bdb5-6038-426c-85e3-05df43a23ce3",
            "ticker": "KXHIGHNY-24DEC21-B31.5",
            "count": 50,
            "created_time": "2024-12-21T15:43:22.397482Z",
            "yes_price": 4,
            "no_price": 96,
            "taker_side": "yes"
        },
        {
            "trade_id": "75440046-3f5e-4495-bcb4-c0a7997af028",
            "ticker": "KXHIGHNY-24DEC21-B31.5",
            "count": 175,
            "created_time": "2024-12-21T15:42:22.230016Z",
            "yes_price": 4,
            "no_price": 96,
            "taker_side": "yes"
        },
        {
            "trade_id": "356a67fb-71ef-43c9-b666-42b3c49e96d1",
            "ticker": "KXHIGHNY-24DEC21-B31.5",
            "count": 50,
            "created_time": "2024-12-21T15:38:57.540635Z",
            "yes_price": 5,
            "no_price": 95,
            "taker_side": "no"
        },
        {
            "trade_id": "9b692f97-a867-458b-848c-eb3d78b3fdf7",
            "ticker": "KXHIGHNY-24DEC21-B31.5",
            "count": 25,
            "created_time": "2024-12-21T15:24:53.278648Z",
            "yes_price": 5,
            "no_price": 95,
            "taker_side": "yes"
        },
        {
            "trade_id": "ddfb6b3f-8711-4887-80ac-3a3572e3d717",
            "ticker": "KXHIGHNY-24DEC21-B31.5",
            "count": 93,
            "created_time": "2024-12-21T15:12:00.721113Z",
            "yes_price": 5,
            "no_price": 95,
            "taker_side": "yes"
        },
        {
            "trade_id": "f2290c24-af8a-4609-9dd9-de6ed2f30f67",
            "ticker": "KXHIGHNY-24DEC21-B31.5",
            "count": 9,
            "created_time": "2024-12-21T15:09:48.919691Z",
            "yes_price": 7,
            "no_price": 93,
            "taker_side": "yes"
        },
        {
            "trade_id": "a626a314-fbc3-4d78-afd8-a33698c01f81",
            "ticker": "KXHIGHNY-24DEC21-B31.5",
            "count": 26,
            "created_time": "2024-12-21T14:58:34.886085Z",
            "yes_price": 7,
            "no_price": 93,
            "taker_side": "yes"
        },
        {
            "trade_id": "f41b43ba-97ba-4ae9-b675-0f6092020124",
            "ticker": "KXHIGHNY-24DEC21-B31.5",
            "count": 28,
            "created_time": "2024-12-21T14:50:21.161809Z",
            "yes_price": 7,
            "no_price": 93,
            "taker_side": "yes"
        },
        {
            "trade_id": "474116e4-cc2c-4ce6-9d54-c0eb2d069189",
            "ticker": "KXHIGHNY-24DEC21-B31.5",
            "count": 106,
            "created_time": "2024-12-21T14:50:21.161809Z",
            "yes_price": 7,
            "no_price": 93,
            "taker_side": "yes"
        },
        {
            "trade_id": "722e53a1-8c63-4b98-a26b-e71d5b7c5211",
            "ticker": "KXHIGHNY-24DEC21-B31.5",
            "count": 23,
            "created_time": "2024-12-21T14:50:07.477582Z",
            "yes_price": 7,
            "no_price": 93,
            "taker_side": "yes"
        },
        {
            "trade_id": "e8ef62e8-e1e1-4080-9b02-374e8b92d904",
            "ticker": "KXHIGHNY-24DEC21-B31.5",
            "count": 500,
            "created_time": "2024-12-21T14:49:47.519368Z",
            "yes_price": 7,
            "no_price": 93,
            "taker_side": "yes"
        },
        {
            "trade_id": "9659badd-fe4d-4bbb-b704-30f771878446",
            "ticker": "KXHIGHNY-24DEC21-B31.5",
            "count": 250,
            "created_time": "2024-12-21T14:49:47.519368Z",
            "yes_price": 7,
            "no_price": 93,
            "taker_side": "yes"
        },
        {
            "trade_id": "525c4338-8528-45e3-812a-b28fbc928d81",
            "ticker": "KXHIGHNY-24DEC21-B31.5",
            "count": 250,
            "created_time": "2024-12-21T14:49:47.519368Z",
            "yes_price": 6,
            "no_price": 94,
            "taker_side": "yes"
        },
        {
            "trade_id": "4e49ffc2-eeeb-4183-a742-55a0cc87a461",
            "ticker": "KXHIGHNY-24DEC21-B31.5",
            "count": 150,
            "created_time": "2024-12-21T14:49:47.519368Z",
            "yes_price": 6,
            "no_price": 94,
            "taker_side": "yes"
        },
        {
            "trade_id": "252c41ba-f2a8-468a-aea7-0272b2c81412",
            "ticker": "KXHIGHNY-24DEC21-B31.5",
            "count": 121,
            "created_time": "2024-12-21T14:49:47.519368Z",
            "yes_price": 7,
            "no_price": 93,
            "taker_side": "yes"
        },
        {
            "trade_id": "0d6787a1-2003-4cb1-9bef-c802128db3e7",
            "ticker": "KXHIGHNY-24DEC21-B31.5",
            "count": 148,
            "created_time": "2024-12-21T14:49:47.519368Z",
            "yes_price": 6,
            "no_price": 94,
            "taker_side": "yes"
        },
        {
            "trade_id": "dd18d58d-14e1-4385-b930-6cee4a31efbe",
            "ticker": "KXHIGHNY-24DEC21-B31.5",
            "count": 158,
            "created_time": "2024-12-21T14:49:28.112428Z",
            "yes_price": 5,
            "no_price": 95,
            "taker_side": "yes"
        },
        {
            "trade_id": "ce2f1a9c-4cc2-4460-9ff2-9dcf0324167f",
            "ticker": "KXHIGHNY-24DEC21-B31.5",
            "count": 102,
            "created_time": "2024-12-21T14:49:28.112428Z",
            "yes_price": 6,
            "no_price": 94,
            "taker_side": "yes"
        },
        {
            "trade_id": "575aae92-04db-4b26-b16c-7320ff7692d1",
            "ticker": "KXHIGHNY-24DEC21-B31.5",
            "count": 468,
            "created_time": "2024-12-21T14:48:55.228533Z",
            "yes_price": 5,
            "no_price": 95,
            "taker_side": "yes"
        },
        {
            "trade_id": "4fc7cbcf-a3a4-423d-ad01-e9fbfa9240f5",
            "ticker": "KXHIGHNY-24DEC21-B31.5",
            "count": 93,
            "created_time": "2024-12-21T14:46:37.211679Z",
            "yes_price": 5,
            "no_price": 95,
            "taker_side": "yes"
        },
        {
            "trade_id": "9e5f1699-a870-4333-8d40-935ef8e8299a",
            "ticker": "KXHIGHNY-24DEC21-B31.5",
            "count": 187,
            "created_time": "2024-12-21T14:44:38.71376Z",
            "yes_price": 5,
            "no_price": 95,
            "taker_side": "yes"
        },
        {
            "trade_id": "45966cb0-f0c3-4149-8e8a-829cac5aad3b",
            "ticker": "KXHIGHNY-24DEC21-B31.5",
            "count": 93,
            "created_time": "2024-12-21T14:44:14.761779Z",
            "yes_price": 5,
            "no_price": 95,
            "taker_side": "yes"
        },
        {
            "trade_id": "ebdb9303-c0ee-4101-9d53-fb6a9a215911",
            "ticker": "KXHIGHNY-24DEC21-B31.5",
            "count": 50,
            "created_time": "2024-12-21T14:37:43.680114Z",
            "yes_price": 2,
            "no_price": 98,
            "taker_side": "no"
        },
        {
            "trade_id": "e12014a8-b16e-4377-9541-102ad088e4a9",
            "ticker": "KXHIGHNY-24DEC21-B31.5",
            "count": 100,
            "created_time": "2024-12-21T14:37:43.680114Z",
            "yes_price": 2,
            "no_price": 98,
            "taker_side": "no"
        },
        {
            "trade_id": "c2d9678b-7d5c-4f3d-90bd-050329e4a4ea",
            "ticker": "KXHIGHNY-24DEC21-B31.5",
            "count": 50,
            "created_time": "2024-12-21T14:37:43.680114Z",
            "yes_price": 5,
            "no_price": 95,
            "taker_side": "no"
        },
        {
            "trade_id": "ad30645f-0e80-46c7-90a6-82a9cb224564",
            "ticker": "KXHIGHNY-24DEC21-B31.5",
            "count": 950,
            "created_time": "2024-12-21T14:37:43.680114Z",
            "yes_price": 3,
            "no_price": 97,
            "taker_side": "no"
        },
        {
            "trade_id": "890d55e8-8c3f-401d-8279-5b34185d9f62",
            "ticker": "KXHIGHNY-24DEC21-B31.5",
            "count": 687,
            "created_time": "2024-12-21T14:37:43.680114Z",
            "yes_price": 1,
            "no_price": 99,
            "taker_side": "no"
        },
        {
            "trade_id": "829057e8-c1f2-4743-82cc-a14b9dc72fa7",
            "ticker": "KXHIGHNY-24DEC21-B31.5",
            "count": 400,
            "created_time": "2024-12-21T14:37:43.680114Z",
            "yes_price": 2,
            "no_price": 98,
            "taker_side": "no"
        },
        {
            "trade_id": "0c6de421-7ff7-4591-8628-c79c514be2af",
            "ticker": "KXHIGHNY-24DEC21-B31.5",
            "count": 100,
            "created_time": "2024-12-21T14:37:43.680114Z",
            "yes_price": 1,
            "no_price": 99,
            "taker_side": "no"
        },
        {
            "trade_id": "88e03bbc-dab4-4bfd-ad48-1a8b47981c8a",
            "ticker": "KXHIGHNY-24DEC21-B31.5",
            "count": 500,
            "created_time": "2024-12-21T14:32:11.891118Z",
            "yes_price": 4,
            "no_price": 96,
            "taker_side": "no"
        },
        {
            "trade_id": "dc5061af-5582-45c2-b2cb-bb38dd940d60",
            "ticker": "KXHIGHNY-24DEC21-B31.5",
            "count": 75,
            "created_time": "2024-12-21T14:29:32.359689Z",
            "yes_price": 8,
            "no_price": 92,
            "taker_side": "yes"
        },
        {
            "trade_id": "bb959901-a1fc-4162-b577-c8744ed8200c",
            "ticker": "KXHIGHNY-24DEC21-B31.5",
            "count": 250,
            "created_time": "2024-12-21T14:29:32.359689Z",
            "yes_price": 7,
            "no_price": 93,
            "taker_side": "yes"
        },
        {
            "trade_id": "d9568005-978b-44d5-a5dc-5487b0e5cbd1",
            "ticker": "KXHIGHNY-24DEC21-B31.5",
            "count": 6,
            "created_time": "2024-12-21T14:27:03.945612Z",
            "yes_price": 9,
            "no_price": 91,
            "taker_side": "yes"
        },
        {
            "trade_id": "92c00076-241c-475a-a91e-dc6d37660f3a",
            "ticker": "KXHIGHNY-24DEC21-B31.5",
            "count": 91,
            "created_time": "2024-12-21T14:27:03.945612Z",
            "yes_price": 10,
            "no_price": 90,
            "taker_side": "yes"
        },
        {
            "trade_id": "6f8408b1-10b5-4301-82be-17652df6a7af",
            "ticker": "KXHIGHNY-24DEC21-B31.5",
            "count": 71,
            "created_time": "2024-12-21T14:27:03.945612Z",
            "yes_price": 8,
            "no_price": 92,
            "taker_side": "yes"
        },
        {
            "trade_id": "5f23dfe4-ff36-4f44-9bd5-efdac8c6ee93",
            "ticker": "KXHIGHNY-24DEC21-B31.5",
            "count": 250,
            "created_time": "2024-12-21T14:27:03.945612Z",
            "yes_price": 9,
            "no_price": 91,
            "taker_side": "yes"
        },
        {
            "trade_id": "5c21b462-e134-49b6-a030-f05daca509d0",
            "ticker": "KXHIGHNY-24DEC21-B31.5",
            "count": 151,
            "created_time": "2024-12-21T14:27:03.945612Z",
            "yes_price": 6,
            "no_price": 94,
            "taker_side": "yes"
        },
        {
            "trade_id": "20fe58ff-fb06-463e-955e-c01eac7afb5b",
            "ticker": "KXHIGHNY-24DEC21-B31.5",
            "count": 99,
            "created_time": "2024-12-21T14:26:32.751114Z",
            "yes_price": 6,
            "no_price": 94,
            "taker_side": "yes"
        },
        {
            "trade_id": "0e654dd4-8853-4c69-b2e1-a2c3d841bc09",
            "ticker": "KXHIGHNY-24DEC21-B31.5",
            "count": 250,
            "created_time": "2024-12-21T14:26:32.751114Z",
            "yes_price": 6,
            "no_price": 94,
            "taker_side": "yes"
        },
        {
            "trade_id": "0863e623-e9d8-4009-95d2-db42069cdce8",
            "ticker": "KXHIGHNY-24DEC21-B31.5",
            "count": 179,
            "created_time": "2024-12-21T14:26:32.751114Z",
            "yes_price": 8,
            "no_price": 92,
            "taker_side": "yes"
        },
        {
            "trade_id": "00017163-dc10-44d0-b859-8db60f638cfb",
            "ticker": "KXHIGHNY-24DEC21-B31.5",
            "count": 250,
            "created_time": "2024-12-21T14:26:32.751114Z",
            "yes_price": 7,
            "no_price": 93,
            "taker_side": "yes"
        },
        {
            "trade_id": "f76b8d70-2e6e-48e6-b8f7-5fb6bb939f34",
            "ticker": "KXHIGHNY-24DEC21-B31.5",
            "count": 1,
            "created_time": "2024-12-21T14:26:23.144926Z",
            "yes_price": 6,
            "no_price": 94,
            "taker_side": "yes"
        },
        {
            "trade_id": "83065ead-c77b-4051-b11e-5c98f1021c0b",
            "ticker": "KXHIGHNY-24DEC21-B31.5",
            "count": 50,
            "created_time": "2024-12-21T14:17:30.450298Z",
            "yes_price": 3,
            "no_price": 97,
            "taker_side": "no"
        },
        {
            "trade_id": "83d2d7ed-4d38-42e3-ac0d-860836b7a26f",
            "ticker": "KXHIGHNY-24DEC21-B31.5",
            "count": 131,
            "created_time": "2024-12-21T14:13:43.050094Z",
            "yes_price": 7,
            "no_price": 93,
            "taker_side": "yes"
        },
        {
            "trade_id": "154eb3bc-9f18-4805-82b1-0955224b1d03",
            "ticker": "KXHIGHNY-24DEC21-B31.5",
            "count": 19,
            "created_time": "2024-12-21T14:13:43.050094Z",
            "yes_price": 6,
            "no_price": 94,
            "taker_side": "yes"
        },
        {
            "trade_id": "b4c6c10a-b943-4f09-a1f4-cd28868cf553",
            "ticker": "KXHIGHNY-24DEC21-B31.5",
            "count": 43,
            "created_time": "2024-12-21T14:07:08.569139Z",
            "yes_price": 8,
            "no_price": 92,
            "taker_side": "yes"
        },
        {
            "trade_id": "89da2503-6dbe-4dff-a547-b726c3de7fdd",
            "ticker": "KXHIGHNY-24DEC21-B31.5",
            "count": 250,
            "created_time": "2024-12-21T14:07:08.569139Z",
            "yes_price": 8,
            "no_price": 92,
            "taker_side": "yes"
        },
        {
            "trade_id": "bd26bb00-1782-43d9-be0b-a5b5208d138f",
            "ticker": "KXHIGHNY-24DEC21-B31.5",
            "count": 397,
            "created_time": "2024-12-21T14:05:50.641808Z",
            "yes_price": 3,
            "no_price": 97,
            "taker_side": "no"
        },
        {
            "trade_id": "202526d0-cdcc-4b5d-b532-1ee09a8b8549",
            "ticker": "KXHIGHNY-24DEC21-B31.5",
            "count": 672,
            "created_time": "2024-12-21T14:05:50.641808Z",
            "yes_price": 2,
            "no_price": 98,
            "taker_side": "no"
        },
        {
            "trade_id": "0f92dd7f-5233-46fb-9e55-42f0a27d3bec",
            "ticker": "KXHIGHNY-24DEC21-B31.5",
            "count": 25,
            "created_time": "2024-12-21T14:05:50.641808Z",
            "yes_price": 4,
            "no_price": 96,
            "taker_side": "no"
        },
        {
            "trade_id": "cb7c1a83-c56c-4ed2-bf93-a31d5b8ab6d9",
            "ticker": "KXHIGHNY-24DEC21-B31.5",
            "count": 19,
            "created_time": "2024-12-21T14:04:17.218231Z",
            "yes_price": 9,
            "no_price": 91,
            "taker_side": "yes"
        },
        {
            "trade_id": "b9ec5cc6-0722-4fed-879d-d1786e7dc6b9",
            "ticker": "KXHIGHNY-24DEC21-B31.5",
            "count": 250,
            "created_time": "2024-12-21T14:04:17.218231Z",
            "yes_price": 8,
            "no_price": 92,
            "taker_side": "yes"
        },
        {
            "trade_id": "6ec7b32d-70bd-4425-840c-c85a3776d81c",
            "ticker": "KXHIGHNY-24DEC21-B31.5",
            "count": 30,
            "created_time": "2024-12-21T14:04:17.218231Z",
            "yes_price": 7,
            "no_price": 93,
            "taker_side": "yes"
        },
        {
            "trade_id": "68432c76-3168-4ecb-9341-d1febdb76e8f",
            "ticker": "KXHIGHNY-24DEC21-B31.5",
            "count": 1118,
            "created_time": "2024-12-21T14:04:17.218231Z",
            "yes_price": 9,
            "no_price": 91,
            "taker_side": "yes"
        },
        {
            "trade_id": "4a4e51b9-3d40-4dd2-a9d8-fe7e65e481ee",
            "ticker": "KXHIGHNY-24DEC21-B31.5",
            "count": 23,
            "created_time": "2024-12-21T14:04:17.218231Z",
            "yes_price": 10,
            "no_price": 90,
            "taker_side": "yes"
        },
        {
            "trade_id": "2b7351cd-2c52-44fc-8176-a84eb8f5b5f9",
            "ticker": "KXHIGHNY-24DEC21-B31.5",
            "count": 500,
            "created_time": "2024-12-21T14:04:17.218231Z",
            "yes_price": 10,
            "no_price": 90,
            "taker_side": "yes"
        },
        {
            "trade_id": "1c4d845e-2b30-4d11-88c7-e0b2db788ab8",
            "ticker": "KXHIGHNY-24DEC21-B31.5",
            "count": 250,
            "created_time": "2024-12-21T14:04:17.218231Z",
            "yes_price": 11,
            "no_price": 89,
            "taker_side": "yes"
        },
        {
            "trade_id": "1294d1e9-39e5-4bd4-969b-00ed7b4936d0",
            "ticker": "KXHIGHNY-24DEC21-B31.5",
            "count": 69,
            "created_time": "2024-12-21T14:04:17.218231Z",
            "yes_price": 12,
            "no_price": 88,
            "taker_side": "yes"
        },
        {
            "trade_id": "11eb21bb-19b9-4474-a180-542d57b6b5b6",
            "ticker": "KXHIGHNY-24DEC21-B31.5",
            "count": 250,
            "created_time": "2024-12-21T14:04:17.218231Z",
            "yes_price": 9,
            "no_price": 91,
            "taker_side": "yes"
        },
        {
            "trade_id": "d93d26b4-b14e-42f5-a41b-5c470eeae065",
            "ticker": "KXHIGHNY-24DEC21-B31.5",
            "count": 9,
            "created_time": "2024-12-21T14:03:27.107454Z",
            "yes_price": 8,
            "no_price": 92,
            "taker_side": "yes"
        },
        {
            "trade_id": "034c506f-e7d5-4e3a-a816-b0db4fc389a2",
            "ticker": "KXHIGHNY-24DEC21-B31.5",
            "count": 514,
            "created_time": "2024-12-21T14:03:27.107454Z",
            "yes_price": 9,
            "no_price": 91,
            "taker_side": "yes"
        },
        {
            "trade_id": "fcc019cd-f5d3-4680-995c-ffd830d66773",
            "ticker": "KXHIGHNY-24DEC21-B31.5",
            "count": 100,
            "created_time": "2024-12-21T14:03:05.086088Z",
            "yes_price": 9,
            "no_price": 91,
            "taker_side": "yes"
        },
        {
            "trade_id": "def61d95-a3a9-4943-885b-70ed05f19742",
            "ticker": "KXHIGHNY-24DEC21-B31.5",
            "count": 50,
            "created_time": "2024-12-21T14:03:05.086088Z",
            "yes_price": 8,
            "no_price": 92,
            "taker_side": "yes"
        },
        {
            "trade_id": "c193d3a2-9154-4a37-a95c-833b45f94288",
            "ticker": "KXHIGHNY-24DEC21-B31.5",
            "count": 368,
            "created_time": "2024-12-21T14:03:05.086088Z",
            "yes_price": 9,
            "no_price": 91,
            "taker_side": "yes"
        },
        {
            "trade_id": "b42a069a-79f8-4218-89dd-ed7d93e663fa",
