{
    "KXHIGHNY-24DEC12-T35": [
        {
            "trade_id": "090e7a23-2d85-4efb-a880-1128d9a385d1",
            "ticker": "KXHIGHNY-24DEC12-T35",
            "count": 93,
            "created_time": "2024-12-13T04:55:27.50215Z",
            "yes_price": 1,
            "no_price": 99,
            "taker_side": "yes"
        },
        {
            "trade_id": "977291a4-bb1b-4d62-a021-f689ff84d5f1",
            "ticker": "KXHIGHNY-24DEC12-T35",
            "count": 340,
            "created_time": "2024-12-12T22:59:47.89894Z",
            "yes_price": 1,
            "no_price": 99,
            "taker_side": "yes"
        },
        {
            "trade_id": "283fb617-c01a-4d99-aa48-772a59f76864",
            "ticker": "KXHIGHNY-24DEC12-T35",
            "count": 127,
            "created_time": "2024-12-12T22:59:47.89894Z",
            "yes_price": 1,
            "no_price": 99,
            "taker_side": "yes"
        },
        {
            "trade_id": "17fed47e-cb63-4435-b66c-0ddb58bef6a8",
            "ticker": "KXHIGHNY-24DEC12-T35",
            "count": 93,
            "created_time": "2024-12-12T22:45:13.9569Z",
            "yes_price": 1,
            "no_price": 99,
            "taker_side": "yes"
        },
        {
            "trade_id": "50c028f6-2c03-4a58-aa93-47e2131c3d12",
            "ticker": "KXHIGHNY-24DEC12-T35",
            "count": 93,
            "created_time": "2024-12-12T22:24:43.274376Z",
            "yes_price": 1,
            "no_price": 99,
            "taker_side": "yes"
        },
        {
            "trade_id": "b605807a-0c87-4709-8585-61b32a89d06e",
            "ticker": "KXHIGHNY-24DEC12-T35",
            "count": 93,
            "created_time": "2024-12-12T22:02:37.552491Z",
            "yes_price": 1,
            "no_price": 99,
            "taker_side": "yes"
        },
        {
            "trade_id": "6a582203-60a2-4476-af3a-c5e908c8ed8e",
            "ticker": "KXHIGHNY-24DEC12-T35",
            "count": 297,
            "created_time": "2024-12-12T06:25:19.687895Z",
            "yes_price": 1,
            "no_price": 99,
            "taker_side": "yes"
        },
        {
            "trade_id": "68370db6-51b1-4672-bc78-a83b06da5bf7",
            "ticker": "KXHIGHNY-24DEC12-T35",
            "count": 637,
            "created_time": "2024-12-12T06:25:19.687895Z",
            "yes_price": 1,
            "no_price": 99,
            "taker_side": "yes"
        },
        {
            "trade_id": "88a0ae21-5b7f-4018-9b3b-fa820e393df9",
            "ticker": "KXHIGHNY-24DEC12-T35",
            "count": 467,
            "created_time": "2024-12-12T05:40:37.188376Z",
            "yes_price": 1,
            "no_price": 99,
            "taker_side": "yes"
        },
        {
            "trade_id": "c13fd9c5-e5a4-4d95-a59f-a9d34d73583d",
            "ticker": "KXHIGHNY-24DEC12-T35",
            "count": 200,
            "created_time": "2024-12-12T05:09:23.721977Z",
            "yes_price": 1,
            "no_price": 99,
            "taker_side": "yes"
        },
        {
            "trade_id": "8816801a-1c1d-44d8-85b9-4fff11d0bcc2",
            "ticker": "KXHIGHNY-24DEC12-T35",
            "count": 30,
            "created_time": "2024-12-12T05:09:23.721977Z",
            "yes_price": 1,
            "no_price": 99,
            "taker_side": "yes"
        },
        {
            "trade_id": "58bcd550-b525-48ba-8547-50ec1a3e2386",
            "ticker": "KXHIGHNY-24DEC12-T35",
            "count": 236,
            "created_time": "2024-12-12T05:09:23.721977Z",
            "yes_price": 1,
            "no_price": 99,
            "taker_side": "yes"
        },
        {
            "trade_id": "2068f416-c44e-496c-adb9-b968bb068757",
            "ticker": "KXHIGHNY-24DEC12-T35",
            "count": 10,
            "created_time": "2024-12-12T03:14:50.944855Z",
            "yes_price": 1,
            "no_price": 99,
            "taker_side": "yes"
        },
        {
            "trade_id": "6083c830-78b9-4f40-b665-0f4ad0ce4ac9",
            "ticker": "KXHIGHNY-24DEC12-T35",
            "count": 7,
            "created_time": "2024-12-12T02:32:43.839235Z",
            "yes_price": 1,
            "no_price": 99,
            "taker_side": "no"
        },
        {
            "trade_id": "2967475b-b98c-442b-9919-fb7012890dcd",
            "ticker": "KXHIGHNY-24DEC12-T35",
            "count": 61,
            "created_time": "2024-12-12T02:25:24.913008Z",
            "yes_price": 1,
            "no_price": 99,
            "taker_side": "no"
        },
        {
            "trade_id": "43f6de99-0447-4426-a7e7-38fa5c1396c8",
            "ticker": "KXHIGHNY-24DEC12-T35",
            "count": 15,
            "created_time": "2024-12-12T02:14:01.094637Z",
            "yes_price": 1,
            "no_price": 99,
            "taker_side": "no"
        },
        {
            "trade_id": "900a81de-fda6-4ba9-8768-aeecc5ea5f39",
            "ticker": "KXHIGHNY-24DEC12-T35",
            "count": 16,
            "created_time": "2024-12-12T02:02:09.802901Z",
            "yes_price": 1,
            "no_price": 99,
            "taker_side": "no"
        },
        {
            "trade_id": "3f616469-b020-41d4-9995-665fbc279bd0",
            "ticker": "KXHIGHNY-24DEC12-T35",
            "count": 45,
            "created_time": "2024-12-12T02:01:09.120382Z",
            "yes_price": 1,
            "no_price": 99,
            "taker_side": "no"
        },
        {
            "trade_id": "2297fcc4-bf7e-47dc-85b3-438baf610ad4",
            "ticker": "KXHIGHNY-24DEC12-T35",
            "count": 5,
            "created_time": "2024-12-12T02:00:46.122004Z",
            "yes_price": 1,
            "no_price": 99,
            "taker_side": "no"
        },
        {
            "trade_id": "bb03b5e3-c84d-466e-b592-e29ee16e74dc",
            "ticker": "KXHIGHNY-24DEC12-T35",
            "count": 89,
            "created_time": "2024-12-12T02:00:29.356361Z",
            "yes_price": 1,
            "no_price": 99,
            "taker_side": "no"
        },
        {
            "trade_id": "97aa23c1-d2e7-4d82-b56c-3818ca0d9a7b",
            "ticker": "KXHIGHNY-24DEC12-T35",
            "count": 3,
            "created_time": "2024-12-12T01:57:59.16019Z",
            "yes_price": 1,
            "no_price": 99,
            "taker_side": "no"
        },
        {
            "trade_id": "c1abfbee-eca8-4643-8f3e-c8ad41f70bf1",
            "ticker": "KXHIGHNY-24DEC12-T35",
            "count": 21,
            "created_time": "2024-12-12T01:55:26.227867Z",
            "yes_price": 1,
            "no_price": 99,
            "taker_side": "no"
        },
        {
            "trade_id": "230bf3e4-b6a6-49fe-bbeb-099edb3ed54b",
            "ticker": "KXHIGHNY-24DEC12-T35",
            "count": 10,
            "created_time": "2024-12-12T01:55:21.889551Z",
            "yes_price": 1,
            "no_price": 99,
            "taker_side": "no"
        },
        {
            "trade_id": "ac166b14-6e36-4ae6-87ef-788d4c8fc05e",
            "ticker": "KXHIGHNY-24DEC12-T35",
            "count": 8,
            "created_time": "2024-12-12T01:45:34.543256Z",
            "yes_price": 1,
            "no_price": 99,
            "taker_side": "no"
        },
        {
            "trade_id": "747662d3-f81d-46c5-9cd9-d451023410a4",
            "ticker": "KXHIGHNY-24DEC12-T35",
            "count": 180,
            "created_time": "2024-12-12T01:43:32.223265Z",
            "yes_price": 1,
            "no_price": 99,
            "taker_side": "yes"
        },
        {
            "trade_id": "0bfd9ec0-3176-41fd-94e4-20d0a0f9ebd3",
            "ticker": "KXHIGHNY-24DEC12-T35",
            "count": 40,
            "created_time": "2024-12-12T01:43:32.223265Z",
            "yes_price": 1,
            "no_price": 99,
            "taker_side": "yes"
        },
        {
            "trade_id": "fb6686db-6903-4380-9d8c-9d2e7629696a",
            "ticker": "KXHIGHNY-24DEC12-T35",
            "count": 70,
            "created_time": "2024-12-12T01:42:54.89072Z",
            "yes_price": 1,
            "no_price": 99,
            "taker_side": "yes"
        },
        {
            "trade_id": "3f0915a1-5ee5-4b0e-8791-fc4ffc6be6d8",
            "ticker": "KXHIGHNY-24DEC12-T35",
            "count": 15,
            "created_time": "2024-12-12T01:42:54.89072Z",
            "yes_price": 1,
            "no_price": 99,
            "taker_side": "yes"
        },
        {
            "trade_id": "3ba472ea-d5dd-457b-be51-7b111bb5e08c",
            "ticker": "KXHIGHNY-24DEC12-T35",
            "count": 15,
            "created_time": "2024-12-12T01:42:54.89072Z",
            "yes_price": 1,
            "no_price": 99,
            "taker_side": "yes"
        },
        {
            "trade_id": "20c06aea-8322-48cd-ab3b-af8d16a5bc30",
            "ticker": "KXHIGHNY-24DEC12-T35",
            "count": 400,
            "created_time": "2024-12-12T01:42:54.89072Z",
            "yes_price": 1,
            "no_price": 99,
            "taker_side": "yes"
        },
        {
            "trade_id": "68455453-1593-4882-9a70-38ed4e63715a",
            "ticker": "KXHIGHNY-24DEC12-T35",
            "count": 15,
            "created_time": "2024-12-11T17:18:36.050051Z",
            "yes_price": 1,
            "no_price": 99,
            "taker_side": "no"
        },
        {
            "trade_id": "da1a15e8-7007-45e2-9dd8-455016f86151",
            "ticker": "KXHIGHNY-24DEC12-T35",
            "count": 30,
            "created_time": "2024-12-11T17:18:35.900112Z",
            "yes_price": 1,
            "no_price": 99,
            "taker_side": "no"
        },
        {
            "trade_id": "19f27202-baa0-446d-995e-edcec8753825",
            "ticker": "KXHIGHNY-24DEC12-T35",
            "count": 5,
            "created_time": "2024-12-11T15:56:06.254632Z",
            "yes_price": 1,
            "no_price": 99,
            "taker_side": "no"
        }
    ],
    "KXHIGHNY-24DEC12-B35.5": [
        {
            "trade_id": "f6e9c081-584d-42d2-9631-bc4c07417aa6",
            "ticker": "KXHIGHNY-24DEC12-B35.5",
            "count": 100,
            "created_time": "2024-12-13T03:17:23.694092Z",
            "yes_price": 1,
            "no_price": 99,
            "taker_side": "yes"
        },
        {
            "trade_id": "3b4589a2-50ba-4a12-9904-4cef4d3eaf51",
            "ticker": "KXHIGHNY-24DEC12-B35.5",
            "count": 467,
            "created_time": "2024-12-12T23:00:01.117408Z",
            "yes_price": 1,
            "no_price": 99,
            "taker_side": "yes"
        },
        {
            "trade_id": "ba5af6e1-6266-4142-b01e-225883d73f96",
            "ticker": "KXHIGHNY-24DEC12-B35.5",
            "count": 935,
            "created_time": "2024-12-12T22:22:38.378201Z",
            "yes_price": 1,
            "no_price": 99,
            "taker_side": "yes"
        },
        {
            "trade_id": "0ed6dd39-c02f-4f7e-b83d-fe5c93941bbd",
            "ticker": "KXHIGHNY-24DEC12-B35.5",
            "count": 93,
            "created_time": "2024-12-12T21:10:17.03909Z",
            "yes_price": 1,
            "no_price": 99,
            "taker_side": "yes"
        },
        {
            "trade_id": "2937e761-1ebe-4444-a7e6-b2af7be52775",
            "ticker": "KXHIGHNY-24DEC12-B35.5",
            "count": 1870,
            "created_time": "2024-12-12T07:11:01.674215Z",
            "yes_price": 1,
            "no_price": 99,
            "taker_side": "yes"
        },
        {
            "trade_id": "03d3d202-d633-44c9-be8e-a08f2e5679c4",
            "ticker": "KXHIGHNY-24DEC12-B35.5",
            "count": 10,
            "created_time": "2024-12-12T07:04:40.691543Z",
            "yes_price": 1,
            "no_price": 99,
            "taker_side": "yes"
        },
        {
            "trade_id": "b4a9b0de-d0bb-4e15-a2e1-fd4c6d2ca1d6",
            "ticker": "KXHIGHNY-24DEC12-B35.5",
            "count": 880,
            "created_time": "2024-12-12T05:13:44.484593Z",
            "yes_price": 1,
            "no_price": 99,
            "taker_side": "yes"
        },
        {
            "trade_id": "9e4ae6df-7bf4-4472-8a67-a5f961695900",
            "ticker": "KXHIGHNY-24DEC12-B35.5",
            "count": 55,
            "created_time": "2024-12-12T05:13:44.484593Z",
            "yes_price": 1,
            "no_price": 99,
            "taker_side": "yes"
        },
        {
            "trade_id": "f7940f3f-34ae-4b64-9a1d-dd03074d3249",
            "ticker": "KXHIGHNY-24DEC12-B35.5",
            "count": 358,
            "created_time": "2024-12-12T03:29:38.387942Z",
            "yes_price": 1,
            "no_price": 99,
            "taker_side": "no"
        },
        {
            "trade_id": "063bc399-6cdc-4259-a62a-8e7bb701eda9",
            "ticker": "KXHIGHNY-24DEC12-B35.5",
            "count": 25,
            "created_time": "2024-12-12T03:17:54.804163Z",
            "yes_price": 1,
            "no_price": 99,
            "taker_side": "no"
        },
        {
            "trade_id": "8453b8bd-511f-44a8-a539-887b096973d1",
            "ticker": "KXHIGHNY-24DEC12-B35.5",
            "count": 5,
            "created_time": "2024-12-12T03:01:33.770526Z",
            "yes_price": 3,
            "no_price": 97,
            "taker_side": "yes"
        },
        {
            "trade_id": "760353f0-d103-4136-aefe-c4a610b55a46",
            "ticker": "KXHIGHNY-24DEC12-B35.5",
            "count": 5,
            "created_time": "2024-12-12T03:01:18.528822Z",
            "yes_price": 2,
            "no_price": 98,
            "taker_side": "yes"
        },
        {
            "trade_id": "fdc428ef-ce5f-4ff8-bb07-6c186a271553",
            "ticker": "KXHIGHNY-24DEC12-B35.5",
            "count": 47,
            "created_time": "2024-12-12T02:32:43.861546Z",
            "yes_price": 1,
            "no_price": 99,
            "taker_side": "no"
        },
        {
            "trade_id": "7a04ea89-5aa6-477c-ab26-35112f6b5de0",
            "ticker": "KXHIGHNY-24DEC12-B35.5",
            "count": 61,
            "created_time": "2024-12-12T02:25:24.897022Z",
            "yes_price": 1,
            "no_price": 99,
            "taker_side": "no"
        },
        {
            "trade_id": "b5498a0b-c4b1-45b0-bb43-249f99f46c23",
            "ticker": "KXHIGHNY-24DEC12-B35.5",
            "count": 16,
            "created_time": "2024-12-12T02:02:09.810752Z",
            "yes_price": 1,
            "no_price": 99,
            "taker_side": "no"
        },
        {
            "trade_id": "a0b5d29f-d94a-4d14-8dd8-529bb9144e6e",
            "ticker": "KXHIGHNY-24DEC12-B35.5",
            "count": 45,
            "created_time": "2024-12-12T02:01:09.124575Z",
            "yes_price": 1,
            "no_price": 99,
            "taker_side": "no"
        },
        {
            "trade_id": "f5712ed3-7728-4b8a-8162-4ba3f085ae2e",
            "ticker": "KXHIGHNY-24DEC12-B35.5",
            "count": 89,
            "created_time": "2024-12-12T02:00:29.351917Z",
            "yes_price": 1,
            "no_price": 99,
            "taker_side": "no"
        },
        {
            "trade_id": "105edaf4-e5dd-4082-8320-dadbd91f4fdf",
            "ticker": "KXHIGHNY-24DEC12-B35.5",
            "count": 21,
            "created_time": "2024-12-12T01:55:26.166111Z",
            "yes_price": 1,
            "no_price": 99,
            "taker_side": "no"
        },
        {
            "trade_id": "3ffb738b-9480-492c-9433-d083c08e14a6",
            "ticker": "KXHIGHNY-24DEC12-B35.5",
            "count": 8,
            "created_time": "2024-12-12T01:45:34.539589Z",
            "yes_price": 1,
            "no_price": 99,
            "taker_side": "no"
        },
        {
            "trade_id": "26c648c2-d2cd-4b6b-aaee-d2c3fa7c8557",
            "ticker": "KXHIGHNY-24DEC12-B35.5",
            "count": 40,
            "created_time": "2024-12-12T01:42:49.69305Z",
            "yes_price": 1,
            "no_price": 99,
            "taker_side": "no"
        },
        {
            "trade_id": "8bcd6773-bf2c-4b56-b84a-d0321ad666aa",
            "ticker": "KXHIGHNY-24DEC12-B35.5",
            "count": 250,
            "created_time": "2024-12-12T01:42:42.278714Z",
            "yes_price": 1,
            "no_price": 99,
            "taker_side": "yes"
        },
        {
            "trade_id": "0fc8ac44-c71c-45e9-a858-6686d34dc783",
            "ticker": "KXHIGHNY-24DEC12-B35.5",
            "count": 40,
            "created_time": "2024-12-12T01:42:42.278714Z",
            "yes_price": 1,
            "no_price": 99,
            "taker_side": "yes"
        },
        {
            "trade_id": "f0eb5ccf-90a4-4306-b95b-83b71ba4b870",
            "ticker": "KXHIGHNY-24DEC12-B35.5",
            "count": 151,
            "created_time": "2024-12-11T19:05:07.195606Z",
            "yes_price": 3,
            "no_price": 97,
            "taker_side": "yes"
        },
        {
            "trade_id": "ed255b3a-e3a5-4e98-868e-4068e43fab1d",
            "ticker": "KXHIGHNY-24DEC12-B35.5",
            "count": 15,
            "created_time": "2024-12-11T19:05:07.195606Z",
            "yes_price": 1,
            "no_price": 99,
            "taker_side": "yes"
        },
        {
            "trade_id": "ab53421f-eff0-4130-a77d-02c1f9e27855",
            "ticker": "KXHIGHNY-24DEC12-B35.5",
            "count": 12,
            "created_time": "2024-12-11T19:05:07.195606Z",
            "yes_price": 4,
            "no_price": 96,
            "taker_side": "yes"
        },
        {
            "trade_id": "43e65b7f-0d34-4684-9857-03d3e0a0ccf3",
            "ticker": "KXHIGHNY-24DEC12-B35.5",
            "count": 400,
            "created_time": "2024-12-11T19:05:07.195606Z",
            "yes_price": 1,
            "no_price": 99,
            "taker_side": "yes"
        },
        {
            "trade_id": "04fc5ccb-cdaf-4504-a8d9-0e9d8912f777",
            "ticker": "KXHIGHNY-24DEC12-B35.5",
            "count": 15,
            "created_time": "2024-12-11T19:05:07.195606Z",
            "yes_price": 1,
            "no_price": 99,
            "taker_side": "yes"
        },
        {
            "trade_id": "52fe31cd-8139-43fc-a18f-e3905d6eaed9",
            "ticker": "KXHIGHNY-24DEC12-B35.5",
            "count": 15,
            "created_time": "2024-12-11T17:18:36.001197Z",
            "yes_price": 1,
            "no_price": 99,
            "taker_side": "no"
        },
        {
            "trade_id": "0f6f5ae4-4988-4151-9ed6-6e59805cdada",
            "ticker": "KXHIGHNY-24DEC12-B35.5",
            "count": 30,
            "created_time": "2024-12-11T17:18:35.856228Z",
            "yes_price": 1,
            "no_price": 99,
            "taker_side": "no"
        },
        {
            "trade_id": "8644d668-5aae-49a1-950a-157cd2fd6252",
            "ticker": "KXHIGHNY-24DEC12-B35.5",
            "count": 5,
            "created_time": "2024-12-11T15:57:13.858075Z",
            "yes_price": 1,
            "no_price": 99,
            "taker_side": "no"
        }
    ],
    "KXHIGHNY-24DEC12-B37.5": [
        {
            "trade_id": "4c475051-0569-4060-8563-e4e2a345e5a8",
            "ticker": "KXHIGHNY-24DEC12-B37.5",
            "count": 467,
            "created_time": "2024-12-12T22:59:17.252241Z",
            "yes_price": 1,
            "no_price": 99,
            "taker_side": "yes"
        },
        {
            "trade_id": "8af67117-a5d2-46e3-810a-2f65dca94c02",
            "ticker": "KXHIGHNY-24DEC12-B37.5",
            "count": 187,
            "created_time": "2024-12-12T21:34:06.820094Z",
            "yes_price": 1,
            "no_price": 99,
            "taker_side": "yes"
        },
        {
            "trade_id": "96cad67a-eed4-43e0-9519-a223f5dfe9d8",
            "ticker": "KXHIGHNY-24DEC12-B37.5",
            "count": 187,
            "created_time": "2024-12-12T18:11:25.534567Z",
            "yes_price": 1,
            "no_price": 99,
            "taker_side": "yes"
        },
        {
            "trade_id": "9a37e022-f529-47b2-ad5f-fcdfb0374b51",
            "ticker": "KXHIGHNY-24DEC12-B37.5",
            "count": 187,
            "created_time": "2024-12-12T18:01:08.913028Z",
            "yes_price": 1,
            "no_price": 99,
            "taker_side": "yes"
        },
        {
            "trade_id": "0f5cb9bd-fd77-4d84-bdb7-7bccfaa5b7c9",
            "ticker": "KXHIGHNY-24DEC12-B37.5",
            "count": 1870,
            "created_time": "2024-12-12T17:51:17.179969Z",
            "yes_price": 1,
            "no_price": 99,
            "taker_side": "yes"
        },
        {
            "trade_id": "8c44f5e5-cac4-4a66-8722-3b3ddc897cb3",
            "ticker": "KXHIGHNY-24DEC12-B37.5",
            "count": 187,
            "created_time": "2024-12-12T17:42:01.559967Z",
            "yes_price": 1,
            "no_price": 99,
            "taker_side": "yes"
        },
        {
            "trade_id": "6871a7d8-5029-4398-821b-d1c8687ab48f",
            "ticker": "KXHIGHNY-24DEC12-B37.5",
            "count": 374,
            "created_time": "2024-12-12T15:18:27.141539Z",
            "yes_price": 1,
            "no_price": 99,
            "taker_side": "yes"
        },
        {
            "trade_id": "74d4a87f-3458-4085-9524-3c5afca50417",
            "ticker": "KXHIGHNY-24DEC12-B37.5",
            "count": 374,
            "created_time": "2024-12-12T15:14:31.63477Z",
            "yes_price": 1,
            "no_price": 99,
            "taker_side": "yes"
        },
        {
            "trade_id": "d74f525e-7527-4ad5-9bce-0e37b5403472",
            "ticker": "KXHIGHNY-24DEC12-B37.5",
            "count": 187,
            "created_time": "2024-12-12T14:46:19.299557Z",
            "yes_price": 1,
            "no_price": 99,
            "taker_side": "yes"
        },
        {
            "trade_id": "57cce599-aaf2-4e0d-b0fd-3f1411ec0aa2",
            "ticker": "KXHIGHNY-24DEC12-B37.5",
            "count": 280,
            "created_time": "2024-12-12T14:42:06.555749Z",
            "yes_price": 1,
            "no_price": 99,
            "taker_side": "yes"
        },
        {
            "trade_id": "31289fd2-57cd-4111-93e1-d6a194eccee7",
            "ticker": "KXHIGHNY-24DEC12-B37.5",
            "count": 93,
            "created_time": "2024-12-12T13:32:01.903221Z",
            "yes_price": 1,
            "no_price": 99,
            "taker_side": "yes"
        },
        {
            "trade_id": "e9b22a66-b01a-47d0-94ca-1c2b6122c51e",
            "ticker": "KXHIGHNY-24DEC12-B37.5",
            "count": 467,
            "created_time": "2024-12-12T13:00:59.813406Z",
            "yes_price": 1,
            "no_price": 99,
            "taker_side": "yes"
        },
        {
            "trade_id": "dfd873f4-b850-4808-8956-ae6e42ecfa3d",
            "ticker": "KXHIGHNY-24DEC12-B37.5",
            "count": 935,
            "created_time": "2024-12-12T05:12:38.528324Z",
            "yes_price": 1,
            "no_price": 99,
            "taker_side": "yes"
        },
        {
            "trade_id": "260206aa-7cdf-4f6b-87b6-6c3b9ca67cbe",
            "ticker": "KXHIGHNY-24DEC12-B37.5",
            "count": 20,
            "created_time": "2024-12-12T04:40:58.544329Z",
            "yes_price": 1,
            "no_price": 99,
            "taker_side": "yes"
        },
        {
            "trade_id": "fa264f31-6ac3-4c7d-add6-50067fc6b6e5",
            "ticker": "KXHIGHNY-24DEC12-B37.5",
            "count": 2,
            "created_time": "2024-12-12T04:14:10.660529Z",
            "yes_price": 1,
            "no_price": 99,
            "taker_side": "no"
        },
        {
            "trade_id": "f11b4538-c2d4-4ebc-a1bc-4449633faa80",
            "ticker": "KXHIGHNY-24DEC12-B37.5",
            "count": 59,
            "created_time": "2024-12-12T04:14:10.660529Z",
            "yes_price": 1,
            "no_price": 99,
            "taker_side": "no"
        },
        {
            "trade_id": "6f3d8fce-c1b1-4675-8767-ed893ffbeb19",
            "ticker": "KXHIGHNY-24DEC12-B37.5",
            "count": 9,
            "created_time": "2024-12-12T04:02:20.591378Z",
            "yes_price": 1,
            "no_price": 99,
            "taker_side": "no"
        },
        {
            "trade_id": "093a5f4a-bd1f-4968-8ba6-ebd8a7cde738",
            "ticker": "KXHIGHNY-24DEC12-B37.5",
            "count": 1,
            "created_time": "2024-12-12T04:01:57.447476Z",
            "yes_price": 2,
            "no_price": 98,
            "taker_side": "no"
        },
        {
            "trade_id": "e70488af-d027-4dad-91c6-f7e28d4d8046",
            "ticker": "KXHIGHNY-24DEC12-B37.5",
            "count": 30,
            "created_time": "2024-12-12T03:50:43.047538Z",
            "yes_price": 1,
            "no_price": 99,
            "taker_side": "no"
        },
        {
            "trade_id": "06148b02-5b2c-4e39-8b60-200be859f137",
            "ticker": "KXHIGHNY-24DEC12-B37.5",
            "count": 27,
            "created_time": "2024-12-12T03:50:27.669281Z",
            "yes_price": 1,
            "no_price": 99,
            "taker_side": "no"
        },
        {
            "trade_id": "36c547b8-5be9-4912-b1bf-3e69272d8755",
            "ticker": "KXHIGHNY-24DEC12-B37.5",
            "count": 14,
            "created_time": "2024-12-12T03:47:09.944717Z",
            "yes_price": 4,
            "no_price": 96,
            "taker_side": "yes"
        },
        {
            "trade_id": "1b35e3df-1192-4d22-8872-d8a600a51fce",
            "ticker": "KXHIGHNY-24DEC12-B37.5",
            "count": 5,
            "created_time": "2024-12-12T03:47:09.944717Z",
            "yes_price": 3,
            "no_price": 97,
            "taker_side": "yes"
        },
        {
            "trade_id": "083bd812-fd84-46e5-89db-6d2f1c798962",
            "ticker": "KXHIGHNY-24DEC12-B37.5",
            "count": 5,
            "created_time": "2024-12-12T03:47:09.944717Z",
            "yes_price": 4,
            "no_price": 96,
            "taker_side": "yes"
        },
        {
            "trade_id": "94d35f7e-a5ae-43db-b46b-05504c79bc90",
            "ticker": "KXHIGHNY-24DEC12-B37.5",
            "count": 13,
            "created_time": "2024-12-12T03:45:27.036649Z",
            "yes_price": 1,
            "no_price": 99,
            "taker_side": "no"
        },
        {
            "trade_id": "3123533e-bb52-4102-a53c-ce564ae99d9b",
            "ticker": "KXHIGHNY-24DEC12-B37.5",
            "count": 1,
            "created_time": "2024-12-12T03:45:26.907961Z",
            "yes_price": 1,
            "no_price": 99,
            "taker_side": "no"
        },
        {
            "trade_id": "78275ace-2045-4205-9f59-ffcd1b6b024e",
            "ticker": "KXHIGHNY-24DEC12-B37.5",
            "count": 11,
            "created_time": "2024-12-12T03:44:47.956656Z",
            "yes_price": 1,
            "no_price": 99,
            "taker_side": "no"
        },
        {
            "trade_id": "d9e0b07a-2d43-49e6-8100-b125da585aab",
            "ticker": "KXHIGHNY-24DEC12-B37.5",
            "count": 10,
            "created_time": "2024-12-12T03:44:44.589854Z",
            "yes_price": 1,
            "no_price": 99,
            "taker_side": "no"
        },
        {
            "trade_id": "996a32b6-70b9-48b9-9833-0722a8550708",
            "ticker": "KXHIGHNY-24DEC12-B37.5",
            "count": 5,
            "created_time": "2024-12-12T03:40:20.251858Z",
            "yes_price": 1,
            "no_price": 99,
            "taker_side": "no"
        },
        {
            "trade_id": "3ccc8a15-4073-4080-8016-d2306a5a005c",
            "ticker": "KXHIGHNY-24DEC12-B37.5",
            "count": 52,
            "created_time": "2024-12-12T03:31:33.395033Z",
            "yes_price": 5,
            "no_price": 95,
            "taker_side": "yes"
        },
        {
            "trade_id": "dc9fd502-f63f-484c-ab78-30ac4337695e",
            "ticker": "KXHIGHNY-24DEC12-B37.5",
            "count": 54,
            "created_time": "2024-12-12T03:30:36.102743Z",
            "yes_price": 1,
            "no_price": 99,
            "taker_side": "no"
        },
        {
            "trade_id": "c04ebeed-ad45-47d1-8a3c-286e1ac90761",
            "ticker": "KXHIGHNY-24DEC12-B37.5",
            "count": 674,
            "created_time": "2024-12-12T03:30:36.102743Z",
            "yes_price": 2,
            "no_price": 98,
            "taker_side": "no"
        },
        {
            "trade_id": "0efa46bc-d7e8-4445-9f45-3226679d8b32",
            "ticker": "KXHIGHNY-24DEC12-B37.5",
            "count": 3,
            "created_time": "2024-12-12T03:14:03.289311Z",
            "yes_price": 6,
            "no_price": 94,
            "taker_side": "yes"
        },
        {
            "trade_id": "e8ac3bab-9d6a-4934-9d76-79ccf392e1ee",
            "ticker": "KXHIGHNY-24DEC12-B37.5",
            "count": 500,
            "created_time": "2024-12-12T03:06:12.07029Z",
            "yes_price": 5,
            "no_price": 95,
            "taker_side": "no"
        },
        {
            "trade_id": "d2760a86-b533-42db-9dfe-5d5f0974e30a",
            "ticker": "KXHIGHNY-24DEC12-B37.5",
            "count": 505,
            "created_time": "2024-12-12T03:06:12.07029Z",
            "yes_price": 2,
            "no_price": 98,
            "taker_side": "no"
        },
        {
            "trade_id": "84e97425-34e5-42c1-9b1b-df3a559612c5",
            "ticker": "KXHIGHNY-24DEC12-B37.5",
            "count": 20,
            "created_time": "2024-12-12T03:06:12.07029Z",
            "yes_price": 4,
            "no_price": 96,
            "taker_side": "no"
        },
        {
            "trade_id": "5a1f722a-e587-438e-b593-27e026559018",
            "ticker": "KXHIGHNY-24DEC12-B37.5",
            "count": 11,
            "created_time": "2024-12-12T03:06:12.07029Z",
            "yes_price": 6,
            "no_price": 94,
            "taker_side": "no"
        },
        {
            "trade_id": "0d1738f1-7851-4b71-9116-00353a074e1e",
            "ticker": "KXHIGHNY-24DEC12-B37.5",
            "count": 60,
            "created_time": "2024-12-12T02:58:53.112967Z",
            "yes_price": 4,
            "no_price": 96,
            "taker_side": "yes"
        },
        {
            "trade_id": "95545a3f-772c-49bf-b211-f9adb31ea9b1",
            "ticker": "KXHIGHNY-24DEC12-B37.5",
            "count": 10,
            "created_time": "2024-12-12T02:43:23.442151Z",
            "yes_price": 2,
            "no_price": 98,
            "taker_side": "no"
        },
        {
            "trade_id": "e2f71424-210b-4753-bf2d-c97ee7c45822",
            "ticker": "KXHIGHNY-24DEC12-B37.5",
            "count": 159,
            "created_time": "2024-12-12T02:34:13.501837Z",
            "yes_price": 5,
            "no_price": 95,
            "taker_side": "yes"
        },
        {
            "trade_id": "67a5f1b1-8c35-4da5-a58b-e0fe1c9f189b",
            "ticker": "KXHIGHNY-24DEC12-B37.5",
            "count": 47,
            "created_time": "2024-12-12T02:34:13.501837Z",
            "yes_price": 3,
            "no_price": 97,
            "taker_side": "yes"
        },
        {
            "trade_id": "aee61780-4682-447e-a0a6-7c776ca3dea8",
            "ticker": "KXHIGHNY-24DEC12-B37.5",
            "count": 5,
            "created_time": "2024-12-12T02:32:54.534936Z",
            "yes_price": 2,
            "no_price": 98,
            "taker_side": "no"
        },
        {
            "trade_id": "5627d13e-90e3-4aec-bb5a-ab53f67e1396",
            "ticker": "KXHIGHNY-24DEC12-B37.5",
            "count": 80,
            "created_time": "2024-12-12T02:31:25.432506Z",
            "yes_price": 5,
            "no_price": 95,
            "taker_side": "yes"
        },
        {
            "trade_id": "cda8b829-15c2-4d8b-8218-03fb9332c3eb",
            "ticker": "KXHIGHNY-24DEC12-B37.5",
            "count": 61,
            "created_time": "2024-12-12T02:25:24.921945Z",
            "yes_price": 2,
            "no_price": 98,
            "taker_side": "no"
        },
        {
            "trade_id": "c9681d9d-2cf6-415f-902e-c7fc61a8c258",
            "ticker": "KXHIGHNY-24DEC12-B37.5",
            "count": 5,
            "created_time": "2024-12-12T02:05:18.415592Z",
            "yes_price": 2,
            "no_price": 98,
            "taker_side": "no"
        },
        {
            "trade_id": "6a8dd8df-0922-419b-b07b-9bb25f94209f",
            "ticker": "KXHIGHNY-24DEC12-B37.5",
            "count": 80,
            "created_time": "2024-12-12T02:05:11.710888Z",
            "yes_price": 5,
            "no_price": 95,
            "taker_side": "yes"
        },
        {
            "trade_id": "27b792bf-8b15-443a-9388-d209814378c4",
            "ticker": "KXHIGHNY-24DEC12-B37.5",
            "count": 80,
            "created_time": "2024-12-12T02:05:11.710888Z",
            "yes_price": 4,
            "no_price": 96,
            "taker_side": "yes"
        },
        {
            "trade_id": "d26dd53b-f814-4317-8044-2af1762483ae",
            "ticker": "KXHIGHNY-24DEC12-B37.5",
            "count": 5,
            "created_time": "2024-12-12T02:02:09.793768Z",
            "yes_price": 3,
            "no_price": 97,
            "taker_side": "no"
        },
        {
            "trade_id": "bfe73c61-14d5-4e1f-b5aa-d33935c8490e",
            "ticker": "KXHIGHNY-24DEC12-B37.5",
            "count": 11,
            "created_time": "2024-12-12T02:02:09.793768Z",
            "yes_price": 3,
            "no_price": 97,
            "taker_side": "no"
        },
        {
            "trade_id": "ad8d0bd9-80ff-4526-bf0e-aaef0459a734",
            "ticker": "KXHIGHNY-24DEC12-B37.5",
            "count": 45,
            "created_time": "2024-12-12T02:01:09.143904Z",
            "yes_price": 3,
            "no_price": 97,
            "taker_side": "no"
        },
        {
            "trade_id": "6e1eb6cd-470d-4731-8a6c-f8ccb128c675",
            "ticker": "KXHIGHNY-24DEC12-B37.5",
            "count": 5,
            "created_time": "2024-12-12T02:00:46.959856Z",
            "yes_price": 4,
            "no_price": 96,
            "taker_side": "no"
        },
        {
            "trade_id": "a35aa603-e5a5-48ce-b9c2-a3d034eb38e2",
            "ticker": "KXHIGHNY-24DEC12-B37.5",
            "count": 240,
            "created_time": "2024-12-12T02:00:35.152048Z",
            "yes_price": 7,
            "no_price": 93,
            "taker_side": "yes"
        },
        {
            "trade_id": "8b62e8e2-b250-4405-b0d8-2fe6df912e6b",
            "ticker": "KXHIGHNY-24DEC12-B37.5",
            "count": 240,
            "created_time": "2024-12-12T02:00:35.152048Z",
            "yes_price": 5,
            "no_price": 95,
            "taker_side": "yes"
        },
        {
            "trade_id": "253b73fa-de0a-47f2-a324-05cd67b7ded4",
            "ticker": "KXHIGHNY-24DEC12-B37.5",
            "count": 240,
            "created_time": "2024-12-12T02:00:35.152048Z",
            "yes_price": 6,
            "no_price": 94,
            "taker_side": "yes"
        },
        {
            "trade_id": "2a72c6a9-288e-4f4e-b964-7fc99879791b",
            "ticker": "KXHIGHNY-24DEC12-B37.5",
            "count": 89,
            "created_time": "2024-12-12T02:00:29.360457Z",
            "yes_price": 3,
            "no_price": 97,
            "taker_side": "no"
        },
        {
            "trade_id": "8abcff01-b5a5-4b54-bf22-fc4f3778013d",
            "ticker": "KXHIGHNY-24DEC12-B37.5",
            "count": 100,
            "created_time": "2024-12-12T01:59:59.310647Z",
            "yes_price": 4,
            "no_price": 96,
            "taker_side": "yes"
        },
        {
            "trade_id": "539265ec-df7f-4c77-b4cf-a8a9cc45decb",
            "ticker": "KXHIGHNY-24DEC12-B37.5",
            "count": 59,
            "created_time": "2024-12-12T01:58:46.690896Z",
            "yes_price": 3,
            "no_price": 97,
            "taker_side": "no"
        },
        {
            "trade_id": "ba6f2b2e-951e-4c29-a163-28022ccca0ea",
            "ticker": "KXHIGHNY-24DEC12-B37.5",
            "count": 3,
            "created_time": "2024-12-12T01:57:59.644313Z",
            "yes_price": 3,
            "no_price": 97,
            "taker_side": "no"
        },
        {
            "trade_id": "e2ed7f40-efae-4c09-bf8d-78fe94b19153",
            "ticker": "KXHIGHNY-24DEC12-B37.5",
            "count": 100,
            "created_time": "2024-12-12T01:57:36.389015Z",
            "yes_price": 4,
            "no_price": 96,
            "taker_side": "no"
        },
        {
            "trade_id": "25c7782e-e17b-4a30-874a-4b474fee5f70",
            "ticker": "KXHIGHNY-24DEC12-B37.5",
            "count": 21,
            "created_time": "2024-12-12T01:55:26.160098Z",
            "yes_price": 3,
            "no_price": 97,
            "taker_side": "no"
        },
        {
            "trade_id": "bf2dfc45-4228-48d2-b4e5-c30fe2ad5991",
            "ticker": "KXHIGHNY-24DEC12-B37.5",
            "count": 240,
            "created_time": "2024-12-12T01:55:21.661876Z",
            "yes_price": 4,
            "no_price": 96,
            "taker_side": "yes"
        },
        {
            "trade_id": "2574f0b6-7dd1-4e53-9bb0-c5707cdf16c3",
            "ticker": "KXHIGHNY-24DEC12-B37.5",
            "count": 200,
            "created_time": "2024-12-12T01:51:41.731042Z",
            "yes_price": 4,
            "no_price": 96,
            "taker_side": "yes"
        },
        {
            "trade_id": "6a000449-40c3-4eb2-9c01-a0ed69c31464",
            "ticker": "KXHIGHNY-24DEC12-B37.5",
            "count": 10,
            "created_time": "2024-12-12T01:51:41.680562Z",
            "yes_price": 5,
            "no_price": 95,
            "taker_side": "no"
        },
        {
            "trade_id": "d302c23a-6faf-48c0-8cea-ce3ab095d06a",
            "ticker": "KXHIGHNY-24DEC12-B37.5",
            "count": 240,
            "created_time": "2024-12-12T01:51:41.585893Z",
            "yes_price": 5,
            "no_price": 95,
            "taker_side": "no"
        },
        {
            "trade_id": "49db7612-7e9e-4db4-8eec-4e16f2a38207",
            "ticker": "KXHIGHNY-24DEC12-B37.5",
            "count": 200,
            "created_time": "2024-12-12T01:49:48.209471Z",
            "yes_price": 7,
            "no_price": 93,
            "taker_side": "yes"
        },
        {
            "trade_id": "fd3a6ada-7b57-4dbc-8dc2-30d156f20cb4",
            "ticker": "KXHIGHNY-24DEC12-B37.5",
            "count": 200,
            "created_time": "2024-12-12T01:49:26.546979Z",
            "yes_price": 5,
            "no_price": 95,
            "taker_side": "yes"
        },
        {
            "trade_id": "bdd62c7b-650d-48fe-9a96-1458284745b3",
            "ticker": "KXHIGHNY-24DEC12-B37.5",
            "count": 40,
            "created_time": "2024-12-12T01:49:26.546979Z",
            "yes_price": 6,
            "no_price": 94,
            "taker_side": "yes"
        },
        {
            "trade_id": "bb392dfd-4e8d-490a-a296-37fb5d2e4e09",
            "ticker": "KXHIGHNY-24DEC12-B37.5",
            "count": 120,
            "created_time": "2024-12-12T01:49:26.546979Z",
            "yes_price": 6,
            "no_price": 94,
            "taker_side": "yes"
        },
        {
            "trade_id": "2768efa8-8476-4929-8d3d-b7298dbcf43a",
            "ticker": "KXHIGHNY-24DEC12-B37.5",
            "count": 240,
            "created_time": "2024-12-12T01:49:26.546979Z",
            "yes_price": 7,
            "no_price": 93,
            "taker_side": "yes"
        },
        {
            "trade_id": "1f279a80-febb-4bb3-848b-4594ae0386da",
            "ticker": "KXHIGHNY-24DEC12-B37.5",
            "count": 80,
            "created_time": "2024-12-12T01:49:26.546979Z",
            "yes_price": 6,
            "no_price": 94,
            "taker_side": "yes"
        },
        {
            "trade_id": "cebd7066-1486-475c-b0c0-1f5000f90ffb",
            "ticker": "KXHIGHNY-24DEC12-B37.5",
            "count": 240,
            "created_time": "2024-12-12T01:49:10.298574Z",
            "yes_price": 5,
            "no_price": 95,
            "taker_side": "yes"
        },
        {
            "trade_id": "855599e1-44d5-45bb-b400-c6f4a51d6fe2",
            "ticker": "KXHIGHNY-24DEC12-B37.5",
            "count": 240,
            "created_time": "2024-12-12T01:49:10.298574Z",
            "yes_price": 4,
            "no_price": 96,
            "taker_side": "yes"
        },
        {
            "trade_id": "ff8a3cf3-924c-4016-b557-0dcfcc30bc8b",
            "ticker": "KXHIGHNY-24DEC12-B37.5",
            "count": 2000,
            "created_time": "2024-12-12T01:47:37.929127Z",
            "yes_price": 5,
            "no_price": 95,
            "taker_side": "yes"
        },
        {
            "trade_id": "c17557b8-9d57-4eca-911f-46c703c3a47c",
            "ticker": "KXHIGHNY-24DEC12-B37.5",
            "count": 160,
            "created_time": "2024-12-12T01:47:37.929127Z",
            "yes_price": 5,
            "no_price": 95,
            "taker_side": "yes"
        },
        {
            "trade_id": "31f68fff-d23f-4260-8d0a-475007b344d0",
            "ticker": "KXHIGHNY-24DEC12-B37.5",
            "count": 400,
            "created_time": "2024-12-12T01:47:37.929127Z",
            "yes_price": 4,
            "no_price": 96,
            "taker_side": "yes"
        },
        {
            "trade_id": "189b1696-fb38-41b6-b13d-857a97b786f3",
            "ticker": "KXHIGHNY-24DEC12-B37.5",
            "count": 70,
            "created_time": "2024-12-12T01:47:37.929127Z",
            "yes_price": 5,
            "no_price": 95,
            "taker_side": "yes"
        },
        {
            "trade_id": "04d795fd-26fc-483e-aecf-02a21e404b91",
            "ticker": "KXHIGHNY-24DEC12-B37.5",
            "count": 10,
            "created_time": "2024-12-12T01:47:37.929127Z",
            "yes_price": 5,
            "no_price": 95,
            "taker_side": "yes"
        },
        {
            "trade_id": "f696ffc1-ebe5-489c-9fcf-7eb6835b6c56",
            "ticker": "KXHIGHNY-24DEC12-B37.5",
            "count": 38,
            "created_time": "2024-12-12T01:46:08.517527Z",
            "yes_price": 3,
            "no_price": 97,
            "taker_side": "yes"
        },
        {
            "trade_id": "6150f76c-ccfe-4bf5-ae92-e6833e9e1a11",
            "ticker": "KXHIGHNY-24DEC12-B37.5",
            "count": 65,
            "created_time": "2024-12-12T01:46:08.517527Z",
            "yes_price": 4,
            "no_price": 96,
            "taker_side": "yes"
        },
        {
            "trade_id": "26f1997d-be77-4564-9483-5a6ddc32a1cb",
            "ticker": "KXHIGHNY-24DEC12-B37.5",
            "count": 15,
            "created_time": "2024-12-12T01:46:08.517527Z",
            "yes_price": 4,
            "no_price": 96,
            "taker_side": "yes"
        },
        {
            "trade_id": "0c8b555e-49be-4440-a4f5-1db1cb1dd73e",
            "ticker": "KXHIGHNY-24DEC12-B37.5",
            "count": 160,
            "created_time": "2024-12-12T01:46:08.517527Z",
            "yes_price": 4,
            "no_price": 96,
            "taker_side": "yes"
        },
        {
            "trade_id": "913047f0-993e-4ea5-a771-bd7c2098fdce",
            "ticker": "KXHIGHNY-24DEC12-B37.5",
            "count": 8,
            "created_time": "2024-12-12T01:45:34.531835Z",
            "yes_price": 1,
            "no_price": 99,
            "taker_side": "no"
        },
        {
            "trade_id": "d534037a-7411-493f-abe5-0e1d11d776b0",
            "ticker": "KXHIGHNY-24DEC12-B37.5",
            "count": 10,
            "created_time": "2024-12-12T01:24:56.543765Z",
            "yes_price": 1,
            "no_price": 99,
            "taker_side": "no"
        },
        {
            "trade_id": "1b0f0de2-7e52-451d-9851-c89a2ab18562",
            "ticker": "KXHIGHNY-24DEC12-B37.5",
            "count": 19,
            "created_time": "2024-12-12T01:10:54.653987Z",
            "yes_price": 1,
            "no_price": 99,
            "taker_side": "no"
        },
        {
            "trade_id": "9abb4aef-ca7e-439e-9c0d-8f19e1ba4a27",
            "ticker": "KXHIGHNY-24DEC12-B37.5",
            "count": 38,
            "created_time": "2024-12-12T01:09:51.484425Z",
            "yes_price": 1,
            "no_price": 99,
            "taker_side": "no"
        },
        {
            "trade_id": "c7e78980-2182-4a49-af2d-23b4d4a1abdc",
            "ticker": "KXHIGHNY-24DEC12-B37.5",
            "count": 3,
            "created_time": "2024-12-12T01:09:30.337477Z",
            "yes_price": 1,
            "no_price": 99,
            "taker_side": "no"
        },
        {
            "trade_id": "d820cb89-2979-4f44-b136-ad5c72de63e4",
            "ticker": "KXHIGHNY-24DEC12-B37.5",
            "count": 60,
            "created_time": "2024-12-12T01:06:21.13983Z",
            "yes_price": 1,
            "no_price": 99,
            "taker_side": "no"
        },
        {
            "trade_id": "8893e563-97ca-4511-8e63-43baa68245da",
            "ticker": "KXHIGHNY-24DEC12-B37.5",
            "count": 83,
            "created_time": "2024-12-12T00:56:48.196466Z",
            "yes_price": 1,
            "no_price": 99,
            "taker_side": "no"
        },
        {
            "trade_id": "53bff2e5-5d70-4886-8218-d6a5ea6fb573",
            "ticker": "KXHIGHNY-24DEC12-B37.5",
            "count": 83,
            "created_time": "2024-12-12T00:56:48.191406Z",
            "yes_price": 1,
            "no_price": 99,
            "taker_side": "no"
        },
        {
            "trade_id": "cfbbae86-e210-4827-ac49-c0cb8066056d",
            "ticker": "KXHIGHNY-24DEC12-B37.5",
            "count": 35,
            "created_time": "2024-12-12T00:53:19.036639Z",
            "yes_price": 1,
            "no_price": 99,
            "taker_side": "no"
        },
        {
            "trade_id": "8aa129cc-133e-40ed-b7a1-941cf430f077",
            "ticker": "KXHIGHNY-24DEC12-B37.5",
            "count": 73,
            "created_time": "2024-12-12T00:51:03.667116Z",
            "yes_price": 1,
            "no_price": 99,
            "taker_side": "no"
        },
        {
            "trade_id": "7c3c9c12-fcf8-4059-9b6d-9a0e81527885",
            "ticker": "KXHIGHNY-24DEC12-B37.5",
            "count": 10,
            "created_time": "2024-12-12T00:22:42.448035Z",
            "yes_price": 1,
            "no_price": 99,
            "taker_side": "no"
        },
        {
            "trade_id": "20c69284-b06f-43a2-b8f4-65a5c6f2eb4b",
            "ticker": "KXHIGHNY-24DEC12-B37.5",
            "count": 10,
            "created_time": "2024-12-12T00:22:33.772853Z",
            "yes_price": 1,
            "no_price": 99,
            "taker_side": "yes"
        },
        {
            "trade_id": "1a8389c1-8de6-4c01-b97a-d047de71c131",
            "ticker": "KXHIGHNY-24DEC12-B37.5",
            "count": 50,
            "created_time": "2024-12-12T00:01:03.060027Z",
            "yes_price": 1,
            "no_price": 99,
            "taker_side": "no"
        },
        {
            "trade_id": "1c62182f-afa1-4140-8380-3b0daaa43607",
            "ticker": "KXHIGHNY-24DEC12-B37.5",
            "count": 10,
            "created_time": "2024-12-11T23:56:57.842353Z",
            "yes_price": 1,
            "no_price": 99,
            "taker_side": "yes"
        },
        {
            "trade_id": "bb74b49b-7888-4ef7-8eff-07c79dd3dbb9",
            "ticker": "KXHIGHNY-24DEC12-B37.5",
            "count": 200,
            "created_time": "2024-12-11T23:46:38.65475Z",
            "yes_price": 1,
            "no_price": 99,
            "taker_side": "no"
        },
        {
            "trade_id": "d31464df-b735-4ef0-b145-db672a8546e2",
            "ticker": "KXHIGHNY-24DEC12-B37.5",
            "count": 31,
            "created_time": "2024-12-11T23:38:36.82687Z",
            "yes_price": 3,
            "no_price": 97,
            "taker_side": "yes"
        },
        {
            "trade_id": "c9f88b8a-3dc3-4ea0-b761-7a07397850e0",
            "ticker": "KXHIGHNY-24DEC12-B37.5",
            "count": 10,
            "created_time": "2024-12-11T23:23:55.956251Z",
            "yes_price": 1,
            "no_price": 99,
            "taker_side": "no"
        },
        {
            "trade_id": "c20c4bcb-2aba-4b2a-88c7-271647b2befa",
            "ticker": "KXHIGHNY-24DEC12-B37.5",
            "count": 290,
            "created_time": "2024-12-11T23:23:45.774105Z",
            "yes_price": 1,
            "no_price": 99,
            "taker_side": "no"
        },
        {
            "trade_id": "794442d3-436d-4842-ad23-cd51e8f49dd8",
            "ticker": "KXHIGHNY-24DEC12-B37.5",
            "count": 15,
            "created_time": "2024-12-11T23:01:18.611893Z",
            "yes_price": 4,
            "no_price": 96,
            "taker_side": "yes"
        },
        {
            "trade_id": "4a5accab-5548-4096-97b8-59c8fc14cc6d",
            "ticker": "KXHIGHNY-24DEC12-B37.5",
            "count": 10,
            "created_time": "2024-12-11T23:01:18.611893Z",
            "yes_price": 3,
            "no_price": 97,
            "taker_side": "yes"
        },
        {
            "trade_id": "95e604ac-6c3d-4f1c-ba3f-8c69ae21f4d1",
            "ticker": "KXHIGHNY-24DEC12-B37.5",
            "count": 10,
            "created_time": "2024-12-11T22:52:35.93398Z",
            "yes_price": 2,
            "no_price": 98,
            "taker_side": "yes"
        },
        {
            "trade_id": "604a8a8c-f717-411c-b57f-ad1635ec3320",
            "ticker": "KXHIGHNY-24DEC12-B37.5",
            "count": 134,
            "created_time": "2024-12-11T22:52:29.235563Z",
            "yes_price": 1,
            "no_price": 99,
            "taker_side": "yes"
        },
        {
            "trade_id": "b13c4af6-59c1-4924-8fd6-74b2d6a106fc",
            "ticker": "KXHIGHNY-24DEC12-B37.5",
            "count": 23,
            "created_time": "2024-12-11T22:44:13.838265Z",
            "yes_price": 1,
            "no_price": 99,
            "taker_side": "yes"
        },
        {
            "trade_id": "b1376bd4-4423-4bf7-9560-4298828a8c0d",
            "ticker": "KXHIGHNY-24DEC12-B37.5",
            "count": 93,
            "created_time": "2024-12-11T20:25:56.635527Z",
            "yes_price": 1,
            "no_price": 99,
            "taker_side": "yes"
        },
        {
            "trade_id": "fba374a0-fbbc-445d-b77a-4573315c7584",
            "ticker": "KXHIGHNY-24DEC12-B37.5",
            "count": 151,
            "created_time": "2024-12-11T19:03:35.905254Z",
            "yes_price": 3,
            "no_price": 97,
            "taker_side": "yes"
        },
        {
            "trade_id": "b7dbb0c2-b658-4f9b-a830-d737a5a203d3",
            "ticker": "KXHIGHNY-24DEC12-B37.5",
            "count": 200,
            "created_time": "2024-12-11T19:03:35.905254Z",
            "yes_price": 4,
            "no_price": 96,
            "taker_side": "yes"
        },
        {
            "trade_id": "9b46e7ec-d0a3-426c-b8fe-764879c69c57",
            "ticker": "KXHIGHNY-24DEC12-B37.5",
            "count": 175,
            "created_time": "2024-12-11T19:03:35.905254Z",
            "yes_price": 1,
            "no_price": 99,
            "taker_side": "yes"
        },
        {
            "trade_id": "8b297525-901f-44bb-8ee3-f7fa8a5c6c48",
            "ticker": "KXHIGHNY-24DEC12-B37.5",
            "count": 400,
            "created_time": "2024-12-11T19:03:35.905254Z",
            "yes_price": 1,
            "no_price": 99,
            "taker_side": "yes"
        },
        {
            "trade_id": "83d725b1-964a-47c5-bd18-d96d7f304b38",
            "ticker": "KXHIGHNY-24DEC12-B37.5",
            "count": 70,
            "created_time": "2024-12-11T19:03:35.905254Z",
            "yes_price": 5,
            "no_price": 95,
            "taker_side": "yes"
        },
        {
            "trade_id": "320bd4d9-1e74-4fab-96d3-da4069f21a6e",
            "ticker": "KXHIGHNY-24DEC12-B37.5",
            "count": 40,
            "created_time": "2024-12-11T19:03:35.905254Z",
            "yes_price": 4,
            "no_price": 96,
            "taker_side": "yes"
        },
        {
            "trade_id": "79dfc62a-4040-4891-aeed-635546e0fb26",
            "ticker": "KXHIGHNY-24DEC12-B37.5",
            "count": 10,
            "created_time": "2024-12-11T17:55:29.83108Z",
            "yes_price": 1,
            "no_price": 99,
            "taker_side": "no"
        },
        {
            "trade_id": "32e771d4-fe18-4092-b566-700dde96f63c",
            "ticker": "KXHIGHNY-24DEC12-B37.5",
            "count": 25,
            "created_time": "2024-12-11T17:53:19.966045Z",
            "yes_price": 1,
            "no_price": 99,
            "taker_side": "no"
        },
        {
            "trade_id": "83ebd973-db7a-43b9-a180-e92d7287f66d",
            "ticker": "KXHIGHNY-24DEC12-B37.5",
            "count": 15,
            "created_time": "2024-12-11T17:18:36.240086Z",
            "yes_price": 1,
            "no_price": 99,
            "taker_side": "no"
        },
        {
            "trade_id": "b609a1eb-83e3-4089-b989-ccdbbfd6d3d5",
            "ticker": "KXHIGHNY-24DEC12-B37.5",
            "count": 20,
            "created_time": "2024-12-11T17:18:36.092152Z",
            "yes_price": 1,
            "no_price": 99,
            "taker_side": "no"
        },
        {
            "trade_id": "62368aca-eca8-4956-ac7f-b01d3cf23acc",
            "ticker": "KXHIGHNY-24DEC12-B37.5",
            "count": 10,
            "created_time": "2024-12-11T17:18:36.092152Z",
            "yes_price": 1,
            "no_price": 99,
            "taker_side": "no"
        },
        {
            "trade_id": "e419cec7-6711-43d7-a201-1d4305297e3c",
            "ticker": "KXHIGHNY-24DEC12-B37.5",
            "count": 30,
            "created_time": "2024-12-11T17:18:35.806046Z",
            "yes_price": 1,
            "no_price": 99,
            "taker_side": "no"
        }
    ],
    "KXHIGHNY-24DEC12-B39.5": [
        {
            "trade_id": "9f2397a8-707b-437f-8b62-adca523bcb11",
            "ticker": "KXHIGHNY-24DEC12-B39.5",
            "count": 34,
            "created_time": "2024-12-12T23:32:24.401404Z",
            "yes_price": 1,
            "no_price": 99,
            "taker_side": "yes"
        },
        {
            "trade_id": "b498b74b-be26-477b-a8f0-2f81212880a0",
            "ticker": "KXHIGHNY-24DEC12-B39.5",
            "count": 187,
            "created_time": "2024-12-12T21:32:47.834169Z",
            "yes_price": 1,
            "no_price": 99,
            "taker_side": "yes"
        },
        {
            "trade_id": "82364b25-774c-4c90-b920-497a5672f0a4",
            "ticker": "KXHIGHNY-24DEC12-B39.5",
            "count": 280,
            "created_time": "2024-12-12T20:04:20.039183Z",
            "yes_price": 1,
            "no_price": 99,
            "taker_side": "yes"
        },
        {
            "trade_id": "c8d8cf7d-8521-42d8-b5ba-51fc9b0c0c79",
            "ticker": "KXHIGHNY-24DEC12-B39.5",
            "count": 83,
            "created_time": "2024-12-12T19:54:36.116945Z",
            "yes_price": 1,
            "no_price": 99,
            "taker_side": "yes"
        },
        {
            "trade_id": "08305ae6-0b13-49a8-915f-6e0f2313e94c",
            "ticker": "KXHIGHNY-24DEC12-B39.5",
            "count": 93,
            "created_time": "2024-12-12T19:27:31.762138Z",
            "yes_price": 1,
            "no_price": 99,
            "taker_side": "yes"
        },
        {
            "trade_id": "4554dc7c-2e4c-42f8-a432-e7b22e08066f",
            "ticker": "KXHIGHNY-24DEC12-B39.5",
            "count": 93,
            "created_time": "2024-12-12T18:56:22.967259Z",
            "yes_price": 1,
            "no_price": 99,
            "taker_side": "yes"
        },
        {
            "trade_id": "a84f8adf-7c6c-47eb-9b53-bb65c07512d4",
            "ticker": "KXHIGHNY-24DEC12-B39.5",
            "count": 9351,
            "created_time": "2024-12-12T18:49:05.89488Z",
            "yes_price": 1,
            "no_price": 99,
            "taker_side": "yes"
        },
        {
            "trade_id": "aec94740-9650-403c-9ed1-b9193a645ece",
            "ticker": "KXHIGHNY-24DEC12-B39.5",
            "count": 623,
            "created_time": "2024-12-12T18:15:22.4109Z",
            "yes_price": 1,
            "no_price": 99,
            "taker_side": "yes"
        },
        {
            "trade_id": "1dcc8138-cec9-449d-b133-2c5b763771ef",
            "ticker": "KXHIGHNY-24DEC12-B39.5",
            "count": 935,
            "created_time": "2024-12-12T17:47:49.77006Z",
            "yes_price": 1,
            "no_price": 99,
            "taker_side": "yes"
        },
        {
            "trade_id": "97acbe3f-b296-42c4-b774-e89b8322a5fd",
            "ticker": "KXHIGHNY-24DEC12-B39.5",
            "count": 6000,
            "created_time": "2024-12-12T17:44:45.185088Z",
            "yes_price": 1,
            "no_price": 99,
            "taker_side": "yes"
        },
        {
            "trade_id": "1072d650-4563-409f-85e3-1f736e95ad05",
            "ticker": "KXHIGHNY-24DEC12-B39.5",
            "count": 187,
            "created_time": "2024-12-12T17:35:52.226439Z",
            "yes_price": 1,
            "no_price": 99,
            "taker_side": "yes"
        },
        {
            "trade_id": "7d64c1f6-0fae-4563-b236-695d118ab42a",
            "ticker": "KXHIGHNY-24DEC12-B39.5",
            "count": 3740,
            "created_time": "2024-12-12T17:21:32.884913Z",
            "yes_price": 1,
            "no_price": 99,
            "taker_side": "yes"
        },
        {
            "trade_id": "0d2ffe95-4ae2-4a61-81dd-fbb544b4545e",
            "ticker": "KXHIGHNY-24DEC12-B39.5",
            "count": 1870,
            "created_time": "2024-12-12T16:35:18.48045Z",
            "yes_price": 1,
            "no_price": 99,
            "taker_side": "yes"
        },
        {
            "trade_id": "da3e17fc-cb58-4d5d-b075-e5ac4f2a1fec",
            "ticker": "KXHIGHNY-24DEC12-B39.5",
            "count": 127,
            "created_time": "2024-12-12T16:32:47.624385Z",
            "yes_price": 1,
            "no_price": 99,
            "taker_side": "yes"
        },
        {
            "trade_id": "c81a2c6d-6219-42ee-9494-f5f97fe910da",
            "ticker": "KXHIGHNY-24DEC12-B39.5",
            "count": 935,
            "created_time": "2024-12-12T16:21:03.191351Z",
            "yes_price": 1,
            "no_price": 99,
            "taker_side": "yes"
        },
        {
            "trade_id": "7db126f8-fc1e-49ee-8e96-368876b453ae",
            "ticker": "KXHIGHNY-24DEC12-B39.5",
            "count": 200,
            "created_time": "2024-12-12T15:48:07.152849Z",
            "yes_price": 1,
            "no_price": 99,
            "taker_side": "yes"
        },
        {
            "trade_id": "43e69e2e-db0e-4c6e-b766-a5135f7516e2",
            "ticker": "KXHIGHNY-24DEC12-B39.5",
            "count": 9351,
            "created_time": "2024-12-12T15:37:41.409347Z",
            "yes_price": 1,
            "no_price": 99,
            "taker_side": "yes"
        },
        {
            "trade_id": "3e4631c6-6e99-4bea-a491-fc6ed949293a",
            "ticker": "KXHIGHNY-24DEC12-B39.5",
            "count": 2000,
            "created_time": "2024-12-12T15:33:07.145137Z",
            "yes_price": 1,
            "no_price": 99,
            "taker_side": "yes"
        },
        {
            "trade_id": "bf14fe5b-04f7-4b66-ad7a-86b20f31ac4a",
            "ticker": "KXHIGHNY-24DEC12-B39.5",
            "count": 1000,
            "created_time": "2024-12-12T15:32:33.434862Z",
            "yes_price": 1,
            "no_price": 99,
            "taker_side": "yes"
        },
        {
            "trade_id": "af911067-20e9-4d67-a5ea-0107d4a23c70",
            "ticker": "KXHIGHNY-24DEC12-B39.5",
            "count": 374,
            "created_time": "2024-12-12T15:18:16.923245Z",
            "yes_price": 1,
            "no_price": 99,
            "taker_side": "yes"
        },
        {
            "trade_id": "5d15b5a3-f194-4ac5-aaef-64b3fae9cc80",
            "ticker": "KXHIGHNY-24DEC12-B39.5",
            "count": 187,
            "created_time": "2024-12-12T15:04:18.511825Z",
            "yes_price": 1,
            "no_price": 99,
            "taker_side": "yes"
        },
        {
            "trade_id": "4b61bc38-bfb1-4e3e-a8ec-bf47a2ba3cda",
            "ticker": "KXHIGHNY-24DEC12-B39.5",
            "count": 100,
            "created_time": "2024-12-12T15:00:04.453375Z",
            "yes_price": 1,
            "no_price": 99,
            "taker_side": "yes"
        },
        {
            "trade_id": "46fa0ed9-9629-4fb8-8c79-eebc790a40c6",
            "ticker": "KXHIGHNY-24DEC12-B39.5",
            "count": 374,
            "created_time": "2024-12-12T14:50:29.793207Z",
            "yes_price": 1,
            "no_price": 99,
            "taker_side": "yes"
        },
        {
            "trade_id": "8f794d0c-0569-48ea-8f4e-bafb07b49e10",
            "ticker": "KXHIGHNY-24DEC12-B39.5",
            "count": 467,
            "created_time": "2024-12-12T14:50:05.927629Z",
            "yes_price": 1,
            "no_price": 99,
            "taker_side": "yes"
        },
        {
            "trade_id": "c8cb421d-204b-45ce-8e8c-fbf022e34eb5",
            "ticker": "KXHIGHNY-24DEC12-B39.5",
            "count": 500,
            "created_time": "2024-12-12T14:35:07.003978Z",
            "yes_price": 1,
            "no_price": 99,
            "taker_side": "yes"
        },
        {
            "trade_id": "25ae1619-c467-463c-aec0-219e59956cd4",
            "ticker": "KXHIGHNY-24DEC12-B39.5",
            "count": 280,
            "created_time": "2024-12-12T14:31:20.295834Z",
            "yes_price": 1,
            "no_price": 99,
            "taker_side": "yes"
        },
        {
            "trade_id": "bcdf42cc-aa2a-494f-9d36-eb40cc95018d",
            "ticker": "KXHIGHNY-24DEC12-B39.5",
            "count": 9351,
            "created_time": "2024-12-12T14:17:55.220332Z",
            "yes_price": 1,
            "no_price": 99,
            "taker_side": "yes"
        },
        {
            "trade_id": "17af0b23-dc09-4d86-adf7-3077408a9aa3",
            "ticker": "KXHIGHNY-24DEC12-B39.5",
            "count": 467,
            "created_time": "2024-12-12T13:43:09.278307Z",
            "yes_price": 1,
            "no_price": 99,
            "taker_side": "yes"
        },
        {
            "trade_id": "d84dcd37-ead1-4c08-82f4-836a8e6eba9d",
            "ticker": "KXHIGHNY-24DEC12-B39.5",
            "count": 935,
            "created_time": "2024-12-12T13:29:37.145532Z",
            "yes_price": 1,
            "no_price": 99,
            "taker_side": "yes"
        },
        {
            "trade_id": "59691ba6-d2de-4e02-90cc-52e71b932bad",
            "ticker": "KXHIGHNY-24DEC12-B39.5",
            "count": 1000,
            "created_time": "2024-12-12T13:26:50.649314Z",
            "yes_price": 1,
            "no_price": 99,
            "taker_side": "yes"
        },
        {
            "trade_id": "60ef2cb4-b314-46f8-a09b-ff1beebda73e",
            "ticker": "KXHIGHNY-24DEC12-B39.5",
            "count": 20,
            "created_time": "2024-12-12T13:26:47.78195Z",
            "yes_price": 1,
            "no_price": 99,
            "taker_side": "yes"
        },
        {
            "trade_id": "1e1c6731-241d-4737-b21a-bf0e5785eeca",
            "ticker": "KXHIGHNY-24DEC12-B39.5",
            "count": 467,
            "created_time": "2024-12-12T13:11:56.977167Z",
            "yes_price": 1,
            "no_price": 99,
            "taker_side": "yes"
        },
        {
            "trade_id": "f7e0a911-0bb8-40f5-97a0-ab67ef37a51b",
            "ticker": "KXHIGHNY-24DEC12-B39.5",
            "count": 2337,
            "created_time": "2024-12-12T13:02:56.332393Z",
            "yes_price": 1,
            "no_price": 99,
            "taker_side": "yes"
        },
        {
            "trade_id": "70fe2306-cbde-43ab-8467-0226caae21be",
            "ticker": "KXHIGHNY-24DEC12-B39.5",
            "count": 467,
            "created_time": "2024-12-12T13:00:41.7749Z",
            "yes_price": 1,
            "no_price": 99,
            "taker_side": "yes"
        },
        {
            "trade_id": "663645de-fb78-4dc8-b91a-cb801c1778d9",
            "ticker": "KXHIGHNY-24DEC12-B39.5",
            "count": 93,
            "created_time": "2024-12-12T07:26:37.702088Z",
            "yes_price": 1,
            "no_price": 99,
            "taker_side": "yes"
        },
        {
            "trade_id": "f37e3eae-759c-4426-94dd-dc20548fdfbb",
            "ticker": "KXHIGHNY-24DEC12-B39.5",
            "count": 1870,
            "created_time": "2024-12-12T07:19:34.662061Z",
            "yes_price": 1,
            "no_price": 99,
            "taker_side": "yes"
        },
        {
            "trade_id": "32f72178-af6b-4617-b27c-2fa24b6d6e40",
            "ticker": "KXHIGHNY-24DEC12-B39.5",
            "count": 187,
            "created_time": "2024-12-12T07:17:06.16887Z",
            "yes_price": 1,
            "no_price": 99,
            "taker_side": "yes"
        },
        {
            "trade_id": "09f7c4e7-2b14-4f1c-9b0c-1f3b51d17217",
            "ticker": "KXHIGHNY-24DEC12-B39.5",
            "count": 467,
            "created_time": "2024-12-12T06:21:18.303954Z",
            "yes_price": 1,
            "no_price": 99,
            "taker_side": "yes"
        },
        {
            "trade_id": "cdb3f03f-c50f-4b93-a69d-0872ace9abc4",
            "ticker": "KXHIGHNY-24DEC12-B39.5",
            "count": 2337,
            "created_time": "2024-12-12T06:17:25.343777Z",
            "yes_price": 1,
            "no_price": 99,
            "taker_side": "yes"
        },
        {
            "trade_id": "d89602eb-fd0b-43d6-be02-ac14d161081d",
            "ticker": "KXHIGHNY-24DEC12-B39.5",
            "count": 48,
            "created_time": "2024-12-12T05:56:53.818151Z",
            "yes_price": 1,
            "no_price": 99,
            "taker_side": "yes"
        },
        {
            "trade_id": "c2e7b056-2490-4ec8-a680-32d652305df5",
            "ticker": "KXHIGHNY-24DEC12-B39.5",
            "count": 23331,
            "created_time": "2024-12-12T05:56:53.818151Z",
            "yes_price": 1,
            "no_price": 99,
            "taker_side": "yes"
        },
        {
            "trade_id": "11419409-df3f-4307-8bc4-aa29b1e95940",
            "ticker": "KXHIGHNY-24DEC12-B39.5",
            "count": 40,
            "created_time": "2024-12-12T05:56:32.804069Z",
            "yes_price": 1,
            "no_price": 99,
            "taker_side": "yes"
        },
        {
            "trade_id": "d9eaa6e2-8c19-47ba-a843-923781c2964f",
            "ticker": "KXHIGHNY-24DEC12-B39.5",
            "count": 6,
            "created_time": "2024-12-12T05:50:28.434881Z",
            "yes_price": 4,
            "no_price": 96,
            "taker_side": "yes"
        },
        {
            "trade_id": "9022f529-750e-40aa-b7ab-82b0924f4979",
            "ticker": "KXHIGHNY-24DEC12-B39.5",
            "count": 500,
            "created_time": "2024-12-12T05:49:29.898003Z",
            "yes_price": 2,
            "no_price": 98,
            "taker_side": "yes"
        },
        {
            "trade_id": "841458cc-c4e0-4880-b74d-243550701906",
            "ticker": "KXHIGHNY-24DEC12-B39.5",
            "count": 3863,
            "created_time": "2024-12-12T05:49:29.898003Z",
            "yes_price": 3,
            "no_price": 97,
            "taker_side": "yes"
        },
        {
            "trade_id": "2cdca5f5-ee58-45b4-8c0c-ef1be06f1fcf",
            "ticker": "KXHIGHNY-24DEC12-B39.5",
            "count": 2111,
            "created_time": "2024-12-12T05:49:29.898003Z",
            "yes_price": 5,
            "no_price": 95,
            "taker_side": "yes"
        },
        {
            "trade_id": "22d06306-07e9-41b5-b441-d9a41b14502b",
            "ticker": "KXHIGHNY-24DEC12-B39.5",
            "count": 69,
            "created_time": "2024-12-12T05:49:29.898003Z",
            "yes_price": 4,
            "no_price": 96,
            "taker_side": "yes"
        },
        {
            "trade_id": "e07a9c2a-3af2-4f9d-b773-a9d358466e1d",
            "ticker": "KXHIGHNY-24DEC12-B39.5",
            "count": 2000,
            "created_time": "2024-12-12T05:41:29.16178Z",
            "yes_price": 2,
            "no_price": 98,
            "taker_side": "yes"
        },
        {
            "trade_id": "b6951a05-caec-4b78-97ab-a72482123161",
            "ticker": "KXHIGHNY-24DEC12-B39.5",
            "count": 4,
            "created_time": "2024-12-12T05:41:29.16178Z",
            "yes_price": 2,
            "no_price": 98,
            "taker_side": "yes"
        },
        {
            "trade_id": "b0503552-687e-4356-9076-72865123b9ca",
            "ticker": "KXHIGHNY-24DEC12-B39.5",
            "count": 4,
            "created_time": "2024-12-12T05:41:29.16178Z",
            "yes_price": 2,
            "no_price": 98,
            "taker_side": "yes"
        },
        {
            "trade_id": "6bb0570e-45c5-42f0-8669-039fa50b634a",
            "ticker": "KXHIGHNY-24DEC12-B39.5",
            "count": 931,
            "created_time": "2024-12-12T05:41:29.16178Z",
            "yes_price": 1,
            "no_price": 99,
            "taker_side": "yes"
        },
        {
            "trade_id": "3ec93ffd-f31e-411f-9acc-1131af76d7fb",
            "ticker": "KXHIGHNY-24DEC12-B39.5",
            "count": 4,
            "created_time": "2024-12-12T05:41:29.16178Z",
            "yes_price": 2,
            "no_price": 98,
            "taker_side": "yes"
        },
        {
            "trade_id": "01d47bbc-e0a5-48e4-9ecb-21226431263d",
            "ticker": "KXHIGHNY-24DEC12-B39.5",
            "count": 6137,
            "created_time": "2024-12-12T05:41:29.16178Z",
            "yes_price": 3,
            "no_price": 97,
            "taker_side": "yes"
        },
        {
            "trade_id": "2fcde344-fafb-4365-95d0-39a84c09752c",
            "ticker": "KXHIGHNY-24DEC12-B39.5",
            "count": 69,
            "created_time": "2024-12-12T05:40:24.914537Z",
            "yes_price": 1,
            "no_price": 99,
            "taker_side": "yes"
        },
        {
            "trade_id": "1cbe6f83-0f41-4824-8eeb-8a0ced41b4fd",
            "ticker": "KXHIGHNY-24DEC12-B39.5",
            "count": 1,
            "created_time": "2024-12-12T05:40:24.914537Z",
            "yes_price": 1,
            "no_price": 99,
            "taker_side": "yes"
        },
        {
            "trade_id": "76ecdee2-577c-4179-bac8-9d9b32f5681b",
            "ticker": "KXHIGHNY-24DEC12-B39.5",
            "count": 367,
            "created_time": "2024-12-12T05:32:49.746565Z",
            "yes_price": 1,
            "no_price": 99,
            "taker_side": "yes"
        },
        {
            "trade_id": "c37125b4-ea7f-4237-b572-8b65098edc0d",
            "ticker": "KXHIGHNY-24DEC12-B39.5",
            "count": 1633,
            "created_time": "2024-12-12T05:32:05.644026Z",
            "yes_price": 1,
            "no_price": 99,
            "taker_side": "yes"
        },
        {
            "trade_id": "6de3df30-54f4-4496-9980-c9670e534a1d",
            "ticker": "KXHIGHNY-24DEC12-B39.5",
            "count": 5,
            "created_time": "2024-12-12T05:32:05.644026Z",
            "yes_price": 1,
            "no_price": 99,
            "taker_side": "yes"
        },
        {
            "trade_id": "0ddb7d53-03f0-4887-870b-130179f513a9",
            "ticker": "KXHIGHNY-24DEC12-B39.5",
            "count": 69,
            "created_time": "2024-12-12T05:32:05.644026Z",
            "yes_price": 1,
            "no_price": 99,
            "taker_side": "yes"
        },
        {
            "trade_id": "0c0d60ca-7fd9-45c3-9014-7c5a97631b11",
            "ticker": "KXHIGHNY-24DEC12-B39.5",
            "count": 1000,
            "created_time": "2024-12-12T05:32:05.644026Z",
            "yes_price": 1,
            "no_price": 99,
            "taker_side": "yes"
        },
        {
            "trade_id": "bb0b422c-47b0-4058-91a8-c5798bc4f299",
            "ticker": "KXHIGHNY-24DEC12-B39.5",
            "count": 374,
            "created_time": "2024-12-12T05:20:30.277628Z",
            "yes_price": 1,
            "no_price": 99,
            "taker_side": "yes"
        },
        {
            "trade_id": "cf542b4a-5ead-47ce-9a30-2740527783f3",
            "ticker": "KXHIGHNY-24DEC12-B39.5",
            "count": 935,
            "created_time": "2024-12-12T05:13:16.025273Z",
            "yes_price": 1,
            "no_price": 99,
            "taker_side": "yes"
        },
        {
            "trade_id": "1182732d-6314-4ac0-a9bd-99b1c4c7ad9c",
            "ticker": "KXHIGHNY-24DEC12-B39.5",
            "count": 467,
            "created_time": "2024-12-12T05:02:38.178141Z",
            "yes_price": 1,
            "no_price": 99,
            "taker_side": "yes"
        },
        {
            "trade_id": "76424abc-e68f-476e-a176-fab61466e9dc",
            "ticker": "KXHIGHNY-24DEC12-B39.5",
            "count": 737,
            "created_time": "2024-12-12T05:02:14.013284Z",
            "yes_price": 1,
            "no_price": 99,
            "taker_side": "yes"
        },
        {
            "trade_id": "64a4d05b-764a-418d-82ca-6c9638cdcd24",
            "ticker": "KXHIGHNY-24DEC12-B39.5",
            "count": 931,
            "created_time": "2024-12-12T05:02:14.013284Z",
            "yes_price": 1,
            "no_price": 99,
            "taker_side": "yes"
        },
        {
            "trade_id": "36ae74ef-309f-43cc-9567-f9cf255efc6e",
            "ticker": "KXHIGHNY-24DEC12-B39.5",
            "count": 200,
            "created_time": "2024-12-12T05:02:14.013284Z",
            "yes_price": 1,
            "no_price": 99,
            "taker_side": "yes"
        },
        {
            "trade_id": "8b001cfa-b2a1-41c9-9ba8-83192d14414d",
            "ticker": "KXHIGHNY-24DEC12-B39.5",
            "count": 93,
            "created_time": "2024-12-12T05:01:20.368295Z",
            "yes_price": 1,
            "no_price": 99,
            "taker_side": "yes"
        },
        {
            "trade_id": "ddca91da-9ae6-471b-be7f-0358a228815a",
            "ticker": "KXHIGHNY-24DEC12-B39.5",
            "count": 197,
            "created_time": "2024-12-12T05:01:19.98955Z",
            "yes_price": 1,
            "no_price": 99,
            "taker_side": "yes"
        },
        {
            "trade_id": "724594dc-f927-4ff4-b7e2-d9116f6e1916",
            "ticker": "KXHIGHNY-24DEC12-B39.5",
            "count": 270,
            "created_time": "2024-12-12T05:01:19.98955Z",
            "yes_price": 1,
            "no_price": 99,
            "taker_side": "yes"
        },
        {
            "trade_id": "c6263eff-408b-4338-ab7d-12f5b210108d",
            "ticker": "KXHIGHNY-24DEC12-B39.5",
            "count": 277,
            "created_time": "2024-12-12T04:58:17.209056Z",
            "yes_price": 1,
            "no_price": 99,
            "taker_side": "yes"
        },
        {
            "trade_id": "82040e88-f394-41dd-90b4-92da5eb0fca1",
            "ticker": "KXHIGHNY-24DEC12-B39.5",
            "count": 100,
            "created_time": "2024-12-12T04:57:27.393495Z",
            "yes_price": 1,
            "no_price": 99,
            "taker_side": "yes"
        },
        {
            "trade_id": "63616dd2-770f-4bab-a0f9-ebc405fd1450",
            "ticker": "KXHIGHNY-24DEC12-B39.5",
            "count": 160,
            "created_time": "2024-12-12T04:57:13.118695Z",
            "yes_price": 1,
            "no_price": 99,
            "taker_side": "yes"
        },
        {
            "trade_id": "29f4fc19-b3e7-4ea3-b00f-15526360f439",
            "ticker": "KXHIGHNY-24DEC12-B39.5",
            "count": 100,
            "created_time": "2024-12-12T04:57:03.048206Z",
            "yes_price": 1,
            "no_price": 99,
            "taker_side": "yes"
        },
        {
            "trade_id": "60576567-9de6-44a1-a577-2a3e84bcea24",
            "ticker": "KXHIGHNY-24DEC12-B39.5",
            "count": 93,
            "created_time": "2024-12-12T04:56:41.43055Z",
            "yes_price": 1,
            "no_price": 99,
            "taker_side": "yes"
        },
        {
            "trade_id": "bb889ac4-ffd7-4668-ae84-203f74cf71bf",
            "ticker": "KXHIGHNY-24DEC12-B39.5",
            "count": 2050,
            "created_time": "2024-12-12T04:55:23.571323Z",
            "yes_price": 1,
            "no_price": 99,
            "taker_side": "no"
        },
        {
            "trade_id": "b35fc627-507c-4fe0-9ec9-9a8a71600ff5",
            "ticker": "KXHIGHNY-24DEC12-B39.5",
            "count": 12451,
            "created_time": "2024-12-12T04:55:23.571323Z",
            "yes_price": 1,
            "no_price": 99,
            "taker_side": "no"
        },
        {
            "trade_id": "e40aadf1-4b1b-49ed-bb48-8afc4bc2c74e",
            "ticker": "KXHIGHNY-24DEC12-B39.5",
            "count": 15,
            "created_time": "2024-12-12T04:55:11.72245Z",
            "yes_price": 2,
            "no_price": 98,
            "taker_side": "no"
        },
        {
            "trade_id": "affa5033-94d4-4e29-afb0-225eec04d247",
            "ticker": "KXHIGHNY-24DEC12-B39.5",
            "count": 53,
            "created_time": "2024-12-12T04:53:15.782926Z",
            "yes_price": 5,
            "no_price": 95,
            "taker_side": "yes"
        },
        {
            "trade_id": "4e72b44d-7ddf-458a-8624-98cfcff48d58",
            "ticker": "KXHIGHNY-24DEC12-B39.5",
            "count": 49,
            "created_time": "2024-12-12T04:53:15.782926Z",
            "yes_price": 4,
            "no_price": 96,
            "taker_side": "yes"
        },
        {
            "trade_id": "4bf8c492-af7a-4125-ab50-9755fe8cbb08",
            "ticker": "KXHIGHNY-24DEC12-B39.5",
            "count": 79,
            "created_time": "2024-12-12T04:53:15.782926Z",
            "yes_price": 6,
            "no_price": 94,
            "taker_side": "yes"
        },
        {
            "trade_id": "2235f94b-7cb0-482d-839f-959b0cd26473",
            "ticker": "KXHIGHNY-24DEC12-B39.5",
            "count": 1500,
            "created_time": "2024-12-12T04:53:11.169248Z",
            "yes_price": 1,
            "no_price": 99,
            "taker_side": "no"
        },
        {
            "trade_id": "1bf51f45-a898-4238-a99d-175b3739f34d",
            "ticker": "KXHIGHNY-24DEC12-B39.5",
            "count": 37,
            "created_time": "2024-12-12T04:52:41.989058Z",
            "yes_price": 5,
            "no_price": 95,
            "taker_side": "yes"
        },
        {
            "trade_id": "df9f2004-a0a9-41b6-be98-cb17e5fffb41",
            "ticker": "KXHIGHNY-24DEC12-B39.5",
            "count": 5,
            "created_time": "2024-12-12T04:52:32.935757Z",
            "yes_price": 2,
            "no_price": 98,
            "taker_side": "yes"
        },
        {
            "trade_id": "817e9a63-0f00-4ce4-a059-b249a6b14ffd",
            "ticker": "KXHIGHNY-24DEC12-B39.5",
            "count": 10,
            "created_time": "2024-12-12T04:52:32.935757Z",
            "yes_price": 3,
            "no_price": 97,
            "taker_side": "yes"
        },
        {
            "trade_id": "46cdbee7-6f80-46f2-910a-c8904b94f515",
            "ticker": "KXHIGHNY-24DEC12-B39.5",
            "count": 10,
            "created_time": "2024-12-12T04:52:32.935757Z",
            "yes_price": 5,
            "no_price": 95,
            "taker_side": "yes"
        },
        {
            "trade_id": "68aaaa6b-5fbe-4dfe-a94a-9e05611e5212",
            "ticker": "KXHIGHNY-24DEC12-B39.5",
            "count": 140,
            "created_time": "2024-12-12T04:48:13.771405Z",
            "yes_price": 2,
            "no_price": 98,
            "taker_side": "no"
        },
        {
            "trade_id": "08fe6c77-f78a-429f-ada3-3fa1dc050ca7",
            "ticker": "KXHIGHNY-24DEC12-B39.5",
            "count": 50,
            "created_time": "2024-12-12T04:48:13.771405Z",
            "yes_price": 2,
            "no_price": 98,
            "taker_side": "no"
        },
        {
            "trade_id": "c88789df-456d-4051-afdf-6707f8f9bb31",
            "ticker": "KXHIGHNY-24DEC12-B39.5",
            "count": 37,
            "created_time": "2024-12-12T04:47:06.532127Z",
            "yes_price": 2,
            "no_price": 98,
            "taker_side": "no"
        },
        {
            "trade_id": "c7fdf97b-854e-4d24-a626-7539699f0945",
            "ticker": "KXHIGHNY-24DEC12-B39.5",
            "count": 1760,
            "created_time": "2024-12-12T04:46:32.087817Z",
            "yes_price": 2,
            "no_price": 98,
            "taker_side": "no"
        },
        {
            "trade_id": "6fb8aae7-89dc-46c0-89e9-1e756cf1adc3",
            "ticker": "KXHIGHNY-24DEC12-B39.5",
            "count": 9,
            "created_time": "2024-12-12T04:46:24.492271Z",
            "yes_price": 3,
            "no_price": 97,
            "taker_side": "no"
        },
        {
            "trade_id": "c8300d13-28d8-445b-90ca-53727743dc12",
            "ticker": "KXHIGHNY-24DEC12-B39.5",
            "count": 37,
            "created_time": "2024-12-12T04:46:20.431856Z",
            "yes_price": 5,
            "no_price": 95,
            "taker_side": "yes"
        },
        {
            "trade_id": "ca8d1a6d-3009-4b51-94c7-e6c9b6d4dd49",
            "ticker": "KXHIGHNY-24DEC12-B39.5",
            "count": 1,
            "created_time": "2024-12-12T04:45:23.407657Z",
            "yes_price": 6,
            "no_price": 94,
            "taker_side": "yes"
        },
        {
            "trade_id": "990f0289-669b-4583-b5b1-514fef0e8e72",
            "ticker": "KXHIGHNY-24DEC12-B39.5",
            "count": 18,
            "created_time": "2024-12-12T04:45:23.407657Z",
            "yes_price": 5,
            "no_price": 95,
            "taker_side": "yes"
        },
        {
            "trade_id": "c545b4a1-7a72-4f5e-9ab1-bd839d76771b",
            "ticker": "KXHIGHNY-24DEC12-B39.5",
            "count": 39,
            "created_time": "2024-12-12T04:44:03.879752Z",
            "yes_price": 4,
            "no_price": 96,
            "taker_side": "yes"
        },
        {
            "trade_id": "828b3b29-9364-4805-a149-f873952a7109",
            "ticker": "KXHIGHNY-24DEC12-B39.5",
            "count": 10,
            "created_time": "2024-12-12T04:44:03.879752Z",
            "yes_price": 3,
            "no_price": 97,
            "taker_side": "yes"
        },
        {
            "trade_id": "8a2d3549-2f7d-42a8-a7a8-0c14a13e25a2",
            "ticker": "KXHIGHNY-24DEC12-B39.5",
            "count": 5,
            "created_time": "2024-12-12T04:43:04.616048Z",
            "yes_price": 2,
            "no_price": 98,
            "taker_side": "no"
        },
        {
            "trade_id": "cba3a0ca-008a-414d-a68d-5c63c9a68a9f",
            "ticker": "KXHIGHNY-24DEC12-B39.5",
            "count": 217,
            "created_time": "2024-12-12T04:41:49.26404Z",
            "yes_price": 2,
            "no_price": 98,
            "taker_side": "no"
        },
        {
            "trade_id": "1f82f08c-00d5-4b1b-a81c-5a02db1d1967",
            "ticker": "KXHIGHNY-24DEC12-B39.5",
            "count": 18,
            "created_time": "2024-12-12T04:41:41.461191Z",
            "yes_price": 2,
            "no_price": 98,
            "taker_side": "no"
        },
        {
            "trade_id": "620bf1e3-c5ff-47de-ade1-5b45f1fedf8a",
            "ticker": "KXHIGHNY-24DEC12-B39.5",
            "count": 536,
            "created_time": "2024-12-12T04:39:41.0617Z",
            "yes_price": 2,
            "no_price": 98,
            "taker_side": "no"
        },
        {
            "trade_id": "41afb8c3-652d-4c13-bc61-b5ba36cf4449",
            "ticker": "KXHIGHNY-24DEC12-B39.5",
            "count": 60,
            "created_time": "2024-12-12T04:39:41.0617Z",
            "yes_price": 2,
            "no_price": 98,
            "taker_side": "no"
        },
        {
            "trade_id": "14b5b6e0-9798-427b-aae7-2c90dd0f05bc",
            "ticker": "KXHIGHNY-24DEC12-B39.5",
            "count": 40,
            "created_time": "2024-12-12T04:39:41.0617Z",
            "yes_price": 2,
            "no_price": 98,
            "taker_side": "no"
        },
        {
            "trade_id": "4d35abcd-0506-4d0e-9f4a-c0508e0343d8",
            "ticker": "KXHIGHNY-24DEC12-B39.5",
            "count": 40,
            "created_time": "2024-12-12T04:37:11.244562Z",
            "yes_price": 4,
            "no_price": 96,
            "taker_side": "yes"
        },
        {
            "trade_id": "2802c87c-c374-4e7b-8e8d-20841be81aae",
            "ticker": "KXHIGHNY-24DEC12-B39.5",
            "count": 70,
            "created_time": "2024-12-12T04:37:11.244562Z",
            "yes_price": 5,
            "no_price": 95,
            "taker_side": "yes"
        },
        {
            "trade_id": "bf8c8b0c-d0a8-433d-b609-6f29ddce3be3",
            "ticker": "KXHIGHNY-24DEC12-B39.5",
            "count": 50,
            "created_time": "2024-12-12T04:34:34.023884Z",
            "yes_price": 2,
            "no_price": 98,
            "taker_side": "no"
        },
        {
            "trade_id": "8c576dbf-3a8c-462f-9f7d-3eba0a8af79a",
            "ticker": "KXHIGHNY-24DEC12-B39.5",
            "count": 500,
            "created_time": "2024-12-12T04:34:34.023884Z",
            "yes_price": 2,
            "no_price": 98,
            "taker_side": "no"
        },
        {
            "trade_id": "80f2d18a-0504-4a6c-b134-a09ea929fe06",
            "ticker": "KXHIGHNY-24DEC12-B39.5",
            "count": 187,
            "created_time": "2024-12-12T04:34:34.023884Z",
            "yes_price": 3,
            "no_price": 97,
            "taker_side": "no"
        },
        {
            "trade_id": "359f7405-2540-4d1d-929c-9e1f4825a1f7",
            "ticker": "KXHIGHNY-24DEC12-B39.5",
            "count": 500,
            "created_time": "2024-12-12T04:34:34.023884Z",
            "yes_price": 2,
            "no_price": 98,
            "taker_side": "no"
        },
        {
            "trade_id": "a21ada18-60a8-45e5-be45-9ad7e03a8c64",
            "ticker": "KXHIGHNY-24DEC12-B39.5",
            "count": 50,
            "created_time": "2024-12-12T04:34:22.024705Z",
            "yes_price": 4,
            "no_price": 96,
            "taker_side": "no"
        },
        {
            "trade_id": "5e60547e-0f2a-4717-83ae-50d6caadb345",
            "ticker": "KXHIGHNY-24DEC12-B39.5",
            "count": 8,
            "created_time": "2024-12-12T04:34:22.024705Z",
            "yes_price": 3,
            "no_price": 97,
            "taker_side": "no"
        },
        {
            "trade_id": "3d47b7f2-4d43-405e-adf6-c906f5cc53aa",
            "ticker": "KXHIGHNY-24DEC12-B39.5",
            "count": 40,
            "created_time": "2024-12-12T04:34:22.024705Z",
            "yes_price": 3,
            "no_price": 97,
            "taker_side": "no"
        },
        {
            "trade_id": "2f2a9396-a46d-4367-a5a6-a93649030199",
            "ticker": "KXHIGHNY-24DEC12-B39.5",
            "count": 10,
            "created_time": "2024-12-12T04:34:22.024705Z",
            "yes_price": 6,
            "no_price": 94,
            "taker_side": "no"
        },
        {
            "trade_id": "b8fd45fb-4936-4221-87fe-87e1d6ba2f56",
            "ticker": "KXHIGHNY-24DEC12-B39.5",
            "count": 400,
            "created_time": "2024-12-12T04:31:50.1766Z",
            "yes_price": 4,
            "no_price": 96,
            "taker_side": "no"
        },
        {
            "trade_id": "575fad1c-8882-4f48-8039-7ec5c16ed36b",
            "ticker": "KXHIGHNY-24DEC12-B39.5",
            "count": 1307,
            "created_time": "2024-12-12T04:31:50.1766Z",
            "yes_price": 3,
            "no_price": 97,
            "taker_side": "no"
        },
        {
            "trade_id": "3f990ce3-5c83-41b7-adfe-353bfdde0108",
            "ticker": "KXHIGHNY-24DEC12-B39.5",
            "count": 9,
            "created_time": "2024-12-12T04:31:50.1766Z",
            "yes_price": 3,
            "no_price": 97,
            "taker_side": "no"
        },
        {
            "trade_id": "e3784d8a-bcfe-4d16-a0be-c2173c3b8197",
            "ticker": "KXHIGHNY-24DEC12-B39.5",
            "count": 213,
            "created_time": "2024-12-12T04:31:41.652268Z",
            "yes_price": 5,
            "no_price": 95,
            "taker_side": "no"
        },
        {
            "trade_id": "ae59ee50-0b84-43a2-aa30-35331b3b3464",
            "ticker": "KXHIGHNY-24DEC12-B39.5",
            "count": 2846,
            "created_time": "2024-12-12T04:31:41.652268Z",
            "yes_price": 4,
            "no_price": 96,
            "taker_side": "no"
        },
        {
            "trade_id": "aacb46a9-e1ab-4140-bc58-64fa90193b48",
            "ticker": "KXHIGHNY-24DEC12-B39.5",
            "count": 11,
            "created_time": "2024-12-12T04:31:41.652268Z",
            "yes_price": 4,
            "no_price": 96,
            "taker_side": "no"
        },
        {
            "trade_id": "5c073036-c106-4232-a7fd-512f9110ad2d",
            "ticker": "KXHIGHNY-24DEC12-B39.5",
            "count": 10,
            "created_time": "2024-12-12T04:31:41.652268Z",
            "yes_price": 5,
            "no_price": 95,
            "taker_side": "no"
        },
        {
            "trade_id": "273f3d25-77d2-43da-a440-7d636eaff831",
            "ticker": "KXHIGHNY-24DEC12-B39.5",
            "count": 40,
            "created_time": "2024-12-12T04:31:41.652268Z",
            "yes_price": 5,
            "no_price": 95,
            "taker_side": "no"
        },
        {
            "trade_id": "396f1e9a-d4d6-4279-a1fe-256b785792ec",
            "ticker": "KXHIGHNY-24DEC12-B39.5",
            "count": 19,
            "created_time": "2024-12-12T04:31:09.393234Z",
            "yes_price": 6,
            "no_price": 94,
            "taker_side": "no"
        },
        {
            "trade_id": "191e1486-5c6c-4c9d-8d61-51e0100301bc",
            "ticker": "KXHIGHNY-24DEC12-B39.5",
            "count": 200,
            "created_time": "2024-12-12T04:31:09.393234Z",
            "yes_price": 4,
            "no_price": 96,
            "taker_side": "no"
        },
        {
            "trade_id": "dc6a94bc-0e25-41d0-8223-c8dd7318e482",
            "ticker": "KXHIGHNY-24DEC12-B39.5",
            "count": 47,
            "created_time": "2024-12-12T04:30:50.777741Z",
            "yes_price": 10,
            "no_price": 90,
            "taker_side": "yes"
        },
        {
            "trade_id": "1d03cb9e-3f51-40c1-b14b-894dcb5bfa78",
            "ticker": "KXHIGHNY-24DEC12-B39.5",
            "count": 9,
            "created_time": "2024-12-12T04:30:22.750399Z",
            "yes_price": 10,
            "no_price": 90,
            "taker_side": "yes"
        },
        {
            "trade_id": "f2c5c093-ac2a-4413-aecb-40c47cdda7f0",
            "ticker": "KXHIGHNY-24DEC12-B39.5",
            "count": 9,
            "created_time": "2024-12-12T04:30:04.728147Z",
            "yes_price": 10,
            "no_price": 90,
            "taker_side": "yes"
        },
        {
            "trade_id": "b2b5aaed-9676-4a9a-af75-c8e756e3b1cf",
            "ticker": "KXHIGHNY-24DEC12-B39.5",
            "count": 123,
            "created_time": "2024-12-12T04:29:19.328697Z",
            "yes_price": 12,
            "no_price": 88,
            "taker_side": "yes"
        },
        {
            "trade_id": "b0be394b-cd54-4f91-a810-98080772d027",
            "ticker": "KXHIGHNY-24DEC12-B39.5",
            "count": 536,
            "created_time": "2024-12-12T04:29:19.328697Z",
            "yes_price": 14,
            "no_price": 86,
            "taker_side": "yes"
        },
        {
            "trade_id": "3034e82e-45e9-4444-a68c-9cb8bbeb7e37",
            "ticker": "KXHIGHNY-24DEC12-B39.5",
            "count": 40,
            "created_time": "2024-12-12T04:29:19.328697Z",
            "yes_price": 11,
            "no_price": 89,
            "taker_side": "yes"
        },
        {
            "trade_id": "5a083704-ae4c-4866-8468-27b3fe04309a",
            "ticker": "KXHIGHNY-24DEC12-B39.5",
            "count": 20,
            "created_time": "2024-12-12T04:25:34.289685Z",
            "yes_price": 14,
            "no_price": 86,
            "taker_side": "yes"
        },
        {
            "trade_id": "cadff555-dd3d-4c3b-8f5d-263ed5c98667",
            "ticker": "KXHIGHNY-24DEC12-B39.5",
            "count": 50,
            "created_time": "2024-12-12T04:25:19.178579Z",
            "yes_price": 11,
            "no_price": 89,
            "taker_side": "no"
        },
        {
            "trade_id": "834a400f-52cd-4cb2-9d04-e0f3b52d4b60",
            "ticker": "KXHIGHNY-24DEC12-B39.5",
            "count": 6,
            "created_time": "2024-12-12T04:25:19.178579Z",
            "yes_price": 13,
            "no_price": 87,
            "taker_side": "no"
        },
        {
            "trade_id": "5e9c5606-5d88-48af-8eb8-cdbaad3d5705",
            "ticker": "KXHIGHNY-24DEC12-B39.5",
            "count": 2,
            "created_time": "2024-12-12T04:25:19.178579Z",
            "yes_price": 9,
            "no_price": 91,
            "taker_side": "no"
        },
        {
            "trade_id": "2e4512e8-d104-433c-8a74-06083d98fac5",
            "ticker": "KXHIGHNY-24DEC12-B39.5",
            "count": 44,
            "created_time": "2024-12-12T04:24:01.589351Z",
            "yes_price": 13,
            "no_price": 87,
            "taker_side": "no"
        },
        {
            "trade_id": "0411529b-7743-49ab-9580-d6cc947d4fab",
            "ticker": "KXHIGHNY-24DEC12-B39.5",
            "count": 18,
            "created_time": "2024-12-12T04:19:35.145403Z",
            "yes_price": 15,
            "no_price": 85,
            "taker_side": "yes"
        },
        {
            "trade_id": "a96135b8-8f38-4cb7-94c2-83e6d4a707b6",
            "ticker": "KXHIGHNY-24DEC12-B39.5",
            "count": 50,
            "created_time": "2024-12-12T04:18:38.014054Z",
            "yes_price": 14,
            "no_price": 86,
            "taker_side": "no"
        },
        {
            "trade_id": "c4dc953e-1c5c-42df-91db-cac04ca29061",
            "ticker": "KXHIGHNY-24DEC12-B39.5",
            "count": 250,
            "created_time": "2024-12-12T04:17:39.260481Z",
            "yes_price": 14,
            "no_price": 86,
            "taker_side": "yes"
        },
        {
            "trade_id": "40453688-c809-4ff0-a90d-572814eddc42",
            "ticker": "KXHIGHNY-24DEC12-B39.5",
            "count": 50,
            "created_time": "2024-12-12T04:14:54.72339Z",
            "yes_price": 15,
            "no_price": 85,
            "taker_side": "yes"
        },
        {
            "trade_id": "cbc2d282-e22a-4b78-97e7-bfd8fa211c60",
            "ticker": "KXHIGHNY-24DEC12-B39.5",
            "count": 200,
            "created_time": "2024-12-12T04:13:46.694936Z",
            "yes_price": 15,
            "no_price": 85,
            "taker_side": "yes"
        },
        {
            "trade_id": "92a5e914-eff9-4b8f-86c2-dcbf6e3646bd",
            "ticker": "KXHIGHNY-24DEC12-B39.5",
            "count": 1,
            "created_time": "2024-12-12T04:12:19.774441Z",
            "yes_price": 16,
            "no_price": 84,
            "taker_side": "yes"
        },
        {
            "trade_id": "17315f3b-b554-4d07-8e36-fa1fb670653e",
            "ticker": "KXHIGHNY-24DEC12-B39.5",
            "count": 123,
            "created_time": "2024-12-12T04:11:52.591633Z",
            "yes_price": 17,
            "no_price": 83,
            "taker_side": "yes"
        },
        {
            "trade_id": "66ac9b17-0757-495a-88e9-4b4567ae3d64",
            "ticker": "KXHIGHNY-24DEC12-B39.5",
            "count": 3,
            "created_time": "2024-12-12T04:11:44.461113Z",
            "yes_price": 16,
            "no_price": 84,
            "taker_side": "yes"
        },
        {
            "trade_id": "e2601a56-7644-4054-bcdc-f398cfbf474d",
            "ticker": "KXHIGHNY-24DEC12-B39.5",
            "count": 22,
            "created_time": "2024-12-12T04:11:40.068536Z",
            "yes_price": 17,
            "no_price": 83,
            "taker_side": "yes"
        },
        {
            "trade_id": "fd64f536-d195-4b35-9af3-1631ab7da1b3",
            "ticker": "KXHIGHNY-24DEC12-B39.5",
            "count": 50,
            "created_time": "2024-12-12T04:11:36.429931Z",
            "yes_price": 16,
            "no_price": 84,
            "taker_side": "yes"
        },
        {
            "trade_id": "4d2d0dd6-0d00-4026-bdf0-5fe878f4680d",
            "ticker": "KXHIGHNY-24DEC12-B39.5",
            "count": 19,
            "created_time": "2024-12-12T04:11:32.328933Z",
            "yes_price": 15,
            "no_price": 85,
            "taker_side": "yes"
        },
        {
            "trade_id": "74a28aaf-9444-4e30-8fe3-18df7704710a",
            "ticker": "KXHIGHNY-24DEC12-B39.5",
            "count": 19,
            "created_time": "2024-12-12T04:10:39.280251Z",
            "yes_price": 10,
            "no_price": 90,
            "taker_side": "no"
        },
        {
            "trade_id": "7a48c852-2524-4e0e-9bd1-5d542e87b5ba",
            "ticker": "KXHIGHNY-24DEC12-B39.5",
            "count": 2,
            "created_time": "2024-12-12T04:03:50.026321Z",
            "yes_price": 16,
            "no_price": 84,
            "taker_side": "no"
        },
        {
            "trade_id": "5d4339e6-d225-4271-8814-81ed4f9a495c",
            "ticker": "KXHIGHNY-24DEC12-B39.5",
            "count": 23,
            "created_time": "2024-12-12T04:03:17.759136Z",
            "yes_price": 16,
            "no_price": 84,
            "taker_side": "yes"
        },
        {
            "trade_id": "e808707b-0040-4cda-ba11-07631d106f4e",
            "ticker": "KXHIGHNY-24DEC12-B39.5",
            "count": 5,
            "created_time": "2024-12-12T04:02:08.289478Z",
            "yes_price": 17,
            "no_price": 83,
            "taker_side": "yes"
        },
        {
            "trade_id": "be96101f-43be-482d-bdaa-c2fe7a1dcf57",
            "ticker": "KXHIGHNY-24DEC12-B39.5",
            "count": 7,
            "created_time": "2024-12-12T04:02:08.289478Z",
            "yes_price": 15,
            "no_price": 85,
            "taker_side": "yes"
        },
        {
            "trade_id": "4eb901bb-d63a-4e5a-8048-dfbe6c940137",
            "ticker": "KXHIGHNY-24DEC12-B39.5",
            "count": 17,
            "created_time": "2024-12-12T04:02:08.289478Z",
