{
    "HIGHNY-24MAY10-T53": [
        {
            "trade_id": "b84cf13d-fb35-4fa1-9e65-d844c262f1ac",
            "ticker": "HIGHNY-24MAY10-T53",
            "count": 187,
            "created_time": "2024-05-10T15:01:08.560515Z",
            "yes_price": 1,
            "no_price": 99,
            "taker_side": "yes"
        },
        {
            "trade_id": "a0a6f864-8223-4284-ab34-f15906d2b8f3",
            "ticker": "HIGHNY-24MAY10-T53",
            "count": 54,
            "created_time": "2024-05-10T12:27:55.057516Z",
            "yes_price": 1,
            "no_price": 99,
            "taker_side": "yes"
        },
        {
            "trade_id": "9d88eab2-6142-4f01-a605-a3d4849f6dce",
            "ticker": "HIGHNY-24MAY10-T53",
            "count": 93,
            "created_time": "2024-05-10T12:06:05.057747Z",
            "yes_price": 1,
            "no_price": 99,
            "taker_side": "yes"
        },
        {
            "trade_id": "e839b026-a82b-4412-b9bf-a31dc1050a75",
            "ticker": "HIGHNY-24MAY10-T53",
            "count": 20,
            "created_time": "2024-05-09T14:12:25.132452Z",
            "yes_price": 10,
            "no_price": 90,
            "taker_side": "no"
        }
    ],
    "HIGHNY-24MAY10-B53.5": [
        {
            "trade_id": "7a11193e-7e58-455f-9b5b-0290cc6dfc93",
            "ticker": "HIGHNY-24MAY10-B53.5",
            "count": 381,
            "created_time": "2024-05-10T22:03:25.186066Z",
            "yes_price": 1,
            "no_price": 99,
            "taker_side": "yes"
        },
        {
            "trade_id": "300a35f8-367f-4a32-abc2-14ce80684b47",
            "ticker": "HIGHNY-24MAY10-B53.5",
            "count": 1488,
            "created_time": "2024-05-10T22:03:25.186066Z",
            "yes_price": 1,
            "no_price": 99,
            "taker_side": "yes"
        },
        {
            "trade_id": "a74a6618-23b4-4b7d-98e6-46b6d153d350",
            "ticker": "HIGHNY-24MAY10-B53.5",
            "count": 935,
            "created_time": "2024-05-10T20:15:30.204112Z",
            "yes_price": 1,
            "no_price": 99,
            "taker_side": "yes"
        },
        {
            "trade_id": "b6312d64-2445-4c4e-8073-cc5adaa4d014",
            "ticker": "HIGHNY-24MAY10-B53.5",
            "count": 1870,
            "created_time": "2024-05-10T15:31:21.34092Z",
            "yes_price": 1,
            "no_price": 99,
            "taker_side": "yes"
        },
        {
            "trade_id": "47b53ca7-835e-49f5-a0bd-33f404be33fa",
            "ticker": "HIGHNY-24MAY10-B53.5",
            "count": 1870,
            "created_time": "2024-05-10T15:07:39.798295Z",
            "yes_price": 1,
            "no_price": 99,
            "taker_side": "yes"
        },
        {
            "trade_id": "cbd8c497-7753-4725-90ee-16921b8f8cd0",
            "ticker": "HIGHNY-24MAY10-B53.5",
            "count": 935,
            "created_time": "2024-05-10T15:05:21.817839Z",
            "yes_price": 1,
            "no_price": 99,
            "taker_side": "yes"
        },
        {
            "trade_id": "5740cf85-759f-4720-a1d6-62304d8bce5e",
            "ticker": "HIGHNY-24MAY10-B53.5",
            "count": 187,
            "created_time": "2024-05-10T13:49:28.945205Z",
            "yes_price": 1,
            "no_price": 99,
            "taker_side": "yes"
        },
        {
            "trade_id": "7b3e84a4-9f3d-49dc-9f65-ec5da3b078dc",
            "ticker": "HIGHNY-24MAY10-B53.5",
            "count": 935,
            "created_time": "2024-05-10T12:44:26.080241Z",
            "yes_price": 1,
            "no_price": 99,
            "taker_side": "yes"
        },
        {
            "trade_id": "4007a5b3-f3d4-4c60-aa36-e7d2e4b289af",
            "ticker": "HIGHNY-24MAY10-B53.5",
            "count": 935,
            "created_time": "2024-05-10T12:21:49.708556Z",
            "yes_price": 1,
            "no_price": 99,
            "taker_side": "yes"
        },
        {
            "trade_id": "21379049-f57d-43ec-ba2a-bd5d48656d29",
            "ticker": "HIGHNY-24MAY10-B53.5",
            "count": 20,
            "created_time": "2024-05-09T14:12:25.189931Z",
            "yes_price": 20,
            "no_price": 80,
            "taker_side": "no"
        }
    ],
    "HIGHNY-24MAY10-B55.5": [
        {
            "trade_id": "5b13f7c9-01d1-44fa-998b-094c7c5dd77a",
            "ticker": "HIGHNY-24MAY10-B55.5",
            "count": 50,
            "created_time": "2024-05-11T02:32:34.850829Z",
            "yes_price": 99,
            "no_price": 1,
            "taker_side": "no"
        },
        {
            "trade_id": "53c41771-b572-45c1-8f4f-0452e950ee7e",
            "ticker": "HIGHNY-24MAY10-B55.5",
            "count": 1,
            "created_time": "2024-05-11T02:32:34.850829Z",
            "yes_price": 99,
            "no_price": 1,
            "taker_side": "no"
        },
        {
            "trade_id": "36d74c80-82f3-498b-b13b-694e9545e414",
            "ticker": "HIGHNY-24MAY10-B55.5",
            "count": 3,
            "created_time": "2024-05-11T02:32:34.850829Z",
            "yes_price": 99,
            "no_price": 1,
            "taker_side": "no"
        },
        {
            "trade_id": "fd36369e-0da3-4877-9966-3b70f5ff2a7c",
            "ticker": "HIGHNY-24MAY10-B55.5",
            "count": 50,
            "created_time": "2024-05-10T20:41:54.332838Z",
            "yes_price": 97,
            "no_price": 3,
            "taker_side": "no"
        },
        {
            "trade_id": "d8bc31ec-de04-429c-8aa7-0038b0dd1d03",
            "ticker": "HIGHNY-24MAY10-B55.5",
            "count": 2,
            "created_time": "2024-05-10T20:38:43.659772Z",
            "yes_price": 97,
            "no_price": 3,
            "taker_side": "yes"
        },
        {
            "trade_id": "88f92089-3896-4ad3-b8d9-d6bfcfd51296",
            "ticker": "HIGHNY-24MAY10-B55.5",
            "count": 1,
            "created_time": "2024-05-10T20:33:49.76078Z",
            "yes_price": 75,
            "no_price": 25,
            "taker_side": "no"
        },
        {
            "trade_id": "b78fc8ba-0891-4c76-97ff-d39fb9aa6522",
            "ticker": "HIGHNY-24MAY10-B55.5",
            "count": 10,
            "created_time": "2024-05-10T13:43:17.702622Z",
            "yes_price": 17,
            "no_price": 83,
            "taker_side": "no"
        },
        {
            "trade_id": "abc8b41e-dadb-4de9-8c5f-02f95e276b0c",
            "ticker": "HIGHNY-24MAY10-B55.5",
            "count": 14,
            "created_time": "2024-05-10T12:51:04.398294Z",
            "yes_price": 69,
            "no_price": 31,
            "taker_side": "yes"
        },
        {
            "trade_id": "f4dfe133-d013-4204-9d80-d89b137c3134",
            "ticker": "HIGHNY-24MAY10-B55.5",
            "count": 30,
            "created_time": "2024-05-10T12:32:29.644Z",
            "yes_price": 11,
            "no_price": 89,
            "taker_side": "no"
        },
        {
            "trade_id": "a13ddfc9-4e4f-4dbe-bf9b-f5719da43584",
            "ticker": "HIGHNY-24MAY10-B55.5",
            "count": 11,
            "created_time": "2024-05-10T12:29:26.574197Z",
            "yes_price": 69,
            "no_price": 31,
            "taker_side": "yes"
        },
        {
            "trade_id": "9d26f552-fc61-4d4a-aafa-91b7a7f4a1cc",
            "ticker": "HIGHNY-24MAY10-B55.5",
            "count": 8,
            "created_time": "2024-05-10T12:29:26.574197Z",
            "yes_price": 40,
            "no_price": 60,
            "taker_side": "yes"
        },
        {
            "trade_id": "90f6c038-51cc-4a66-999a-f7ef32e2e5c0",
            "ticker": "HIGHNY-24MAY10-B55.5",
            "count": 11,
            "created_time": "2024-05-10T12:29:26.574197Z",
            "yes_price": 41,
            "no_price": 59,
            "taker_side": "yes"
        },
        {
            "trade_id": "cb511bf4-aa27-47c7-b0a9-1b6231bff981",
            "ticker": "HIGHNY-24MAY10-B55.5",
            "count": 10,
            "created_time": "2024-05-10T12:08:52.415325Z",
            "yes_price": 11,
            "no_price": 89,
            "taker_side": "no"
        },
        {
            "trade_id": "4572a9b4-b241-4639-8914-cacc91b1406b",
            "ticker": "HIGHNY-24MAY10-B55.5",
            "count": 20,
            "created_time": "2024-05-09T14:12:25.129365Z",
            "yes_price": 20,
            "no_price": 80,
            "taker_side": "no"
        }
    ],
    "HIGHNY-24MAY10-B57.5": [
        {
            "trade_id": "d6a962fe-d25c-4eb9-ab04-6731658af082",
            "ticker": "HIGHNY-24MAY10-B57.5",
            "count": 54,
            "created_time": "2024-05-11T02:32:34.778632Z",
            "yes_price": 2,
            "no_price": 98,
            "taker_side": "yes"
        },
        {
            "trade_id": "9d2c8eef-5492-4c86-b085-d6c056351677",
            "ticker": "HIGHNY-24MAY10-B57.5",
            "count": 428,
            "created_time": "2024-05-11T02:32:34.778632Z",
            "yes_price": 3,
            "no_price": 97,
            "taker_side": "yes"
        },
        {
            "trade_id": "5910774f-2697-4982-8478-c4baa95ead58",
            "ticker": "HIGHNY-24MAY10-B57.5",
            "count": 5,
            "created_time": "2024-05-11T02:32:34.778632Z",
            "yes_price": 2,
            "no_price": 98,
            "taker_side": "yes"
        },
        {
            "trade_id": "8472abaf-f578-4334-ace0-02f3e27fe34c",
            "ticker": "HIGHNY-24MAY10-B57.5",
            "count": 88,
            "created_time": "2024-05-10T21:12:54.376773Z",
            "yes_price": 3,
            "no_price": 97,
            "taker_side": "yes"
        },
        {
            "trade_id": "82ded3ae-9ad3-4ac4-800f-205c02d1375f",
            "ticker": "HIGHNY-24MAY10-B57.5",
            "count": 20,
            "created_time": "2024-05-10T20:41:59.801218Z",
            "yes_price": 3,
            "no_price": 97,
            "taker_side": "yes"
        },
        {
            "trade_id": "6f2b896b-3aba-4beb-bce5-2f5068ae6c12",
            "ticker": "HIGHNY-24MAY10-B57.5",
            "count": 17,
            "created_time": "2024-05-10T20:39:11.146529Z",
            "yes_price": 2,
            "no_price": 98,
            "taker_side": "no"
        },
        {
            "trade_id": "3159e6d1-7e68-4e16-bd67-5d0f19bce4bd",
            "ticker": "HIGHNY-24MAY10-B57.5",
            "count": 1,
            "created_time": "2024-05-10T20:39:11.146529Z",
            "yes_price": 2,
            "no_price": 98,
            "taker_side": "no"
        },
        {
            "trade_id": "fc54fdea-fdac-4b9e-a3a8-76fa08d22617",
            "ticker": "HIGHNY-24MAY10-B57.5",
            "count": 2,
            "created_time": "2024-05-10T20:38:43.72671Z",
            "yes_price": 3,
            "no_price": 97,
            "taker_side": "no"
        },
        {
            "trade_id": "5c772465-c8e1-4596-a15c-20e2bfda92c1",
            "ticker": "HIGHNY-24MAY10-B57.5",
            "count": 9,
            "created_time": "2024-05-10T20:14:47.307639Z",
            "yes_price": 46,
            "no_price": 54,
            "taker_side": "no"
        },
        {
            "trade_id": "94ce4315-28c1-4175-b408-1a35a5e63edb",
            "ticker": "HIGHNY-24MAY10-B57.5",
            "count": 91,
            "created_time": "2024-05-10T20:13:30.939782Z",
            "yes_price": 46,
            "no_price": 54,
            "taker_side": "no"
        },
        {
            "trade_id": "8553a0b7-83e1-4814-b591-cac0ebb1e21c",
            "ticker": "HIGHNY-24MAY10-B57.5",
            "count": 159,
            "created_time": "2024-05-10T20:13:30.939782Z",
            "yes_price": 46,
            "no_price": 54,
            "taker_side": "no"
        },
        {
            "trade_id": "5623d78e-2d20-4e20-aa3a-f6cdb2f7fafb",
            "ticker": "HIGHNY-24MAY10-B57.5",
            "count": 11,
            "created_time": "2024-05-10T18:43:12.433041Z",
            "yes_price": 46,
            "no_price": 54,
            "taker_side": "no"
        },
        {
            "trade_id": "ccb00d68-dd5b-4bbd-b4d7-52d63aa86dc1",
            "ticker": "HIGHNY-24MAY10-B57.5",
            "count": 1,
            "created_time": "2024-05-10T18:43:12.329929Z",
            "yes_price": 47,
            "no_price": 53,
            "taker_side": "no"
        },
        {
            "trade_id": "cbcee06b-aa4a-4974-91ca-1ab01a8117fb",
            "ticker": "HIGHNY-24MAY10-B57.5",
            "count": 13,
            "created_time": "2024-05-10T18:43:12.329929Z",
            "yes_price": 46,
            "no_price": 54,
            "taker_side": "no"
        },
        {
            "trade_id": "3789801d-4690-435b-8d01-42ee168afb3a",
            "ticker": "HIGHNY-24MAY10-B57.5",
            "count": 17,
            "created_time": "2024-05-10T18:25:21.019566Z",
            "yes_price": 46,
            "no_price": 54,
            "taker_side": "no"
        },
        {
            "trade_id": "6566cfb0-5b57-42bd-b0a4-197c00517873",
            "ticker": "HIGHNY-24MAY10-B57.5",
            "count": 88,
            "created_time": "2024-05-10T16:59:36.777031Z",
            "yes_price": 45,
            "no_price": 55,
            "taker_side": "no"
        },
        {
            "trade_id": "c4ac22a9-21f9-44b7-9a1d-38b1a9ce28cb",
            "ticker": "HIGHNY-24MAY10-B57.5",
            "count": 98,
            "created_time": "2024-05-10T16:54:47.895367Z",
            "yes_price": 52,
            "no_price": 48,
            "taker_side": "no"
        },
        {
            "trade_id": "97089ad6-2ca0-41ff-89f4-47e7dcb0f835",
            "ticker": "HIGHNY-24MAY10-B57.5",
            "count": 1,
            "created_time": "2024-05-10T16:54:47.895367Z",
            "yes_price": 43,
            "no_price": 57,
            "taker_side": "no"
        },
        {
            "trade_id": "2277fe11-7308-406d-87cf-5c49fdf7ce84",
            "ticker": "HIGHNY-24MAY10-B57.5",
            "count": 1,
            "created_time": "2024-05-10T16:54:47.895367Z",
            "yes_price": 50,
            "no_price": 50,
            "taker_side": "no"
        },
        {
            "trade_id": "5aedfb6a-15e8-44cd-aba6-92cbc4b9ef7d",
            "ticker": "HIGHNY-24MAY10-B57.5",
            "count": 1,
            "created_time": "2024-05-10T16:11:22.058419Z",
            "yes_price": 60,
            "no_price": 40,
            "taker_side": "no"
        },
        {
            "trade_id": "e0475cb8-96e3-4892-813f-cbefee230869",
            "ticker": "HIGHNY-24MAY10-B57.5",
            "count": 10,
            "created_time": "2024-05-10T14:49:20.591727Z",
            "yes_price": 46,
            "no_price": 54,
            "taker_side": "yes"
        },
        {
            "trade_id": "495d706c-5e0d-493a-a176-a57ac38882ab",
            "ticker": "HIGHNY-24MAY10-B57.5",
            "count": 4,
            "created_time": "2024-05-10T12:53:35.736404Z",
            "yes_price": 40,
            "no_price": 60,
            "taker_side": "no"
        },
        {
            "trade_id": "3f2fa866-3b6c-4935-992e-a545f779d286",
            "ticker": "HIGHNY-24MAY10-B57.5",
            "count": 12,
            "created_time": "2024-05-10T12:53:35.736404Z",
            "yes_price": 41,
            "no_price": 59,
            "taker_side": "no"
        },
        {
            "trade_id": "4dfa121f-db82-4544-97c6-f54332d19d5e",
            "ticker": "HIGHNY-24MAY10-B57.5",
            "count": 10,
            "created_time": "2024-05-10T12:09:11.012497Z",
            "yes_price": 88,
            "no_price": 12,
            "taker_side": "yes"
        },
        {
            "trade_id": "521cd830-464b-4616-b8ef-18ca4eb4c486",
            "ticker": "HIGHNY-24MAY10-B57.5",
            "count": 10,
            "created_time": "2024-05-10T12:08:43.153066Z",
            "yes_price": 88,
            "no_price": 12,
            "taker_side": "yes"
        },
        {
            "trade_id": "42268581-9e1b-491a-ba4b-5362f3b5774e",
            "ticker": "HIGHNY-24MAY10-B57.5",
            "count": 11,
            "created_time": "2024-05-10T12:00:07.913638Z",
            "yes_price": 31,
            "no_price": 69,
            "taker_side": "yes"
        },
        {
            "trade_id": "7e40f2ef-2af0-4859-bc52-8111734c20c5",
            "ticker": "HIGHNY-24MAY10-B57.5",
            "count": 6,
            "created_time": "2024-05-09T21:09:57.979286Z",
            "yes_price": 31,
            "no_price": 69,
            "taker_side": "yes"
        },
        {
            "trade_id": "54257f98-b182-4b98-9945-54ed6781ebed",
            "ticker": "HIGHNY-24MAY10-B57.5",
            "count": 25,
            "created_time": "2024-05-09T21:09:57.979286Z",
            "yes_price": 30,
            "no_price": 70,
            "taker_side": "yes"
        },
        {
            "trade_id": "1c833e48-675a-4816-bc1a-c3c4b101c336",
            "ticker": "HIGHNY-24MAY10-B57.5",
            "count": 30,
            "created_time": "2024-05-09T18:40:34.06105Z",
            "yes_price": 22,
            "no_price": 78,
            "taker_side": "yes"
        },
        {
            "trade_id": "c9cdacc9-2387-466a-a835-4b1e7ff2d2c8",
            "ticker": "HIGHNY-24MAY10-B57.5",
            "count": 30,
            "created_time": "2024-05-09T18:40:29.705672Z",
            "yes_price": 22,
            "no_price": 78,
            "taker_side": "yes"
        },
        {
            "trade_id": "c7aa3c5e-152f-4b35-879c-49fbe40677b2",
            "ticker": "HIGHNY-24MAY10-B57.5",
            "count": 15,
            "created_time": "2024-05-09T18:40:29.705672Z",
            "yes_price": 22,
            "no_price": 78,
            "taker_side": "yes"
        },
        {
            "trade_id": "93fda9a6-8218-400b-913d-3ced4c6a0ecb",
            "ticker": "HIGHNY-24MAY10-B57.5",
            "count": 105,
            "created_time": "2024-05-09T18:40:29.705672Z",
            "yes_price": 22,
            "no_price": 78,
            "taker_side": "yes"
        },
        {
            "trade_id": "4d328757-fe80-40d4-9872-2d7343e3dbb7",
            "ticker": "HIGHNY-24MAY10-B57.5",
            "count": 60,
            "created_time": "2024-05-09T18:40:29.647499Z",
            "yes_price": 22,
            "no_price": 78,
            "taker_side": "yes"
        },
        {
            "trade_id": "70cffb34-b908-450c-8d0d-052bb878395a",
            "ticker": "HIGHNY-24MAY10-B57.5",
            "count": 90,
            "created_time": "2024-05-09T18:36:34.043639Z",
            "yes_price": 22,
            "no_price": 78,
            "taker_side": "yes"
        },
        {
            "trade_id": "54986e1b-4a76-42d9-b9c1-00a3ce7f03a7",
            "ticker": "HIGHNY-24MAY10-B57.5",
            "count": 45,
            "created_time": "2024-05-09T18:36:26.230876Z",
            "yes_price": 22,
            "no_price": 78,
            "taker_side": "yes"
        },
        {
            "trade_id": "d76cf0b5-3d73-4ccc-8e4b-15c4587cdf7f",
            "ticker": "HIGHNY-24MAY10-B57.5",
            "count": 1,
            "created_time": "2024-05-09T18:35:27.989742Z",
            "yes_price": 20,
            "no_price": 80,
            "taker_side": "no"
        },
        {
            "trade_id": "402e590c-ba3c-4c9a-a48f-5c352e27a8bd",
            "ticker": "HIGHNY-24MAY10-B57.5",
            "count": 1,
            "created_time": "2024-05-09T17:30:31.377451Z",
            "yes_price": 17,
            "no_price": 83,
            "taker_side": "no"
        },
        {
            "trade_id": "1e39e32b-e897-411d-a337-e2d023cc4e7c",
            "ticker": "HIGHNY-24MAY10-B57.5",
            "count": 94,
            "created_time": "2024-05-09T14:36:27.813465Z",
            "yes_price": 14,
            "no_price": 86,
            "taker_side": "yes"
        },
        {
            "trade_id": "138d0e10-eb43-4362-a7ec-c40e3e7a4c56",
            "ticker": "HIGHNY-24MAY10-B57.5",
            "count": 20,
            "created_time": "2024-05-09T14:12:25.162368Z",
            "yes_price": 10,
            "no_price": 90,
            "taker_side": "no"
        }
    ],
    "HIGHNY-24MAY10-B59.5": [
        {
            "trade_id": "e7c4b00b-8994-4a40-b901-289c49a414b1",
            "ticker": "HIGHNY-24MAY10-B59.5",
            "count": 462,
            "created_time": "2024-05-11T02:31:44.867983Z",
            "yes_price": 1,
            "no_price": 99,
            "taker_side": "yes"
        },
        {
            "trade_id": "e27fe5d7-4bd0-43bc-8e8d-cb9a1155c9ab",
            "ticker": "HIGHNY-24MAY10-B59.5",
            "count": 4,
            "created_time": "2024-05-11T02:31:44.867983Z",
            "yes_price": 1,
            "no_price": 99,
            "taker_side": "yes"
        },
        {
            "trade_id": "eb37185a-5c79-4a5f-a041-849e1a9eaf04",
            "ticker": "HIGHNY-24MAY10-B59.5",
            "count": 82,
            "created_time": "2024-05-10T20:19:12.570441Z",
            "yes_price": 1,
            "no_price": 99,
            "taker_side": "no"
        },
        {
            "trade_id": "83edf5e4-bb0d-402a-88e1-690aa422a992",
            "ticker": "HIGHNY-24MAY10-B59.5",
            "count": 5,
            "created_time": "2024-05-10T20:19:12.570441Z",
            "yes_price": 1,
            "no_price": 99,
            "taker_side": "no"
        },
        {
            "trade_id": "8dace92a-369b-4b7e-9960-fc66120f9415",
            "ticker": "HIGHNY-24MAY10-B59.5",
            "count": 10,
            "created_time": "2024-05-10T13:43:58.954738Z",
            "yes_price": 5,
            "no_price": 95,
            "taker_side": "yes"
        },
        {
            "trade_id": "00ef936b-6d2f-4b53-ac58-d3006e6b5ab0",
            "ticker": "HIGHNY-24MAY10-B59.5",
            "count": 20,
            "created_time": "2024-05-10T12:28:43.09055Z",
            "yes_price": 10,
            "no_price": 90,
            "taker_side": "yes"
        },
        {
            "trade_id": "9d9d667b-db91-460d-96e3-7e6f8f389bf5",
            "ticker": "HIGHNY-24MAY10-B59.5",
            "count": 10,
            "created_time": "2024-05-10T12:24:49.685147Z",
            "yes_price": 10,
            "no_price": 90,
            "taker_side": "yes"
        },
        {
            "trade_id": "4fa7d81a-0492-460c-a05b-f2cdde714552",
            "ticker": "HIGHNY-24MAY10-B59.5",
            "count": 20,
            "created_time": "2024-05-10T12:24:34.125521Z",
            "yes_price": 10,
            "no_price": 90,
            "taker_side": "yes"
        },
        {
            "trade_id": "e2b7d3e5-da65-45fd-ba59-b07ae3b8ff4a",
            "ticker": "HIGHNY-24MAY10-B59.5",
            "count": 5,
            "created_time": "2024-05-10T12:24:04.238227Z",
            "yes_price": 9,
            "no_price": 91,
            "taker_side": "yes"
        },
        {
            "trade_id": "3624aaef-c6d1-4645-8585-3d2118951312",
            "ticker": "HIGHNY-24MAY10-B59.5",
            "count": 5,
            "created_time": "2024-05-10T12:24:04.238227Z",
            "yes_price": 10,
            "no_price": 90,
            "taker_side": "yes"
        },
        {
            "trade_id": "c80ecdc1-9c20-4d36-a703-e783be63d712",
            "ticker": "HIGHNY-24MAY10-B59.5",
            "count": 6,
            "created_time": "2024-05-10T12:21:55.680948Z",
            "yes_price": 1,
            "no_price": 99,
            "taker_side": "no"
        },
        {
            "trade_id": "f7fdd304-867c-4915-a218-b69161b46f3f",
            "ticker": "HIGHNY-24MAY10-B59.5",
            "count": 9,
            "created_time": "2024-05-10T12:15:38.244964Z",
            "yes_price": 24,
            "no_price": 76,
            "taker_side": "yes"
        },
        {
            "trade_id": "b479704d-c2eb-462e-946f-57f8eaec802b",
            "ticker": "HIGHNY-24MAY10-B59.5",
            "count": 39,
            "created_time": "2024-05-10T12:15:37.451649Z",
            "yes_price": 24,
            "no_price": 76,
            "taker_side": "yes"
        },
        {
            "trade_id": "d9720b1a-6034-4840-b4e0-27546b70fc1a",
            "ticker": "HIGHNY-24MAY10-B59.5",
            "count": 34,
            "created_time": "2024-05-10T12:13:17.347104Z",
            "yes_price": 24,
            "no_price": 76,
            "taker_side": "yes"
        },
        {
            "trade_id": "17e8ea22-be38-4cbd-a16c-87f98fca934a",
            "ticker": "HIGHNY-24MAY10-B59.5",
            "count": 5,
            "created_time": "2024-05-10T12:13:17.347104Z",
            "yes_price": 23,
            "no_price": 77,
            "taker_side": "yes"
        },
        {
            "trade_id": "d4bdf070-6ad7-434b-8661-0b1cbb0b4465",
            "ticker": "HIGHNY-24MAY10-B59.5",
            "count": 1,
            "created_time": "2024-05-10T12:11:27.466504Z",
            "yes_price": 23,
            "no_price": 77,
            "taker_side": "yes"
        },
        {
            "trade_id": "fb7df138-be73-42c1-8e1a-1b11e7e57ded",
            "ticker": "HIGHNY-24MAY10-B59.5",
            "count": 1,
            "created_time": "2024-05-10T00:40:48.879316Z",
            "yes_price": 49,
            "no_price": 51,
            "taker_side": "no"
        },
        {
            "trade_id": "cf0aa606-b8a3-4a26-9c2e-e2c7a91cb624",
            "ticker": "HIGHNY-24MAY10-B59.5",
            "count": 22,
            "created_time": "2024-05-10T00:02:42.880388Z",
            "yes_price": 50,
            "no_price": 50,
            "taker_side": "no"
        },
        {
            "trade_id": "37afb08c-9ddb-4fed-9044-4ff907b00f1c",
            "ticker": "HIGHNY-24MAY10-B59.5",
            "count": 19,
            "created_time": "2024-05-10T00:02:42.880388Z",
            "yes_price": 48,
            "no_price": 52,
            "taker_side": "no"
        },
        {
            "trade_id": "c956961d-5be5-466f-8041-e9cec48a964d",
            "ticker": "HIGHNY-24MAY10-B59.5",
            "count": 25,
            "created_time": "2024-05-09T21:09:58.048613Z",
            "yes_price": 32,
            "no_price": 68,
            "taker_side": "no"
        },
        {
            "trade_id": "a24ea39c-7f1c-4e1d-a5ca-d46e268bdbc6",
            "ticker": "HIGHNY-24MAY10-B59.5",
            "count": 1,
            "created_time": "2024-05-09T18:35:28.783887Z",
            "yes_price": 34,
            "no_price": 66,
            "taker_side": "no"
        },
        {
            "trade_id": "894249ce-9010-4a73-8977-05eea23b4dd0",
            "ticker": "HIGHNY-24MAY10-B59.5",
            "count": 1,
            "created_time": "2024-05-09T17:30:32.08775Z",
            "yes_price": 32,
            "no_price": 68,
            "taker_side": "no"
        },
        {
            "trade_id": "49beb325-8ba2-4375-833f-96fff6f73ede",
            "ticker": "HIGHNY-24MAY10-B59.5",
            "count": 15,
            "created_time": "2024-05-09T14:44:43.312022Z",
            "yes_price": 29,
            "no_price": 71,
            "taker_side": "yes"
        },
        {
            "trade_id": "fdf79a1a-a03d-41ff-916f-0842efc9a9d3",
            "ticker": "HIGHNY-24MAY10-B59.5",
            "count": 15,
            "created_time": "2024-05-09T14:44:38.584432Z",
            "yes_price": 29,
            "no_price": 71,
            "taker_side": "yes"
        },
        {
            "trade_id": "7b97340e-221c-4ca1-bca6-01cc0a784c19",
            "ticker": "HIGHNY-24MAY10-B59.5",
            "count": 15,
            "created_time": "2024-05-09T14:44:35.755075Z",
            "yes_price": 29,
            "no_price": 71,
            "taker_side": "yes"
        },
        {
            "trade_id": "94a23196-d1f4-4d26-b9b1-a6cdc3c8e06a",
            "ticker": "HIGHNY-24MAY10-B59.5",
            "count": 11,
            "created_time": "2024-05-09T14:40:30.025375Z",
            "yes_price": 29,
            "no_price": 71,
            "taker_side": "yes"
        },
        {
            "trade_id": "41ad4872-0f78-4f08-a148-a81c0582b916",
            "ticker": "HIGHNY-24MAY10-B59.5",
            "count": 34,
            "created_time": "2024-05-09T14:40:30.025375Z",
            "yes_price": 29,
            "no_price": 71,
            "taker_side": "yes"
        },
        {
            "trade_id": "3ff8195f-ce08-4fa6-8383-51268b92f7b8",
            "ticker": "HIGHNY-24MAY10-B59.5",
            "count": 75,
            "created_time": "2024-05-09T14:36:27.907246Z",
            "yes_price": 29,
            "no_price": 71,
            "taker_side": "yes"
        },
        {
            "trade_id": "39dc254a-18d9-45a5-bd57-3ae383bca0bb",
            "ticker": "HIGHNY-24MAY10-B59.5",
            "count": 16,
            "created_time": "2024-05-09T14:28:33.671564Z",
            "yes_price": 28,
            "no_price": 72,
            "taker_side": "yes"
        },
        {
            "trade_id": "b7cd271d-42ce-4ed1-b290-efe02b4d9145",
            "ticker": "HIGHNY-24MAY10-B59.5",
            "count": 20,
            "created_time": "2024-05-09T14:12:25.164483Z",
            "yes_price": 24,
            "no_price": 76,
            "taker_side": "no"
        }
    ],
    "HIGHNY-24MAY10-T60": [
        {
            "trade_id": "76546584-1ebb-4abf-94ed-6f51e1248228",
            "ticker": "HIGHNY-24MAY10-T60",
            "count": 1,
            "created_time": "2024-05-10T23:26:31.266091Z",
            "yes_price": 1,
            "no_price": 99,
            "taker_side": "yes"
        },
        {
            "trade_id": "fb6a3371-69bd-40e7-94b6-33eed47c6d29",
            "ticker": "HIGHNY-24MAY10-T60",
            "count": 75,
            "created_time": "2024-05-10T12:00:05.644088Z",
            "yes_price": 2,
            "no_price": 98,
            "taker_side": "no"
        },
        {
            "trade_id": "ea02e0b2-6e33-4db4-8b1c-e46363199327",
            "ticker": "HIGHNY-24MAY10-T60",
            "count": 50,
            "created_time": "2024-05-10T12:00:05.644088Z",
            "yes_price": 1,
            "no_price": 99,
            "taker_side": "no"
        },
        {
            "trade_id": "f03241da-4209-49ed-b196-3de118224dd7",
            "ticker": "HIGHNY-24MAY10-T60",
            "count": 33,
            "created_time": "2024-05-09T23:45:15.292365Z",
            "yes_price": 35,
            "no_price": 65,
            "taker_side": "no"
        },
        {
            "trade_id": "e2eb8e26-abed-46f8-b953-094bcfcef306",
            "ticker": "HIGHNY-24MAY10-T60",
            "count": 82,
            "created_time": "2024-05-09T23:45:15.292365Z",
            "yes_price": 33,
            "no_price": 67,
            "taker_side": "no"
        },
        {
            "trade_id": "bcb7f6d6-b4e7-4f42-85de-edd0450a62db",
            "ticker": "HIGHNY-24MAY10-T60",
            "count": 82,
            "created_time": "2024-05-09T23:45:15.292365Z",
            "yes_price": 31,
            "no_price": 69,
            "taker_side": "no"
        },
        {
            "trade_id": "efa385f5-9db6-4754-84cd-19c167d711cd",
            "ticker": "HIGHNY-24MAY10-T60",
            "count": 5,
            "created_time": "2024-05-09T21:36:27.511984Z",
            "yes_price": 45,
            "no_price": 55,
            "taker_side": "yes"
        },
        {
            "trade_id": "cc2011fb-71d5-4665-9b6e-d978bae8e35c",
            "ticker": "HIGHNY-24MAY10-T60",
            "count": 53,
            "created_time": "2024-05-09T21:23:53.363707Z",
            "yes_price": 44,
            "no_price": 56,
            "taker_side": "no"
        },
        {
            "trade_id": "7e8e11d2-91c6-4034-a48f-48d36d70af06",
            "ticker": "HIGHNY-24MAY10-T60",
            "count": 132,
            "created_time": "2024-05-09T21:23:53.363707Z",
            "yes_price": 41,
            "no_price": 59,
            "taker_side": "no"
        },
        {
            "trade_id": "2a57257d-a26d-46a7-8380-ae9be7127ca0",
            "ticker": "HIGHNY-24MAY10-T60",
            "count": 132,
            "created_time": "2024-05-09T21:23:53.363707Z",
            "yes_price": 39,
            "no_price": 61,
            "taker_side": "no"
        },
        {
            "trade_id": "b21b3b24-9315-4c1f-acc3-61667f827adf",
            "ticker": "HIGHNY-24MAY10-T60",
            "count": 128,
            "created_time": "2024-05-09T21:23:40.854829Z",
            "yes_price": 47,
            "no_price": 53,
            "taker_side": "no"
        },
        {
            "trade_id": "3f5061c6-8e63-4e2a-9698-8e1f339990dc",
            "ticker": "HIGHNY-24MAY10-T60",
            "count": 26,
            "created_time": "2024-05-09T21:23:40.854829Z",
            "yes_price": 49,
            "no_price": 51,
            "taker_side": "no"
        },
        {
            "trade_id": "190b18e6-e229-4836-8291-f29157396540",
            "ticker": "HIGHNY-24MAY10-T60",
            "count": 129,
            "created_time": "2024-05-09T21:23:40.854829Z",
            "yes_price": 44,
            "no_price": 56,
            "taker_side": "no"
        },
        {
            "trade_id": "5039d98b-dd81-46b2-9215-c56906375d4a",
            "ticker": "HIGHNY-24MAY10-T60",
            "count": 25,
            "created_time": "2024-05-09T21:09:58.068694Z",
            "yes_price": 50,
            "no_price": 50,
            "taker_side": "no"
        },
        {
            "trade_id": "a93208fe-b8d0-4cdd-981a-e3f4d51920ee",
            "ticker": "HIGHNY-24MAY10-T60",
            "count": 32,
            "created_time": "2024-05-09T20:32:27.329044Z",
            "yes_price": 36,
            "no_price": 64,
            "taker_side": "no"
        },
        {
            "trade_id": "58b83a74-d30a-4505-a8ee-f7640c34649d",
            "ticker": "HIGHNY-24MAY10-T60",
            "count": 45,
            "created_time": "2024-05-09T20:32:27.329044Z",
            "yes_price": 38,
            "no_price": 62,
            "taker_side": "no"
        },
        {
            "trade_id": "fdb85b4b-c7c7-4eb5-a398-5bab1c1ae9db",
            "ticker": "HIGHNY-24MAY10-T60",
            "count": 10,
            "created_time": "2024-05-09T19:56:55.420989Z",
            "yes_price": 32,
            "no_price": 68,
            "taker_side": "no"
        },
        {
            "trade_id": "e74649b1-3920-4984-8c82-d797c1032aa0",
            "ticker": "HIGHNY-24MAY10-T60",
            "count": 10,
            "created_time": "2024-05-09T19:44:33.761752Z",
            "yes_price": 23,
            "no_price": 77,
            "taker_side": "yes"
        },
        {
            "trade_id": "978afac8-78d0-4d29-8a7d-26af95557d3c",
            "ticker": "HIGHNY-24MAY10-T60",
            "count": 19,
            "created_time": "2024-05-09T18:55:06.987105Z",
            "yes_price": 19,
            "no_price": 81,
            "taker_side": "no"
        },
        {
            "trade_id": "7dfd628b-689c-4571-b70b-14806e2d81a2",
            "ticker": "HIGHNY-24MAY10-T60",
            "count": 15,
            "created_time": "2024-05-09T18:36:26.386155Z",
            "yes_price": 31,
            "no_price": 69,
            "taker_side": "no"
        },
        {
            "trade_id": "fd704670-1d5e-4a05-a13c-29bd1054057d",
            "ticker": "HIGHNY-24MAY10-T60",
            "count": 1,
            "created_time": "2024-05-09T18:35:29.599097Z",
            "yes_price": 36,
            "no_price": 64,
            "taker_side": "yes"
        },
        {
            "trade_id": "94ac10dc-f05c-403b-b8d3-ac80d37372fa",
            "ticker": "HIGHNY-24MAY10-T60",
            "count": 1,
            "created_time": "2024-05-09T17:30:33.041523Z",
            "yes_price": 40,
            "no_price": 60,
            "taker_side": "yes"
        },
        {
            "trade_id": "fbe18d05-d43c-42e1-9400-31d64538e0d6",
            "ticker": "HIGHNY-24MAY10-T60",
            "count": 30,
            "created_time": "2024-05-09T16:16:04.488367Z",
            "yes_price": 38,
            "no_price": 62,
            "taker_side": "no"
        },
        {
            "trade_id": "53687b25-0fad-4e8f-9c58-8b0e59b349a6",
            "ticker": "HIGHNY-24MAY10-T60",
            "count": 20,
            "created_time": "2024-05-09T16:16:04.488367Z",
            "yes_price": 36,
            "no_price": 64,
            "taker_side": "no"
        },
        {
            "trade_id": "11ae95e7-5dbc-4b18-8aa2-d492fcd2c1a6",
            "ticker": "HIGHNY-24MAY10-T60",
            "count": 30,
            "created_time": "2024-05-09T15:21:43.144686Z",
            "yes_price": 39,
            "no_price": 61,
            "taker_side": "no"
        },
        {
            "trade_id": "f8e9602f-4975-4c92-82c3-8fd948980476",
            "ticker": "HIGHNY-24MAY10-T60",
            "count": 11,
            "created_time": "2024-05-09T14:19:06.842839Z",
            "yes_price": 54,
            "no_price": 46,
            "taker_side": "no"
        },
        {
            "trade_id": "84bee02b-cb9d-4064-bef7-6d0c301bc584",
            "ticker": "HIGHNY-24MAY10-T60",
            "count": 16,
            "created_time": "2024-05-09T14:16:34.64566Z",
            "yes_price": 53,
            "no_price": 47,
            "taker_side": "no"
        },
        {
            "trade_id": "ed6d683f-5886-4876-96db-7214613eafc4",
            "ticker": "HIGHNY-24MAY10-T60",
            "count": 20,
            "created_time": "2024-05-09T14:12:25.133623Z",
            "yes_price": 54,
            "no_price": 46,
            "taker_side": "no"
        },
        {
            "trade_id": "1a4eec8e-de0a-41fd-b1e1-55a7f7600419",
            "ticker": "HIGHNY-24MAY10-T60",
            "count": 10,
            "created_time": "2024-05-09T14:12:25.046552Z",
            "yes_price": 40,
            "no_price": 60,
            "taker_side": "yes"
        }
    ]
}