{
    "HIGHNY-24OCT02-T64": [
        {
            "trade_id": "e3409d94-c420-4bff-ba63-22425835e9f4",
            "ticker": "HIGHNY-24OCT02-T64",
            "count": 22,
            "created_time": "2024-10-02T13:39:49.098553Z",
            "yes_price": 1,
            "no_price": 99,
            "taker_side": "no"
        },
        {
            "trade_id": "b4652561-12f2-4605-8791-8a027726ae81",
            "ticker": "HIGHNY-24OCT02-T64",
            "count": 8,
            "created_time": "2024-10-02T12:27:32.864036Z",
            "yes_price": 1,
            "no_price": 99,
            "taker_side": "no"
        },
        {
            "trade_id": "36c1480a-be8e-4738-b238-1a92556b38ae",
            "ticker": "HIGHNY-24OCT02-T64",
            "count": 20,
            "created_time": "2024-10-02T12:05:25.411624Z",
            "yes_price": 1,
            "no_price": 99,
            "taker_side": "no"
        }
    ],
    "HIGHNY-24OCT02-B64.5": [
        {
            "trade_id": "508aaff6-a533-4c85-93ab-b26b45377fbe",
            "ticker": "HIGHNY-24OCT02-B64.5",
            "count": 3,
            "created_time": "2024-10-02T16:49:54.660799Z",
            "yes_price": 1,
            "no_price": 99,
            "taker_side": "no"
        },
        {
            "trade_id": "3c4e8f8f-7544-4ea9-9d97-1d30d259fa2c",
            "ticker": "HIGHNY-24OCT02-B64.5",
            "count": 22,
            "created_time": "2024-10-02T16:49:54.660799Z",
            "yes_price": 1,
            "no_price": 99,
            "taker_side": "no"
        },
        {
            "trade_id": "322735b7-dc38-42e8-b0ea-f07884e73fbf",
            "ticker": "HIGHNY-24OCT02-B64.5",
            "count": 6,
            "created_time": "2024-10-02T15:11:06.110917Z",
            "yes_price": 1,
            "no_price": 99,
            "taker_side": "no"
        },
        {
            "trade_id": "70964b1b-c612-46b2-96c0-9c1a1a6e0272",
            "ticker": "HIGHNY-24OCT02-B64.5",
            "count": 4,
            "created_time": "2024-10-02T15:04:57.555628Z",
            "yes_price": 1,
            "no_price": 99,
            "taker_side": "no"
        },
        {
            "trade_id": "64da5261-207e-43c7-807a-419e38f05342",
            "ticker": "HIGHNY-24OCT02-B64.5",
            "count": 18,
            "created_time": "2024-10-02T14:18:47.070158Z",
            "yes_price": 1,
            "no_price": 99,
            "taker_side": "no"
        },
        {
            "trade_id": "fec94b65-9bb7-454d-8382-bde380ab6d43",
            "ticker": "HIGHNY-24OCT02-B64.5",
            "count": 22,
            "created_time": "2024-10-02T13:39:49.089013Z",
            "yes_price": 2,
            "no_price": 98,
            "taker_side": "no"
        },
        {
            "trade_id": "dcd8839f-aa98-42b5-aec1-dbd78281695c",
            "ticker": "HIGHNY-24OCT02-B64.5",
            "count": 8,
            "created_time": "2024-10-02T12:27:32.888073Z",
            "yes_price": 2,
            "no_price": 98,
            "taker_side": "no"
        },
        {
            "trade_id": "2301ebd6-6f41-48d0-959b-1ea8b56d89c8",
            "ticker": "HIGHNY-24OCT02-B64.5",
            "count": 20,
            "created_time": "2024-10-02T12:05:25.450707Z",
            "yes_price": 2,
            "no_price": 98,
            "taker_side": "no"
        },
        {
            "trade_id": "acc6f30d-f546-4ac5-ba35-75dc14444720",
            "ticker": "HIGHNY-24OCT02-B64.5",
            "count": 10,
            "created_time": "2024-10-01T23:13:33.176454Z",
            "yes_price": 10,
            "no_price": 90,
            "taker_side": "no"
        },
        {
            "trade_id": "215fb696-6756-445c-a485-1779657a8fac",
            "ticker": "HIGHNY-24OCT02-B64.5",
            "count": 27,
            "created_time": "2024-10-01T23:13:33.176454Z",
            "yes_price": 6,
            "no_price": 94,
            "taker_side": "no"
        },
        {
            "trade_id": "f4d9c81d-9548-4126-ac04-1159a0d6bc78",
            "ticker": "HIGHNY-24OCT02-B64.5",
            "count": 2,
            "created_time": "2024-10-01T22:01:51.151954Z",
            "yes_price": 16,
            "no_price": 84,
            "taker_side": "no"
        },
        {
            "trade_id": "7d22fcc2-429f-4a20-871e-f618d0e7ac19",
            "ticker": "HIGHNY-24OCT02-B64.5",
            "count": 10,
            "created_time": "2024-10-01T21:32:36.766864Z",
            "yes_price": 13,
            "no_price": 87,
            "taker_side": "yes"
        },
        {
            "trade_id": "37476dc8-969c-43fd-9754-ddd99d2c026d",
            "ticker": "HIGHNY-24OCT02-B64.5",
            "count": 10,
            "created_time": "2024-10-01T15:40:40.281588Z",
            "yes_price": 9,
            "no_price": 91,
            "taker_side": "yes"
        }
    ],
    "HIGHNY-24OCT02-B66.5": [
        {
            "trade_id": "e96b28b1-1418-4a63-b248-a2e9b26485c1",
            "ticker": "HIGHNY-24OCT02-B66.5",
            "count": 250,
            "created_time": "2024-10-02T23:44:24.729641Z",
            "yes_price": 1,
            "no_price": 99,
            "taker_side": "yes"
        },
        {
            "trade_id": "d9863497-5f47-40f1-b909-fcf849505670",
            "ticker": "HIGHNY-24OCT02-B66.5",
            "count": 100,
            "created_time": "2024-10-02T21:07:59.461531Z",
            "yes_price": 1,
            "no_price": 99,
            "taker_side": "yes"
        },
        {
            "trade_id": "f41ec888-c6ae-4b62-a5d2-e801d4351ca3",
            "ticker": "HIGHNY-24OCT02-B66.5",
            "count": 140,
            "created_time": "2024-10-02T21:06:02.486742Z",
            "yes_price": 1,
            "no_price": 99,
            "taker_side": "yes"
        },
        {
            "trade_id": "2d779091-eccf-455d-9f03-850069b3be1f",
            "ticker": "HIGHNY-24OCT02-B66.5",
            "count": 35,
            "created_time": "2024-10-02T19:29:29.796064Z",
            "yes_price": 1,
            "no_price": 99,
            "taker_side": "yes"
        },
        {
            "trade_id": "a424d02d-7d8e-4704-9c90-011dea62749a",
            "ticker": "HIGHNY-24OCT02-B66.5",
            "count": 17,
            "created_time": "2024-10-02T18:52:58.938923Z",
            "yes_price": 3,
            "no_price": 97,
            "taker_side": "no"
        },
        {
            "trade_id": "9d7c3002-6f66-4641-a426-355ca97f631c",
            "ticker": "HIGHNY-24OCT02-B66.5",
            "count": 50,
            "created_time": "2024-10-02T18:52:58.938923Z",
            "yes_price": 1,
            "no_price": 99,
            "taker_side": "no"
        },
        {
            "trade_id": "36bc564f-91db-49f4-b377-180681e78010",
            "ticker": "HIGHNY-24OCT02-B66.5",
            "count": 12,
            "created_time": "2024-10-02T18:52:58.938923Z",
            "yes_price": 1,
            "no_price": 99,
            "taker_side": "no"
        },
        {
            "trade_id": "dfb86c4c-4f77-43b3-8de1-490688421b67",
            "ticker": "HIGHNY-24OCT02-B66.5",
            "count": 2,
            "created_time": "2024-10-02T18:52:33.849483Z",
            "yes_price": 10,
            "no_price": 90,
            "taker_side": "no"
        },
        {
            "trade_id": "3c2a967c-e6df-4a51-9e6f-28eebea09b84",
            "ticker": "HIGHNY-24OCT02-B66.5",
            "count": 10,
            "created_time": "2024-10-02T18:52:33.849483Z",
            "yes_price": 10,
            "no_price": 90,
            "taker_side": "no"
        },
        {
            "trade_id": "55114a7b-f95b-4700-b4e4-6995a0b759b7",
            "ticker": "HIGHNY-24OCT02-B66.5",
            "count": 100,
            "created_time": "2024-10-02T17:59:11.353219Z",
            "yes_price": 40,
            "no_price": 60,
            "taker_side": "no"
        },
        {
            "trade_id": "3da9ca45-9a0b-41af-9bd7-ae1ee7ca3405",
            "ticker": "HIGHNY-24OCT02-B66.5",
            "count": 3,
            "created_time": "2024-10-02T17:59:11.353219Z",
            "yes_price": 40,
            "no_price": 60,
            "taker_side": "no"
        },
        {
            "trade_id": "989b0550-c1cf-4d02-b85d-dd16324a76b8",
            "ticker": "HIGHNY-24OCT02-B66.5",
            "count": 6,
            "created_time": "2024-10-02T15:11:06.018451Z",
            "yes_price": 44,
            "no_price": 56,
            "taker_side": "yes"
        },
        {
            "trade_id": "0da6ec50-1042-41ac-9f9c-3037bf951848",
            "ticker": "HIGHNY-24OCT02-B66.5",
            "count": 1,
            "created_time": "2024-10-02T15:06:08.751667Z",
            "yes_price": 29,
            "no_price": 71,
            "taker_side": "yes"
        },
        {
            "trade_id": "2be4b9a3-0853-42bd-abcb-315533e2e743",
            "ticker": "HIGHNY-24OCT02-B66.5",
            "count": 3,
            "created_time": "2024-10-02T15:05:50.463879Z",
            "yes_price": 28,
            "no_price": 72,
            "taker_side": "yes"
        },
        {
            "trade_id": "0663d3cb-2ed2-4028-a400-6a0407950ea4",
            "ticker": "HIGHNY-24OCT02-B66.5",
            "count": 180,
            "created_time": "2024-10-02T15:05:40.921997Z",
            "yes_price": 29,
            "no_price": 71,
            "taker_side": "yes"
        },
        {
            "trade_id": "11d322f6-38f7-48a9-8f1a-cfb95a258ccc",
            "ticker": "HIGHNY-24OCT02-B66.5",
            "count": 36,
            "created_time": "2024-10-02T15:05:36.69253Z",
            "yes_price": 27,
            "no_price": 73,
            "taker_side": "yes"
        },
        {
            "trade_id": "b2e170e8-1492-4b83-9f18-61ae04ccd849",
            "ticker": "HIGHNY-24OCT02-B66.5",
            "count": 10,
            "created_time": "2024-10-02T15:05:32.016286Z",
            "yes_price": 25,
            "no_price": 75,
            "taker_side": "yes"
        },
        {
            "trade_id": "fe0150ad-346d-4614-80f8-417f171cca9d",
            "ticker": "HIGHNY-24OCT02-B66.5",
            "count": 130,
            "created_time": "2024-10-02T15:01:07.285005Z",
            "yes_price": 26,
            "no_price": 74,
            "taker_side": "yes"
        },
        {
            "trade_id": "643f36b7-35d0-4dcd-9eee-b9affbec9619",
            "ticker": "HIGHNY-24OCT02-B66.5",
            "count": 108,
            "created_time": "2024-10-02T15:01:07.285005Z",
            "yes_price": 24,
            "no_price": 76,
            "taker_side": "yes"
        },
        {
            "trade_id": "cf5c938f-e73b-4d1e-b256-ba2730829798",
            "ticker": "HIGHNY-24OCT02-B66.5",
            "count": 1,
            "created_time": "2024-10-02T14:57:01.925595Z",
            "yes_price": 24,
            "no_price": 76,
            "taker_side": "yes"
        },
        {
            "trade_id": "d3c68214-c744-4e4d-a740-7c810f8fdda3",
            "ticker": "HIGHNY-24OCT02-B66.5",
            "count": 176,
            "created_time": "2024-10-02T14:32:40.20249Z",
            "yes_price": 29,
            "no_price": 71,
            "taker_side": "no"
        },
        {
            "trade_id": "7578ce65-9677-4532-85d9-3aadf14e0fff",
            "ticker": "HIGHNY-24OCT02-B66.5",
            "count": 180,
            "created_time": "2024-10-02T14:32:40.188433Z",
            "yes_price": 29,
            "no_price": 71,
            "taker_side": "no"
        },
        {
            "trade_id": "e18a318f-903b-4e41-ab49-0e8951e829a4",
            "ticker": "HIGHNY-24OCT02-B66.5",
            "count": 126,
            "created_time": "2024-10-02T14:32:40.171258Z",
            "yes_price": 29,
            "no_price": 71,
            "taker_side": "no"
        },
        {
            "trade_id": "1f78b372-3b9c-4454-baf2-bac03e5fdd00",
            "ticker": "HIGHNY-24OCT02-B66.5",
            "count": 18,
            "created_time": "2024-10-02T14:18:47.11175Z",
            "yes_price": 29,
            "no_price": 71,
            "taker_side": "no"
        },
        {
            "trade_id": "04656cd8-d113-4e22-a77f-ce2c9553c26c",
            "ticker": "HIGHNY-24OCT02-B66.5",
            "count": 7,
            "created_time": "2024-10-02T13:57:15.659049Z",
            "yes_price": 33,
            "no_price": 67,
            "taker_side": "no"
        },
        {
            "trade_id": "dec94d66-2644-42b8-9c96-d506cebc4161",
            "ticker": "HIGHNY-24OCT02-B66.5",
            "count": 90,
            "created_time": "2024-10-02T13:39:48.98031Z",
            "yes_price": 44,
            "no_price": 56,
            "taker_side": "yes"
        },
        {
            "trade_id": "9ea7a080-7093-400b-bb09-6e9f73073313",
            "ticker": "HIGHNY-24OCT02-B66.5",
            "count": 22,
            "created_time": "2024-10-02T13:39:48.98031Z",
            "yes_price": 44,
            "no_price": 56,
            "taker_side": "yes"
        },
        {
            "trade_id": "6e3301c8-e1e2-4622-916e-685e6b16bec8",
            "ticker": "HIGHNY-24OCT02-B66.5",
            "count": 8,
            "created_time": "2024-10-02T12:27:32.86875Z",
            "yes_price": 23,
            "no_price": 77,
            "taker_side": "no"
        },
        {
            "trade_id": "4a19d776-5c83-4201-b4bf-e8bb7a4f950f",
            "ticker": "HIGHNY-24OCT02-B66.5",
            "count": 20,
            "created_time": "2024-10-02T12:05:25.43413Z",
            "yes_price": 23,
            "no_price": 77,
            "taker_side": "no"
        },
        {
            "trade_id": "802317dc-45c5-4daf-9491-59d135d99b17",
            "ticker": "HIGHNY-24OCT02-B66.5",
            "count": 49,
            "created_time": "2024-10-02T12:00:15.88316Z",
            "yes_price": 31,
            "no_price": 69,
            "taker_side": "no"
        },
        {
            "trade_id": "74d45474-3b47-4fd6-acce-e67dd6649ce9",
            "ticker": "HIGHNY-24OCT02-B66.5",
            "count": 72,
            "created_time": "2024-10-02T12:00:15.867214Z",
            "yes_price": 31,
            "no_price": 69,
            "taker_side": "no"
        },
        {
            "trade_id": "b125afd6-c133-493b-aba9-cfeb8e03706d",
            "ticker": "HIGHNY-24OCT02-B66.5",
            "count": 15,
            "created_time": "2024-10-02T03:15:12.280845Z",
            "yes_price": 32,
            "no_price": 68,
            "taker_side": "no"
        },
        {
            "trade_id": "1405f359-8698-46a0-be7e-3fdb4ac0d0b7",
            "ticker": "HIGHNY-24OCT02-B66.5",
            "count": 20,
            "created_time": "2024-10-02T03:15:12.280845Z",
            "yes_price": 31,
            "no_price": 69,
            "taker_side": "no"
        },
        {
            "trade_id": "5b0935ed-102f-44c2-b1ee-b2549ea36e0c",
            "ticker": "HIGHNY-24OCT02-B66.5",
            "count": 200,
            "created_time": "2024-10-02T02:05:34.591811Z",
            "yes_price": 33,
            "no_price": 67,
            "taker_side": "no"
        },
        {
            "trade_id": "74da8c71-c5ea-47bd-bde1-d3e13f50f054",
            "ticker": "HIGHNY-24OCT02-B66.5",
            "count": 30,
            "created_time": "2024-10-02T01:42:47.0312Z",
            "yes_price": 38,
            "no_price": 62,
            "taker_side": "yes"
        },
        {
            "trade_id": "c45cabba-6b1c-4762-a2f6-6126f6d9016f",
            "ticker": "HIGHNY-24OCT02-B66.5",
            "count": 4,
            "created_time": "2024-10-02T01:29:47.590195Z",
            "yes_price": 31,
            "no_price": 69,
            "taker_side": "no"
        },
        {
            "trade_id": "65c579e4-96a0-4530-a831-4681162399dc",
            "ticker": "HIGHNY-24OCT02-B66.5",
            "count": 60,
            "created_time": "2024-10-02T00:59:43.136837Z",
            "yes_price": 37,
            "no_price": 63,
            "taker_side": "yes"
        },
        {
            "trade_id": "73bb8d08-d6f7-4aa4-a02b-c79e81ddb5ec",
            "ticker": "HIGHNY-24OCT02-B66.5",
            "count": 30,
            "created_time": "2024-10-01T22:22:56.406145Z",
            "yes_price": 38,
            "no_price": 62,
            "taker_side": "yes"
        },
        {
            "trade_id": "bd8ad1fd-9889-4d5c-8b39-39d8504b86c1",
            "ticker": "HIGHNY-24OCT02-B66.5",
            "count": 58,
            "created_time": "2024-10-01T16:28:41.177949Z",
            "yes_price": 37,
            "no_price": 63,
            "taker_side": "no"
        },
        {
            "trade_id": "413cb4a4-b785-4e46-9f2b-150c112a74ce",
            "ticker": "HIGHNY-24OCT02-B66.5",
            "count": 150,
            "created_time": "2024-10-01T16:28:41.177949Z",
            "yes_price": 39,
            "no_price": 61,
            "taker_side": "no"
        },
        {
            "trade_id": "3577ec47-6386-46f9-b3ea-043c0b416ba4",
            "ticker": "HIGHNY-24OCT02-B66.5",
            "count": 30,
            "created_time": "2024-10-01T16:28:41.177949Z",
            "yes_price": 42,
            "no_price": 58,
            "taker_side": "no"
        },
        {
            "trade_id": "87db8b68-c521-4e5e-a22b-b8d6c75700ad",
            "ticker": "HIGHNY-24OCT02-B66.5",
            "count": 10,
            "created_time": "2024-10-01T15:32:37.408484Z",
            "yes_price": 31,
            "no_price": 69,
            "taker_side": "yes"
        }
    ],
    "HIGHNY-24OCT02-B68.5": [
        {
            "trade_id": "f9633772-2465-4905-a3db-cb2ecb214e8e",
            "ticker": "HIGHNY-24OCT02-B68.5",
            "count": 50,
            "created_time": "2024-10-02T20:35:49.990766Z",
            "yes_price": 99,
            "no_price": 1,
            "taker_side": "yes"
        },
        {
            "trade_id": "8a27b31b-c5e3-424a-a98d-d9df0fe720da",
            "ticker": "HIGHNY-24OCT02-B68.5",
            "count": 20,
            "created_time": "2024-10-02T20:35:49.990766Z",
            "yes_price": 98,
            "no_price": 2,
            "taker_side": "yes"
        },
        {
            "trade_id": "9c0bc268-c3d8-42a6-a957-b6b989b47aad",
            "ticker": "HIGHNY-24OCT02-B68.5",
            "count": 30,
            "created_time": "2024-10-02T20:33:15.233581Z",
            "yes_price": 97,
            "no_price": 3,
            "taker_side": "yes"
        },
        {
            "trade_id": "44e58d8d-61bd-4800-91ba-b7c096998767",
            "ticker": "HIGHNY-24OCT02-B68.5",
            "count": 10,
            "created_time": "2024-10-02T20:33:15.233581Z",
            "yes_price": 97,
            "no_price": 3,
            "taker_side": "yes"
        },
        {
            "trade_id": "6661a4a9-f631-4925-bab9-8cf9457426ba",
            "ticker": "HIGHNY-24OCT02-B68.5",
            "count": 15,
            "created_time": "2024-10-02T20:17:49.963969Z",
            "yes_price": 97,
            "no_price": 3,
            "taker_side": "yes"
        },
        {
            "trade_id": "84f9abbc-6a56-4eea-b242-5bd2e0491b78",
            "ticker": "HIGHNY-24OCT02-B68.5",
            "count": 1,
            "created_time": "2024-10-02T19:40:58.003864Z",
            "yes_price": 85,
            "no_price": 15,
            "taker_side": "no"
        },
        {
            "trade_id": "32507754-eed3-4aa5-a713-07464434a9d3",
            "ticker": "HIGHNY-24OCT02-B68.5",
            "count": 1,
            "created_time": "2024-10-02T19:40:53.019898Z",
            "yes_price": 85,
            "no_price": 15,
            "taker_side": "yes"
        },
        {
            "trade_id": "81537a4e-af66-4e28-9bdd-dc7160d37a09",
            "ticker": "HIGHNY-24OCT02-B68.5",
            "count": 2,
            "created_time": "2024-10-02T19:02:37.969078Z",
            "yes_price": 85,
            "no_price": 15,
            "taker_side": "yes"
        },
        {
            "trade_id": "bf3880e5-905c-4392-b753-27666d31a5c0",
            "ticker": "HIGHNY-24OCT02-B68.5",
            "count": 4,
            "created_time": "2024-10-02T19:02:28.212267Z",
            "yes_price": 85,
            "no_price": 15,
            "taker_side": "yes"
        },
        {
            "trade_id": "3889c3c1-fdf6-4488-ae64-1ba5093085ac",
            "ticker": "HIGHNY-24OCT02-B68.5",
            "count": 8,
            "created_time": "2024-10-02T19:02:18.682622Z",
            "yes_price": 85,
            "no_price": 15,
            "taker_side": "yes"
        },
        {
            "trade_id": "8e5fd7ed-f6cc-49cd-a866-297e9309ed2b",
            "ticker": "HIGHNY-24OCT02-B68.5",
            "count": 4,
            "created_time": "2024-10-02T18:55:33.431374Z",
            "yes_price": 85,
            "no_price": 15,
            "taker_side": "yes"
        },
        {
            "trade_id": "7d80cd99-9368-4feb-abfc-3a186b92a5e5",
            "ticker": "HIGHNY-24OCT02-B68.5",
            "count": 5,
            "created_time": "2024-10-02T16:44:07.384674Z",
            "yes_price": 84,
            "no_price": 16,
            "taker_side": "yes"
        },
        {
            "trade_id": "377811b2-ff9c-42f0-8df1-495e9edff374",
            "ticker": "HIGHNY-24OCT02-B68.5",
            "count": 6,
            "created_time": "2024-10-02T16:44:07.384674Z",
            "yes_price": 81,
            "no_price": 19,
            "taker_side": "yes"
        },
        {
            "trade_id": "d8c76594-e685-4787-af81-103662b6fba0",
            "ticker": "HIGHNY-24OCT02-B68.5",
            "count": 8,
            "created_time": "2024-10-02T15:41:27.282272Z",
            "yes_price": 84,
            "no_price": 16,
            "taker_side": "yes"
        },
        {
            "trade_id": "68ac8c1b-1598-4f85-a9d5-7350167a69a9",
            "ticker": "HIGHNY-24OCT02-B68.5",
            "count": 10,
            "created_time": "2024-10-02T15:41:27.282272Z",
            "yes_price": 67,
            "no_price": 33,
            "taker_side": "yes"
        },
        {
            "trade_id": "4a86e2a3-ef35-4446-9f06-0a93edb5dbd4",
            "ticker": "HIGHNY-24OCT02-B68.5",
            "count": 8,
            "created_time": "2024-10-02T15:41:27.282272Z",
            "yes_price": 75,
            "no_price": 25,
            "taker_side": "yes"
        },
        {
            "trade_id": "842ce9d0-8449-42ad-9a5f-0bc228b4899d",
            "ticker": "HIGHNY-24OCT02-B68.5",
            "count": 6,
            "created_time": "2024-10-02T15:11:06.094944Z",
            "yes_price": 57,
            "no_price": 43,
            "taker_side": "no"
        },
        {
            "trade_id": "768fe254-a9a0-4b62-a7f3-4a4260b494b8",
            "ticker": "HIGHNY-24OCT02-B68.5",
            "count": 1,
            "created_time": "2024-10-02T15:06:14.163357Z",
            "yes_price": 58,
            "no_price": 42,
            "taker_side": "yes"
        },
        {
            "trade_id": "1f1bb76e-2cfd-46e1-ad59-dac7a2c1160f",
            "ticker": "HIGHNY-24OCT02-B68.5",
            "count": 3,
            "created_time": "2024-10-02T15:05:56.227596Z",
            "yes_price": 58,
            "no_price": 42,
            "taker_side": "yes"
        },
        {
            "trade_id": "501ca682-fe1a-4225-a578-487d1c239120",
            "ticker": "HIGHNY-24OCT02-B68.5",
            "count": 1,
            "created_time": "2024-10-02T14:56:55.554322Z",
            "yes_price": 62,
            "no_price": 38,
            "taker_side": "yes"
        },
        {
            "trade_id": "ea661fc2-291c-4eb3-a8fa-9cc823683025",
            "ticker": "HIGHNY-24OCT02-B68.5",
            "count": 7,
            "created_time": "2024-10-02T14:33:43.817506Z",
            "yes_price": 63,
            "no_price": 37,
            "taker_side": "yes"
        },
        {
            "trade_id": "24103907-0ee4-4e02-9bcb-7dda97ca9cf4",
            "ticker": "HIGHNY-24OCT02-B68.5",
            "count": 18,
            "created_time": "2024-10-02T14:18:46.990767Z",
            "yes_price": 59,
            "no_price": 41,
            "taker_side": "yes"
        },
        {
            "trade_id": "b90801b8-9135-4b3f-92fe-45e515cb21cb",
            "ticker": "HIGHNY-24OCT02-B68.5",
            "count": 180,
            "created_time": "2024-10-02T13:56:40.050084Z",
            "yes_price": 51,
            "no_price": 49,
            "taker_side": "yes"
        },
        {
            "trade_id": "20317de4-791d-4729-9a1f-bc50676829bf",
            "ticker": "HIGHNY-24OCT02-B68.5",
            "count": 180,
            "created_time": "2024-10-02T13:56:40.050084Z",
            "yes_price": 54,
            "no_price": 46,
            "taker_side": "yes"
        },
        {
            "trade_id": "1bf9ef05-26ef-4cb9-b627-e820d5eeb545",
            "ticker": "HIGHNY-24OCT02-B68.5",
            "count": 36,
            "created_time": "2024-10-02T13:56:40.050084Z",
            "yes_price": 49,
            "no_price": 51,
            "taker_side": "yes"
        },
        {
            "trade_id": "2e2677e5-345f-4bec-a210-ed8fbf871166",
            "ticker": "HIGHNY-24OCT02-B68.5",
            "count": 22,
            "created_time": "2024-10-02T13:39:49.091402Z",
            "yes_price": 42,
            "no_price": 58,
            "taker_side": "no"
        },
        {
            "trade_id": "42c39e18-1c61-448d-b4b0-fe5e75fcae0b",
            "ticker": "HIGHNY-24OCT02-B68.5",
            "count": 4,
            "created_time": "2024-10-02T12:42:34.467461Z",
            "yes_price": 59,
            "no_price": 41,
            "taker_side": "yes"
        },
        {
            "trade_id": "fa64289d-d087-4ff3-9b5d-2c314371d8c6",
            "ticker": "HIGHNY-24OCT02-B68.5",
            "count": 8,
            "created_time": "2024-10-02T12:27:32.787989Z",
            "yes_price": 57,
            "no_price": 43,
            "taker_side": "yes"
        },
        {
            "trade_id": "ad11cdd1-9276-43b8-9731-46a859062ab5",
            "ticker": "HIGHNY-24OCT02-B68.5",
            "count": 8,
            "created_time": "2024-10-02T12:27:32.787989Z",
            "yes_price": 57,
            "no_price": 43,
            "taker_side": "yes"
        },
        {
            "trade_id": "88b92459-8a59-4272-ba5d-ffe7929752f4",
            "ticker": "HIGHNY-24OCT02-B68.5",
            "count": 1,
            "created_time": "2024-10-02T12:27:32.787989Z",
            "yes_price": 58,
            "no_price": 42,
            "taker_side": "yes"
        },
        {
            "trade_id": "c37f37b9-a54b-47b1-8643-53983c5eeeba",
            "ticker": "HIGHNY-24OCT02-B68.5",
            "count": 20,
            "created_time": "2024-10-02T12:05:25.458011Z",
            "yes_price": 53,
            "no_price": 47,
            "taker_side": "no"
        },
        {
            "trade_id": "62247c19-4622-4a50-98da-5870929dc090",
            "ticker": "HIGHNY-24OCT02-B68.5",
            "count": 16,
            "created_time": "2024-10-02T12:00:26.103432Z",
            "yes_price": 53,
            "no_price": 47,
            "taker_side": "yes"
        },
        {
            "trade_id": "7cec693e-d569-4a93-a3e3-17dae69ddfa9",
            "ticker": "HIGHNY-24OCT02-B68.5",
            "count": 90,
            "created_time": "2024-10-02T12:00:15.926439Z",
            "yes_price": 53,
            "no_price": 47,
            "taker_side": "yes"
        },
        {
            "trade_id": "7c2bfc30-a71b-47e4-86fe-30ef3e66fffc",
            "ticker": "HIGHNY-24OCT02-B68.5",
            "count": 5,
            "created_time": "2024-10-02T01:30:23.083481Z",
            "yes_price": 51,
            "no_price": 49,
            "taker_side": "yes"
        },
        {
            "trade_id": "7472893f-a5f6-43d8-9ece-40c36f324dfb",
            "ticker": "HIGHNY-24OCT02-B68.5",
            "count": 30,
            "created_time": "2024-10-01T22:22:12.583718Z",
            "yes_price": 48,
            "no_price": 52,
            "taker_side": "yes"
        },
        {
            "trade_id": "01e1f471-349f-4b64-b6af-d3a33ba6afcc",
            "ticker": "HIGHNY-24OCT02-B68.5",
            "count": 15,
            "created_time": "2024-10-01T21:40:42.891462Z",
            "yes_price": 40,
            "no_price": 60,
            "taker_side": "no"
        },
        {
            "trade_id": "79d038d5-261b-432e-a87c-8eb6d86b52ca",
            "ticker": "HIGHNY-24OCT02-B68.5",
            "count": 60,
            "created_time": "2024-10-01T21:36:44.546982Z",
            "yes_price": 40,
            "no_price": 60,
            "taker_side": "no"
        },
        {
            "trade_id": "ccb08531-9258-43e6-a268-07b765501290",
            "ticker": "HIGHNY-24OCT02-B68.5",
            "count": 75,
            "created_time": "2024-10-01T21:36:35.229994Z",
            "yes_price": 40,
            "no_price": 60,
            "taker_side": "no"
        },
        {
            "trade_id": "f2394f76-892e-4585-bbd8-4044805ae02f",
            "ticker": "HIGHNY-24OCT02-B68.5",
            "count": 75,
            "created_time": "2024-10-01T17:15:00.235574Z",
            "yes_price": 38,
            "no_price": 62,
            "taker_side": "yes"
        },
        {
            "trade_id": "4c70adec-8084-4188-8f05-1dfe4ebbfba0",
            "ticker": "HIGHNY-24OCT02-B68.5",
            "count": 47,
            "created_time": "2024-10-01T17:15:00.235574Z",
            "yes_price": 41,
            "no_price": 59,
            "taker_side": "yes"
        }
    ],
    "HIGHNY-24OCT02-B70.5": [
        {
            "trade_id": "d7bcab08-fd7a-4750-b513-e84fb1ee4d45",
            "ticker": "HIGHNY-24OCT02-B70.5",
            "count": 442,
            "created_time": "2024-10-03T03:24:35.986637Z",
            "yes_price": 2,
            "no_price": 98,
            "taker_side": "yes"
        },
        {
            "trade_id": "aad1c065-8256-4f7b-ae36-eee2c0924733",
            "ticker": "HIGHNY-24OCT02-B70.5",
            "count": 50,
            "created_time": "2024-10-03T03:24:35.986637Z",
            "yes_price": 1,
            "no_price": 99,
            "taker_side": "yes"
        },
        {
            "trade_id": "c12167b5-280a-4551-9c1b-73fcabf33471",
            "ticker": "HIGHNY-24OCT02-B70.5",
            "count": 50,
            "created_time": "2024-10-02T20:35:59.719148Z",
            "yes_price": 1,
            "no_price": 99,
            "taker_side": "no"
        },
        {
            "trade_id": "18ca4ec1-db28-487b-9732-bb0bf5ed39de",
            "ticker": "HIGHNY-24OCT02-B70.5",
            "count": 3,
            "created_time": "2024-10-02T20:35:59.719148Z",
            "yes_price": 1,
            "no_price": 99,
            "taker_side": "no"
        },
        {
            "trade_id": "d166bb77-1348-4d12-a413-54fd8822c1dc",
            "ticker": "HIGHNY-24OCT02-B70.5",
            "count": 100,
            "created_time": "2024-10-02T19:41:06.678739Z",
            "yes_price": 10,
            "no_price": 90,
            "taker_side": "yes"
        },
        {
            "trade_id": "713de289-eb72-4d30-9476-ab451cea9f46",
            "ticker": "HIGHNY-24OCT02-B70.5",
            "count": 2,
            "created_time": "2024-10-02T19:02:37.975141Z",
            "yes_price": 10,
            "no_price": 90,
            "taker_side": "yes"
        },
        {
            "trade_id": "d2ad4cd2-c7fc-4896-847c-23c8224ed7db",
            "ticker": "HIGHNY-24OCT02-B70.5",
            "count": 4,
            "created_time": "2024-10-02T19:02:28.237956Z",
            "yes_price": 10,
            "no_price": 90,
            "taker_side": "yes"
        },
        {
            "trade_id": "362d0539-3037-43a1-a928-c92c045966d8",
            "ticker": "HIGHNY-24OCT02-B70.5",
            "count": 8,
            "created_time": "2024-10-02T19:02:18.688256Z",
            "yes_price": 10,
            "no_price": 90,
            "taker_side": "yes"
        },
        {
            "trade_id": "ff7bbc74-8d2a-4310-8627-34fab60864a8",
            "ticker": "HIGHNY-24OCT02-B70.5",
            "count": 2,
            "created_time": "2024-10-02T17:32:12.548551Z",
            "yes_price": 3,
            "no_price": 97,
            "taker_side": "no"
        },
        {
            "trade_id": "4031fc0a-63a7-487f-be81-d838fbaf83d9",
            "ticker": "HIGHNY-24OCT02-B70.5",
            "count": 2,
            "created_time": "2024-10-02T16:53:56.493215Z",
            "yes_price": 4,
            "no_price": 96,
            "taker_side": "no"
        },
        {
            "trade_id": "0abb64ff-8846-498d-8fab-adbff365e5fd",
            "ticker": "HIGHNY-24OCT02-B70.5",
            "count": 6,
            "created_time": "2024-10-02T15:11:06.110062Z",
            "yes_price": 14,
            "no_price": 86,
            "taker_side": "no"
        },
        {
            "trade_id": "cb129aac-ca9a-46f9-8a54-4c332396f897",
            "ticker": "HIGHNY-24OCT02-B70.5",
            "count": 4,
            "created_time": "2024-10-02T15:05:04.998076Z",
            "yes_price": 14,
            "no_price": 86,
            "taker_side": "no"
        },
        {
            "trade_id": "4e75acb5-4133-47cf-a930-37060b11882e",
            "ticker": "HIGHNY-24OCT02-B70.5",
            "count": 18,
            "created_time": "2024-10-02T14:18:47.063534Z",
            "yes_price": 11,
            "no_price": 89,
            "taker_side": "no"
        },
        {
            "trade_id": "84433587-6624-4781-b02b-554ad664f938",
            "ticker": "HIGHNY-24OCT02-B70.5",
            "count": 48,
            "created_time": "2024-10-02T13:40:04.163182Z",
            "yes_price": 13,
            "no_price": 87,
            "taker_side": "no"
        },
        {
            "trade_id": "2b933afd-8e06-439e-901c-850ff5b516dd",
            "ticker": "HIGHNY-24OCT02-B70.5",
            "count": 22,
            "created_time": "2024-10-02T13:39:49.090806Z",
            "yes_price": 13,
            "no_price": 87,
            "taker_side": "no"
        },
        {
            "trade_id": "3e610e7a-1601-417e-924a-b5b0c82356b0",
            "ticker": "HIGHNY-24OCT02-B70.5",
            "count": 10,
            "created_time": "2024-10-02T13:39:37.190612Z",
            "yes_price": 13,
            "no_price": 87,
            "taker_side": "no"
        },
        {
            "trade_id": "d029fc6d-fa3b-44a3-a743-1688514bef6a",
            "ticker": "HIGHNY-24OCT02-B70.5",
            "count": 7,
            "created_time": "2024-10-02T13:24:35.564815Z",
            "yes_price": 14,
            "no_price": 86,
            "taker_side": "no"
        },
        {
            "trade_id": "cdbee369-b1ec-431c-8203-84ba95e09498",
            "ticker": "HIGHNY-24OCT02-B70.5",
            "count": 8,
            "created_time": "2024-10-02T12:27:32.870308Z",
            "yes_price": 15,
            "no_price": 85,
            "taker_side": "no"
        },
        {
            "trade_id": "ff74b1f3-6d8e-4e77-8356-f3e7d34b561e",
            "ticker": "HIGHNY-24OCT02-B70.5",
            "count": 20,
            "created_time": "2024-10-02T12:05:25.416167Z",
            "yes_price": 13,
            "no_price": 87,
            "taker_side": "no"
        },
        {
            "trade_id": "47d47672-4bb8-475b-afae-08f55cedd1eb",
            "ticker": "HIGHNY-24OCT02-B70.5",
            "count": 30,
            "created_time": "2024-10-02T03:15:35.177089Z",
            "yes_price": 13,
            "no_price": 87,
            "taker_side": "yes"
        }
    ],
    "HIGHNY-24OCT02-T71": [
        {
            "trade_id": "bc51c157-ca38-4b5c-857b-fa7033cadd59",
            "ticker": "HIGHNY-24OCT02-T71",
            "count": 2,
            "created_time": "2024-10-02T19:02:37.978Z",
            "yes_price": 3,
            "no_price": 97,
            "taker_side": "yes"
        },
        {
            "trade_id": "df279ecb-b6a1-4fa4-a4ea-7f45d5c88240",
            "ticker": "HIGHNY-24OCT02-T71",
            "count": 4,
            "created_time": "2024-10-02T19:02:28.214625Z",
            "yes_price": 3,
            "no_price": 97,
            "taker_side": "yes"
        },
        {
            "trade_id": "9780214c-538c-43b8-aa09-8514fc4abf81",
            "ticker": "HIGHNY-24OCT02-T71",
            "count": 8,
            "created_time": "2024-10-02T19:02:18.687594Z",
            "yes_price": 3,
            "no_price": 97,
            "taker_side": "yes"
        },
        {
            "trade_id": "ad42e83d-7ecc-4f6e-a3db-faa505199665",
            "ticker": "HIGHNY-24OCT02-T71",
            "count": 18,
            "created_time": "2024-10-02T19:01:17.507443Z",
            "yes_price": 1,
            "no_price": 99,
            "taker_side": "no"
        },
        {
            "trade_id": "ecec29b9-7f44-40d3-8dbd-6456ba959196",
            "ticker": "HIGHNY-24OCT02-T71",
            "count": 3,
            "created_time": "2024-10-02T18:39:37.94995Z",
            "yes_price": 2,
            "no_price": 98,
            "taker_side": "no"
        },
        {
            "trade_id": "7bcb853b-df63-47bd-9c1a-bb67c8a87e3a",
            "ticker": "HIGHNY-24OCT02-T71",
            "count": 12,
            "created_time": "2024-10-02T18:39:37.94995Z",
            "yes_price": 1,
            "no_price": 99,
            "taker_side": "no"
        },
        {
            "trade_id": "3e6c419c-a50c-4207-8372-b3927ad823d5",
            "ticker": "HIGHNY-24OCT02-T71",
            "count": 4,
            "created_time": "2024-10-02T16:54:27.471821Z",
            "yes_price": 1,
            "no_price": 99,
            "taker_side": "no"
        },
        {
            "trade_id": "badf843d-5e03-4989-8e1d-20bfef12f5ed",
            "ticker": "HIGHNY-24OCT02-T71",
            "count": 25,
            "created_time": "2024-10-02T15:55:40.409631Z",
            "yes_price": 96,
            "no_price": 4,
            "taker_side": "yes"
        },
        {
            "trade_id": "5aebb984-3048-405e-ba3a-286dd56a70e3",
            "ticker": "HIGHNY-24OCT02-T71",
            "count": 250,
            "created_time": "2024-10-02T15:55:40.409631Z",
            "yes_price": 8,
            "no_price": 92,
            "taker_side": "yes"
        },
        {
            "trade_id": "2aa178ee-4fd3-4126-b0ff-13adb6a1eff7",
            "ticker": "HIGHNY-24OCT02-T71",
            "count": 8,
            "created_time": "2024-10-02T15:55:40.409631Z",
            "yes_price": 52,
            "no_price": 48,
            "taker_side": "yes"
        },
        {
            "trade_id": "fe23c3f9-4b69-491b-b013-7e1db3b38cb1",
            "ticker": "HIGHNY-24OCT02-T71",
            "count": 6,
            "created_time": "2024-10-02T15:11:06.106894Z",
            "yes_price": 1,
            "no_price": 99,
            "taker_side": "no"
        },
        {
            "trade_id": "9b525f00-59ab-4c10-867e-98327d3bd69e",
            "ticker": "HIGHNY-24OCT02-T71",
            "count": 18,
            "created_time": "2024-10-02T14:18:47.088842Z",
            "yes_price": 1,
            "no_price": 99,
            "taker_side": "no"
        },
        {
            "trade_id": "585182e7-48d0-41fc-94fa-94e27c9ed0f6",
            "ticker": "HIGHNY-24OCT02-T71",
            "count": 22,
            "created_time": "2024-10-02T13:39:49.065948Z",
            "yes_price": 1,
            "no_price": 99,
            "taker_side": "no"
        },
        {
            "trade_id": "10af294a-238e-417c-b7f2-6aba6a298083",
            "ticker": "HIGHNY-24OCT02-T71",
            "count": 10,
            "created_time": "2024-10-02T12:38:36.601597Z",
            "yes_price": 1,
            "no_price": 99,
            "taker_side": "no"
        },
        {
            "trade_id": "59d37183-edb6-4ebe-a27c-504278e561e3",
            "ticker": "HIGHNY-24OCT02-T71",
            "count": 8,
            "created_time": "2024-10-02T12:27:32.888707Z",
            "yes_price": 3,
            "no_price": 97,
            "taker_side": "no"
        },
        {
            "trade_id": "4bf1862e-77c8-42d9-895f-578cc46ce070",
            "ticker": "HIGHNY-24OCT02-T71",
            "count": 20,
            "created_time": "2024-10-02T12:05:25.441194Z",
            "yes_price": 11,
            "no_price": 89,
            "taker_side": "no"
        },
        {
            "trade_id": "3643d891-94cc-4462-a744-7d6f56f51616",
            "ticker": "HIGHNY-24OCT02-T71",
            "count": 10,
            "created_time": "2024-10-02T03:16:12.700937Z",
            "yes_price": 12,
            "no_price": 88,
            "taker_side": "yes"
        },
        {
            "trade_id": "cff5bc12-3f6f-4a22-b2f2-0811c135b0e0",
            "ticker": "HIGHNY-24OCT02-T71",
            "count": 10,
            "created_time": "2024-10-02T03:15:52.044062Z",
            "yes_price": 11,
            "no_price": 89,
            "taker_side": "yes"
        }
    ]
}