{
    "HIGHNY-24MAR21-T40": [
        {
            "trade_id": "d2cbebc2-d0cc-4cac-bb01-ded2998aea1a",
            "ticker": "HIGHNY-24MAR21-T40",
            "count": 10,
            "created_time": "2024-03-21T17:53:04.378933Z",
            "yes_price": 1,
            "no_price": 99,
            "taker_side": "no"
        },
        {
            "trade_id": "d86e3b70-790e-4291-95ea-af147f2b87fc",
            "ticker": "HIGHNY-24MAR21-T40",
            "count": 10,
            "created_time": "2024-03-21T03:25:12.102996Z",
            "yes_price": 8,
            "no_price": 92,
            "taker_side": "yes"
        },
        {
            "trade_id": "c7ced5b9-3019-4d45-b76e-ac3b9057e026",
            "ticker": "HIGHNY-24MAR21-T40",
            "count": 10,
            "created_time": "2024-03-21T01:23:30.382029Z",
            "yes_price": 7,
            "no_price": 93,
            "taker_side": "yes"
        },
        {
            "trade_id": "018ffd25-deaf-4661-a86d-cb8fbdcffe00",
            "ticker": "HIGHNY-24MAR21-T40",
            "count": 9,
            "created_time": "2024-03-21T01:23:30.382029Z",
            "yes_price": 7,
            "no_price": 93,
            "taker_side": "yes"
        },
        {
            "trade_id": "d108efc3-dd33-4b96-9591-22d7dd2131db",
            "ticker": "HIGHNY-24MAR21-T40",
            "count": 38,
            "created_time": "2024-03-20T21:51:49.64288Z",
            "yes_price": 5,
            "no_price": 95,
            "taker_side": "no"
        },
        {
            "trade_id": "ca247b09-2c1f-4e18-9307-0d6d34e6ea28",
            "ticker": "HIGHNY-24MAR21-T40",
            "count": 10,
            "created_time": "2024-03-20T21:26:52.158412Z",
            "yes_price": 5,
            "no_price": 95,
            "taker_side": "no"
        },
        {
            "trade_id": "ce200edc-4910-4d41-87c3-cffafe1f43cd",
            "ticker": "HIGHNY-24MAR21-T40",
            "count": 10,
            "created_time": "2024-03-20T17:59:43.563174Z",
            "yes_price": 3,
            "no_price": 97,
            "taker_side": "no"
        },
        {
            "trade_id": "ea58ce4c-8b0d-4095-87a0-54b1126a1515",
            "ticker": "HIGHNY-24MAR21-T40",
            "count": 10,
            "created_time": "2024-03-20T17:30:23.750205Z",
            "yes_price": 3,
            "no_price": 97,
            "taker_side": "no"
        },
        {
            "trade_id": "6ee1682a-8678-42ea-ba1a-630a19c784a3",
            "ticker": "HIGHNY-24MAR21-T40",
            "count": 16,
            "created_time": "2024-03-20T16:11:06.225349Z",
            "yes_price": 3,
            "no_price": 97,
            "taker_side": "no"
        },
        {
            "trade_id": "606652f8-d617-475a-b2ce-150e825b6892",
            "ticker": "HIGHNY-24MAR21-T40",
            "count": 12,
            "created_time": "2024-03-20T16:09:14.501075Z",
            "yes_price": 3,
            "no_price": 97,
            "taker_side": "no"
        },
        {
            "trade_id": "433905c4-e645-402c-961b-519b7133bf77",
            "ticker": "HIGHNY-24MAR21-T40",
            "count": 16,
            "created_time": "2024-03-20T16:08:47.150669Z",
            "yes_price": 3,
            "no_price": 97,
            "taker_side": "no"
        },
        {
            "trade_id": "88ef2406-8d68-4cad-9aaf-efb45f55dbc7",
            "ticker": "HIGHNY-24MAR21-T40",
            "count": 40,
            "created_time": "2024-03-20T16:07:23.143361Z",
            "yes_price": 3,
            "no_price": 97,
            "taker_side": "no"
        },
        {
            "trade_id": "8e4cd61a-a133-42cb-b6d5-eb4bcd5407ae",
            "ticker": "HIGHNY-24MAR21-T40",
            "count": 22,
            "created_time": "2024-03-20T16:07:08.12835Z",
            "yes_price": 3,
            "no_price": 97,
            "taker_side": "no"
        }
    ],
    "HIGHNY-24MAR21-B40.5": [
        {
            "trade_id": "28b40c39-3404-4070-a90c-9e33512d7d43",
            "ticker": "HIGHNY-24MAR21-B40.5",
            "count": 935,
            "created_time": "2024-03-21T23:19:38.580316Z",
            "yes_price": 1,
            "no_price": 99,
            "taker_side": "yes"
        },
        {
            "trade_id": "2e5d7fe2-8218-4742-b4be-e4ceb31d8985",
            "ticker": "HIGHNY-24MAR21-B40.5",
            "count": 99,
            "created_time": "2024-03-21T18:03:02.059774Z",
            "yes_price": 1,
            "no_price": 99,
            "taker_side": "yes"
        },
        {
            "trade_id": "cc61c9b5-f971-4ab3-8e2d-01fcda608de2",
            "ticker": "HIGHNY-24MAR21-B40.5",
            "count": 28,
            "created_time": "2024-03-21T15:52:35.817835Z",
            "yes_price": 72,
            "no_price": 28,
            "taker_side": "yes"
        },
        {
            "trade_id": "87d8ef1b-21b2-4ea1-98f9-0425b6d57d5a",
            "ticker": "HIGHNY-24MAR21-B40.5",
            "count": 3,
            "created_time": "2024-03-21T13:02:29.104069Z",
            "yes_price": 25,
            "no_price": 75,
            "taker_side": "yes"
        },
        {
            "trade_id": "997d54ac-5154-46c9-9c52-4e2291718449",
            "ticker": "HIGHNY-24MAR21-B40.5",
            "count": 11,
            "created_time": "2024-03-21T12:00:14.13679Z",
            "yes_price": 73,
            "no_price": 27,
            "taker_side": "no"
        },
        {
            "trade_id": "df4242d1-bcc7-43c3-af1c-1941437342b4",
            "ticker": "HIGHNY-24MAR21-B40.5",
            "count": 104,
            "created_time": "2024-03-21T03:04:55.832806Z",
            "yes_price": 19,
            "no_price": 81,
            "taker_side": "yes"
        },
        {
            "trade_id": "0c023ec3-4841-4ce3-a400-cdcfa4ceaccf",
            "ticker": "HIGHNY-24MAR21-B40.5",
            "count": 10,
            "created_time": "2024-03-21T03:04:55.832806Z",
            "yes_price": 17,
            "no_price": 83,
            "taker_side": "yes"
        },
        {
            "trade_id": "d5cec5e6-4f28-4edf-80ce-4f80316b5123",
            "ticker": "HIGHNY-24MAR21-B40.5",
            "count": 96,
            "created_time": "2024-03-21T01:23:54.541373Z",
            "yes_price": 17,
            "no_price": 83,
            "taker_side": "yes"
        },
        {
            "trade_id": "9a28e972-97d0-4050-b995-7a348690255c",
            "ticker": "HIGHNY-24MAR21-B40.5",
            "count": 85,
            "created_time": "2024-03-21T01:23:45.395889Z",
            "yes_price": 16,
            "no_price": 84,
            "taker_side": "yes"
        },
        {
            "trade_id": "31516d67-cd60-48e6-9abe-5a5056596c8d",
            "ticker": "HIGHNY-24MAR21-B40.5",
            "count": 85,
            "created_time": "2024-03-21T01:23:37.495933Z",
            "yes_price": 15,
            "no_price": 85,
            "taker_side": "yes"
        },
        {
            "trade_id": "200d3802-e0b6-47bb-b129-c76669742f58",
            "ticker": "HIGHNY-24MAR21-B40.5",
            "count": 11,
            "created_time": "2024-03-21T01:23:37.495933Z",
            "yes_price": 15,
            "no_price": 85,
            "taker_side": "yes"
        },
        {
            "trade_id": "1722e68a-951e-4249-8d7d-cedf6dbd5994",
            "ticker": "HIGHNY-24MAR21-B40.5",
            "count": 150,
            "created_time": "2024-03-20T21:51:58.170621Z",
            "yes_price": 12,
            "no_price": 88,
            "taker_side": "no"
        },
        {
            "trade_id": "13375fdb-f8e5-4689-86f9-6aa00cd63690",
            "ticker": "HIGHNY-24MAR21-B40.5",
            "count": 62,
            "created_time": "2024-03-20T21:51:58.170621Z",
            "yes_price": 15,
            "no_price": 85,
            "taker_side": "no"
        },
        {
            "trade_id": "070805fd-38d2-4ca5-ae76-ab073a1d07a9",
            "ticker": "HIGHNY-24MAR21-B40.5",
            "count": 38,
            "created_time": "2024-03-20T21:51:49.644076Z",
            "yes_price": 15,
            "no_price": 85,
            "taker_side": "no"
        },
        {
            "trade_id": "893a9ae8-6ca9-49b7-9046-f16479fe2af3",
            "ticker": "HIGHNY-24MAR21-B40.5",
            "count": 10,
            "created_time": "2024-03-20T17:59:43.564468Z",
            "yes_price": 10,
            "no_price": 90,
            "taker_side": "no"
        },
        {
            "trade_id": "97e751fd-44dd-46e0-9c17-3a00978fcd1f",
            "ticker": "HIGHNY-24MAR21-B40.5",
            "count": 10,
            "created_time": "2024-03-20T17:30:23.706324Z",
            "yes_price": 10,
            "no_price": 90,
            "taker_side": "no"
        },
        {
            "trade_id": "3abe9d96-4a81-426f-83bf-3839a0e31428",
            "ticker": "HIGHNY-24MAR21-B40.5",
            "count": 10,
            "created_time": "2024-03-20T17:30:20.763144Z",
            "yes_price": 10,
            "no_price": 90,
            "taker_side": "no"
        },
        {
            "trade_id": "7b088903-6387-40e2-a069-5af02f70c843",
            "ticker": "HIGHNY-24MAR21-B40.5",
            "count": 16,
            "created_time": "2024-03-20T16:11:06.203586Z",
            "yes_price": 10,
            "no_price": 90,
            "taker_side": "no"
        },
        {
            "trade_id": "79fa1928-104d-42b8-8377-72cac05deb50",
            "ticker": "HIGHNY-24MAR21-B40.5",
            "count": 12,
            "created_time": "2024-03-20T16:09:14.499295Z",
            "yes_price": 15,
            "no_price": 85,
            "taker_side": "no"
        },
        {
            "trade_id": "d070f43b-72ec-4775-aa0e-ef34afc4d4e4",
            "ticker": "HIGHNY-24MAR21-B40.5",
            "count": 16,
            "created_time": "2024-03-20T16:08:47.152439Z",
            "yes_price": 15,
            "no_price": 85,
            "taker_side": "no"
        },
        {
            "trade_id": "1fdee44e-fdcb-499f-8ae9-7525da2a8837",
            "ticker": "HIGHNY-24MAR21-B40.5",
            "count": 40,
            "created_time": "2024-03-20T16:07:23.138635Z",
            "yes_price": 15,
            "no_price": 85,
            "taker_side": "no"
        },
        {
            "trade_id": "1a6208ba-b782-4f80-9ef1-430ae414cc5e",
            "ticker": "HIGHNY-24MAR21-B40.5",
            "count": 22,
            "created_time": "2024-03-20T16:07:08.129896Z",
            "yes_price": 15,
            "no_price": 85,
            "taker_side": "no"
        },
        {
            "trade_id": "b685f3ac-def1-40e2-a350-4a84b284dddf",
            "ticker": "HIGHNY-24MAR21-B40.5",
            "count": 10,
            "created_time": "2024-03-20T14:18:08.470338Z",
            "yes_price": 15,
            "no_price": 85,
            "taker_side": "no"
        }
    ],
    "HIGHNY-24MAR21-B42.5": [
        {
            "trade_id": "223d4d99-b78d-498a-97cc-e444dda92a65",
            "ticker": "HIGHNY-24MAR21-B42.5",
            "count": 3,
            "created_time": "2024-03-21T20:18:20.990367Z",
            "yes_price": 99,
            "no_price": 1,
            "taker_side": "no"
        },
        {
            "trade_id": "f992f18d-6cd1-4149-a438-0f79745a886e",
            "ticker": "HIGHNY-24MAR21-B42.5",
            "count": 37,
            "created_time": "2024-03-21T14:57:39.740153Z",
            "yes_price": 78,
            "no_price": 22,
            "taker_side": "yes"
        },
        {
            "trade_id": "8c537bdf-6a9d-4367-b0a4-f2b03bb83767",
            "ticker": "HIGHNY-24MAR21-B42.5",
            "count": 15,
            "created_time": "2024-03-21T14:57:39.740153Z",
            "yes_price": 76,
            "no_price": 24,
            "taker_side": "yes"
        },
        {
            "trade_id": "2465ad26-f0c2-4498-a2dc-fcde976c777f",
            "ticker": "HIGHNY-24MAR21-B42.5",
            "count": 37,
            "created_time": "2024-03-21T14:57:39.740153Z",
            "yes_price": 80,
            "no_price": 20,
            "taker_side": "yes"
        },
        {
            "trade_id": "7e5fc5b8-e6a9-4c34-ac1d-5060ce2b0014",
            "ticker": "HIGHNY-24MAR21-B42.5",
            "count": 37,
            "created_time": "2024-03-21T14:57:34.301113Z",
            "yes_price": 74,
            "no_price": 26,
            "taker_side": "yes"
        },
        {
            "trade_id": "4b188291-06f7-413d-937f-110d2b507bf5",
            "ticker": "HIGHNY-24MAR21-B42.5",
            "count": 37,
            "created_time": "2024-03-21T14:57:34.301113Z",
            "yes_price": 76,
            "no_price": 24,
            "taker_side": "yes"
        },
        {
            "trade_id": "9e22dcee-de79-4495-b26b-a8791ad27789",
            "ticker": "HIGHNY-24MAR21-B42.5",
            "count": 37,
            "created_time": "2024-03-21T14:57:28.06691Z",
            "yes_price": 72,
            "no_price": 28,
            "taker_side": "yes"
        },
        {
            "trade_id": "7e1a54ec-0ea0-418a-b78f-f4d351741de9",
            "ticker": "HIGHNY-24MAR21-B42.5",
            "count": 37,
            "created_time": "2024-03-21T14:57:28.06691Z",
            "yes_price": 70,
            "no_price": 30,
            "taker_side": "yes"
        },
        {
            "trade_id": "68866292-a699-4e65-b074-3aad62bf140b",
            "ticker": "HIGHNY-24MAR21-B42.5",
            "count": 18,
            "created_time": "2024-03-21T14:57:28.06691Z",
            "yes_price": 68,
            "no_price": 32,
            "taker_side": "yes"
        },
        {
            "trade_id": "702f0bea-6858-47ab-acc3-1c916f37f9ba",
            "ticker": "HIGHNY-24MAR21-B42.5",
            "count": 1,
            "created_time": "2024-03-21T14:11:12.940618Z",
            "yes_price": 67,
            "no_price": 33,
            "taker_side": "yes"
        },
        {
            "trade_id": "549a1bf7-b95f-49b2-852e-63e735ca1a48",
            "ticker": "HIGHNY-24MAR21-B42.5",
            "count": 10,
            "created_time": "2024-03-21T12:13:41.301869Z",
            "yes_price": 67,
            "no_price": 33,
            "taker_side": "yes"
        },
        {
            "trade_id": "59a95f9c-4ce6-4068-ad8f-ad569268b99c",
            "ticker": "HIGHNY-24MAR21-B42.5",
            "count": 15,
            "created_time": "2024-03-21T12:12:02.869419Z",
            "yes_price": 65,
            "no_price": 35,
            "taker_side": "yes"
        },
        {
            "trade_id": "e9b71c40-ef3a-43d5-84d7-afc9fe8fe514",
            "ticker": "HIGHNY-24MAR21-B42.5",
            "count": 30,
            "created_time": "2024-03-21T12:11:07.818082Z",
            "yes_price": 64,
            "no_price": 36,
            "taker_side": "yes"
        },
        {
            "trade_id": "f43b433d-e116-4b8e-bfa3-ac58e1c07705",
            "ticker": "HIGHNY-24MAR21-B42.5",
            "count": 38,
            "created_time": "2024-03-20T21:51:49.552909Z",
            "yes_price": 38,
            "no_price": 62,
            "taker_side": "yes"
        },
        {
            "trade_id": "cb726c50-88ff-4a11-aa55-f7458f23b7de",
            "ticker": "HIGHNY-24MAR21-B42.5",
            "count": 56,
            "created_time": "2024-03-20T21:51:49.552909Z",
            "yes_price": 39,
            "no_price": 61,
            "taker_side": "yes"
        },
        {
            "trade_id": "1a173025-c1fd-48d4-a468-4a8b5b88001f",
            "ticker": "HIGHNY-24MAR21-B42.5",
            "count": 112,
            "created_time": "2024-03-20T21:51:49.552909Z",
            "yes_price": 41,
            "no_price": 59,
            "taker_side": "yes"
        },
        {
            "trade_id": "a37bad43-0d86-4dd8-8a74-f3cfc581c95b",
            "ticker": "HIGHNY-24MAR21-B42.5",
            "count": 10,
            "created_time": "2024-03-20T17:59:43.579315Z",
            "yes_price": 33,
            "no_price": 67,
            "taker_side": "no"
        },
        {
            "trade_id": "530c3c74-3fe5-418a-8116-abecf6282248",
            "ticker": "HIGHNY-24MAR21-B42.5",
            "count": 10,
            "created_time": "2024-03-20T17:30:23.716437Z",
            "yes_price": 33,
            "no_price": 67,
            "taker_side": "no"
        },
        {
            "trade_id": "24264c9e-4e8c-4d55-9262-b063e221c39c",
            "ticker": "HIGHNY-24MAR21-B42.5",
            "count": 10,
            "created_time": "2024-03-20T17:30:21.499184Z",
            "yes_price": 33,
            "no_price": 67,
            "taker_side": "no"
        },
        {
            "trade_id": "9be14444-34db-4e8a-bc5e-7c80ca5912e7",
            "ticker": "HIGHNY-24MAR21-B42.5",
            "count": 16,
            "created_time": "2024-03-20T16:11:06.191669Z",
            "yes_price": 33,
            "no_price": 67,
            "taker_side": "no"
        },
        {
            "trade_id": "e7f8b7d6-2125-4218-91d0-b13bcce9160f",
            "ticker": "HIGHNY-24MAR21-B42.5",
            "count": 12,
            "created_time": "2024-03-20T16:09:14.411435Z",
            "yes_price": 38,
            "no_price": 62,
            "taker_side": "yes"
        },
        {
            "trade_id": "c50f23b7-d508-4d3f-85a6-d7741ddd485e",
            "ticker": "HIGHNY-24MAR21-B42.5",
            "count": 8,
            "created_time": "2024-03-20T16:09:14.411435Z",
            "yes_price": 39,
            "no_price": 61,
            "taker_side": "yes"
        },
        {
            "trade_id": "7b5a3454-41ee-43c2-9693-e868173d6ea0",
            "ticker": "HIGHNY-24MAR21-B42.5",
            "count": 16,
            "created_time": "2024-03-20T16:08:47.069938Z",
            "yes_price": 35,
            "no_price": 65,
            "taker_side": "yes"
        },
        {
            "trade_id": "6e46c66f-c7c3-49db-b83f-70b3571ed614",
            "ticker": "HIGHNY-24MAR21-B42.5",
            "count": 112,
            "created_time": "2024-03-20T16:08:47.069938Z",
            "yes_price": 38,
            "no_price": 62,
            "taker_side": "yes"
        },
        {
            "trade_id": "00a69b2e-3b56-41e4-9be3-5ec5f8f20c3e",
            "ticker": "HIGHNY-24MAR21-B42.5",
            "count": 11,
            "created_time": "2024-03-20T16:08:47.069938Z",
            "yes_price": 36,
            "no_price": 64,
            "taker_side": "yes"
        },
        {
            "trade_id": "9c7b47de-aad8-48ca-8246-61282301bee3",
            "ticker": "HIGHNY-24MAR21-B42.5",
            "count": 40,
            "created_time": "2024-03-20T16:07:23.065078Z",
            "yes_price": 35,
            "no_price": 65,
            "taker_side": "yes"
        },
        {
            "trade_id": "acd22685-3440-45e8-a42f-b93abfa61801",
            "ticker": "HIGHNY-24MAR21-B42.5",
            "count": 112,
            "created_time": "2024-03-20T16:07:08.027106Z",
            "yes_price": 36,
            "no_price": 64,
            "taker_side": "yes"
        },
        {
            "trade_id": "a3c08ff6-0e81-4a3b-9d9c-2612ce27c3ba",
            "ticker": "HIGHNY-24MAR21-B42.5",
            "count": 22,
            "created_time": "2024-03-20T16:07:08.027106Z",
            "yes_price": 34,
            "no_price": 66,
            "taker_side": "yes"
        },
        {
            "trade_id": "5421bef6-6691-48fe-97d6-29807e1584d6",
            "ticker": "HIGHNY-24MAR21-B42.5",
            "count": 22,
            "created_time": "2024-03-20T16:07:08.027106Z",
            "yes_price": 33,
            "no_price": 67,
            "taker_side": "yes"
        },
        {
            "trade_id": "757e040b-b5a8-403c-ab33-fc61abc7183e",
            "ticker": "HIGHNY-24MAR21-B42.5",
            "count": 10,
            "created_time": "2024-03-20T14:18:08.699107Z",
            "yes_price": 26,
            "no_price": 74,
            "taker_side": "no"
        }
    ],
    "HIGHNY-24MAR21-B44.5": [
        {
            "trade_id": "fb6f74ff-7b2d-4fd6-a83c-fe29b28bdce0",
            "ticker": "HIGHNY-24MAR21-B44.5",
            "count": 15,
            "created_time": "2024-03-21T15:31:53.581773Z",
            "yes_price": 18,
            "no_price": 82,
            "taker_side": "yes"
        },
        {
            "trade_id": "503a7143-c48a-4725-8522-fc6b9f8121fb",
            "ticker": "HIGHNY-24MAR21-B44.5",
            "count": 19,
            "created_time": "2024-03-21T15:31:53.581773Z",
            "yes_price": 21,
            "no_price": 79,
            "taker_side": "yes"
        },
        {
            "trade_id": "39e05da5-e663-48ae-bc7a-8c87923bafdd",
            "ticker": "HIGHNY-24MAR21-B44.5",
            "count": 37,
            "created_time": "2024-03-21T15:31:53.581773Z",
            "yes_price": 20,
            "no_price": 80,
            "taker_side": "yes"
        },
        {
            "trade_id": "e5abc6bc-a171-4209-b3a0-1aeeb66d240e",
            "ticker": "HIGHNY-24MAR21-B44.5",
            "count": 37,
            "created_time": "2024-03-21T15:29:55.096506Z",
            "yes_price": 18,
            "no_price": 82,
            "taker_side": "yes"
        },
        {
            "trade_id": "45870422-5b0c-4a9e-8aad-a304756783df",
            "ticker": "HIGHNY-24MAR21-B44.5",
            "count": 11,
            "created_time": "2024-03-21T15:29:55.096506Z",
            "yes_price": 15,
            "no_price": 85,
            "taker_side": "yes"
        },
        {
            "trade_id": "142598f0-36a5-4aae-87dc-1917514d7191",
            "ticker": "HIGHNY-24MAR21-B44.5",
            "count": 37,
            "created_time": "2024-03-21T15:29:55.096506Z",
            "yes_price": 17,
            "no_price": 83,
            "taker_side": "yes"
        },
        {
            "trade_id": "d6357682-6739-4c08-b919-0fd84265d7c8",
            "ticker": "HIGHNY-24MAR21-B44.5",
            "count": 3,
            "created_time": "2024-03-21T15:06:20.104414Z",
            "yes_price": 15,
            "no_price": 85,
            "taker_side": "yes"
        },
        {
            "trade_id": "69189f73-6f2a-4106-9d16-355f3eb1891f",
            "ticker": "HIGHNY-24MAR21-B44.5",
            "count": 1,
            "created_time": "2024-03-21T14:12:50.638183Z",
            "yes_price": 8,
            "no_price": 92,
            "taker_side": "no"
        },
        {
            "trade_id": "b26fb0ad-19c2-4290-8136-17f092b0ce13",
            "ticker": "HIGHNY-24MAR21-B44.5",
            "count": 5,
            "created_time": "2024-03-21T13:27:03.039516Z",
            "yes_price": 16,
            "no_price": 84,
            "taker_side": "yes"
        },
        {
            "trade_id": "129558f9-cc59-48f7-b732-0f3e9211c59b",
            "ticker": "HIGHNY-24MAR21-B44.5",
            "count": 10,
            "created_time": "2024-03-21T03:52:32.138017Z",
            "yes_price": 20,
            "no_price": 80,
            "taker_side": "no"
        },
        {
            "trade_id": "6d7020c3-812d-4cda-801d-927c15b302cc",
            "ticker": "HIGHNY-24MAR21-B44.5",
            "count": 56,
            "created_time": "2024-03-20T21:52:48.756353Z",
            "yes_price": 31,
            "no_price": 69,
            "taker_side": "no"
        },
        {
            "trade_id": "6a36f918-e2a6-414e-bb9a-f2989df2c6b2",
            "ticker": "HIGHNY-24MAR21-B44.5",
            "count": 112,
            "created_time": "2024-03-20T21:52:48.756353Z",
            "yes_price": 28,
            "no_price": 72,
            "taker_side": "no"
        },
        {
            "trade_id": "6d42b5cd-481c-48d7-97df-bb97e9a81537",
            "ticker": "HIGHNY-24MAR21-B44.5",
            "count": 56,
            "created_time": "2024-03-20T21:52:12.295095Z",
            "yes_price": 31,
            "no_price": 69,
            "taker_side": "no"
        },
        {
            "trade_id": "e1ecb82c-3edb-432b-9515-323bbfd12928",
            "ticker": "HIGHNY-24MAR21-B44.5",
            "count": 38,
            "created_time": "2024-03-20T21:51:49.63494Z",
            "yes_price": 33,
            "no_price": 67,
            "taker_side": "no"
        },
        {
            "trade_id": "5d9bb088-fa50-4fa6-a5ee-2adc5ce8f23a",
            "ticker": "HIGHNY-24MAR21-B44.5",
            "count": 10,
            "created_time": "2024-03-20T17:59:43.491584Z",
            "yes_price": 38,
            "no_price": 62,
            "taker_side": "yes"
        },
        {
            "trade_id": "f563a8fd-af3c-4bfe-8998-00d3791fb0d8",
            "ticker": "HIGHNY-24MAR21-B44.5",
            "count": 10,
            "created_time": "2024-03-20T17:30:23.724063Z",
            "yes_price": 33,
            "no_price": 67,
            "taker_side": "no"
        },
        {
            "trade_id": "909d237c-1d8c-4a58-9f44-fbac5b07d97a",
            "ticker": "HIGHNY-24MAR21-B44.5",
            "count": 10,
            "created_time": "2024-03-20T17:30:22.207725Z",
            "yes_price": 33,
            "no_price": 67,
            "taker_side": "no"
        },
        {
            "trade_id": "ec385ea0-7bbb-41dd-9ffa-faf2dc11746d",
            "ticker": "HIGHNY-24MAR21-B44.5",
            "count": 16,
            "created_time": "2024-03-20T16:11:06.215317Z",
            "yes_price": 33,
            "no_price": 67,
            "taker_side": "no"
        },
        {
            "trade_id": "08885d82-d543-47fb-b4cb-32b4ecec65f0",
            "ticker": "HIGHNY-24MAR21-B44.5",
            "count": 12,
            "created_time": "2024-03-20T16:09:14.490938Z",
            "yes_price": 33,
            "no_price": 67,
            "taker_side": "no"
        },
        {
            "trade_id": "465ce55c-9569-421a-90a5-b59120813e8c",
            "ticker": "HIGHNY-24MAR21-B44.5",
            "count": 16,
            "created_time": "2024-03-20T16:08:47.153943Z",
            "yes_price": 34,
            "no_price": 66,
            "taker_side": "no"
        },
        {
            "trade_id": "7e175685-940e-479d-9eb1-183440bc022c",
            "ticker": "HIGHNY-24MAR21-B44.5",
            "count": 40,
            "created_time": "2024-03-20T16:07:23.126392Z",
            "yes_price": 34,
            "no_price": 66,
            "taker_side": "no"
        },
        {
            "trade_id": "5ca393cd-03b2-46f2-8544-68b1e81fca32",
            "ticker": "HIGHNY-24MAR21-B44.5",
            "count": 22,
            "created_time": "2024-03-20T16:07:08.112503Z",
            "yes_price": 35,
            "no_price": 65,
            "taker_side": "no"
        },
        {
            "trade_id": "6d5a78da-b312-4f86-859a-d5a864220946",
            "ticker": "HIGHNY-24MAR21-B44.5",
            "count": 63,
            "created_time": "2024-03-20T16:06:20.836221Z",
            "yes_price": 33,
            "no_price": 67,
            "taker_side": "no"
        },
        {
            "trade_id": "496b7f6e-a313-47d9-b86d-6277b23b723f",
            "ticker": "HIGHNY-24MAR21-B44.5",
            "count": 11,
            "created_time": "2024-03-20T16:06:20.836221Z",
            "yes_price": 35,
            "no_price": 65,
            "taker_side": "no"
        },
        {
            "trade_id": "e1943d78-ac4a-4305-87b3-ff1377f57ef0",
            "ticker": "HIGHNY-24MAR21-B44.5",
            "count": 2,
            "created_time": "2024-03-20T16:05:45.437415Z",
            "yes_price": 39,
            "no_price": 61,
            "taker_side": "no"
        },
        {
            "trade_id": "b18da333-0212-4359-b6b5-a7eb83eceede",
            "ticker": "HIGHNY-24MAR21-B44.5",
            "count": 112,
            "created_time": "2024-03-20T16:05:45.437415Z",
            "yes_price": 37,
            "no_price": 63,
            "taker_side": "no"
        },
        {
            "trade_id": "42154e4d-3cd6-418a-827c-6f2713606e36",
            "ticker": "HIGHNY-24MAR21-B44.5",
            "count": 112,
            "created_time": "2024-03-20T16:05:45.437415Z",
            "yes_price": 35,
            "no_price": 65,
            "taker_side": "no"
        },
        {
            "trade_id": "cbaee1e6-6b47-4904-b0b2-d7152fc117ed",
            "ticker": "HIGHNY-24MAR21-B44.5",
            "count": 10,
            "created_time": "2024-03-20T14:18:08.936037Z",
            "yes_price": 39,
            "no_price": 61,
            "taker_side": "no"
        }
    ],
    "HIGHNY-24MAR21-B46.5": [
        {
            "trade_id": "394dbd4d-45a2-40cf-9b58-dee081443a71",
            "ticker": "HIGHNY-24MAR21-B46.5",
            "count": 45,
            "created_time": "2024-03-20T21:53:21.502984Z",
            "yes_price": 14,
            "no_price": 86,
            "taker_side": "no"
        },
        {
            "trade_id": "d49b0abf-2a05-4cf8-9456-73c6bd72756c",
            "ticker": "HIGHNY-24MAR21-B46.5",
            "count": 67,
            "created_time": "2024-03-20T21:52:21.336156Z",
            "yes_price": 14,
            "no_price": 86,
            "taker_side": "no"
        },
        {
            "trade_id": "61ee88b2-fd28-49d3-8dda-a60c445388df",
            "ticker": "HIGHNY-24MAR21-B46.5",
            "count": 112,
            "created_time": "2024-03-20T21:52:21.336156Z",
            "yes_price": 12,
            "no_price": 88,
            "taker_side": "no"
        },
        {
            "trade_id": "baa2731e-c8ee-4e13-85b6-94a1e8821e2e",
            "ticker": "HIGHNY-24MAR21-B46.5",
            "count": 38,
            "created_time": "2024-03-20T21:51:49.65524Z",
            "yes_price": 15,
            "no_price": 85,
            "taker_side": "no"
        },
        {
            "trade_id": "3841d939-b2b5-4869-90be-10f19c13aa0f",
            "ticker": "HIGHNY-24MAR21-B46.5",
            "count": 11,
            "created_time": "2024-03-20T21:27:04.104874Z",
            "yes_price": 15,
            "no_price": 85,
            "taker_side": "no"
        },
        {
            "trade_id": "7042bf9c-b358-4c1b-834a-6652be8ee438",
            "ticker": "HIGHNY-24MAR21-B46.5",
            "count": 3,
            "created_time": "2024-03-20T17:59:43.554821Z",
            "yes_price": 15,
            "no_price": 85,
            "taker_side": "no"
        },
        {
            "trade_id": "1476ce54-5c43-4a9e-9144-457b4afa24d4",
            "ticker": "HIGHNY-24MAR21-B46.5",
            "count": 7,
            "created_time": "2024-03-20T17:59:43.554821Z",
            "yes_price": 15,
            "no_price": 85,
            "taker_side": "no"
        },
        {
            "trade_id": "65434e72-5dd4-4864-840a-d5d3a075abec",
            "ticker": "HIGHNY-24MAR21-B46.5",
            "count": 10,
            "created_time": "2024-03-20T17:30:23.707939Z",
            "yes_price": 15,
            "no_price": 85,
            "taker_side": "no"
        },
        {
            "trade_id": "06cd41cb-32e2-4885-b187-0e61b87d00a8",
            "ticker": "HIGHNY-24MAR21-B46.5",
            "count": 10,
            "created_time": "2024-03-20T17:30:22.904416Z",
            "yes_price": 15,
            "no_price": 85,
            "taker_side": "no"
        },
        {
            "trade_id": "87aa83ad-f09a-439f-8f52-d752d270f70f",
            "ticker": "HIGHNY-24MAR21-B46.5",
            "count": 4,
            "created_time": "2024-03-20T16:11:06.205837Z",
            "yes_price": 16,
            "no_price": 84,
            "taker_side": "no"
        },
        {
            "trade_id": "25b983a1-a31c-4647-9a7a-5c115a4c5f12",
            "ticker": "HIGHNY-24MAR21-B46.5",
            "count": 12,
            "created_time": "2024-03-20T16:11:06.205837Z",
            "yes_price": 15,
            "no_price": 85,
            "taker_side": "no"
        },
        {
            "trade_id": "54361407-4f6d-4928-9113-8ec192c48001",
            "ticker": "HIGHNY-24MAR21-B46.5",
            "count": 12,
            "created_time": "2024-03-20T16:09:14.482262Z",
            "yes_price": 15,
            "no_price": 85,
            "taker_side": "no"
        },
        {
            "trade_id": "256af0dc-27e3-46eb-9dfc-86a4dcfae9a4",
            "ticker": "HIGHNY-24MAR21-B46.5",
            "count": 16,
            "created_time": "2024-03-20T16:08:47.161737Z",
            "yes_price": 15,
            "no_price": 85,
            "taker_side": "no"
        },
        {
            "trade_id": "b88750c3-f405-416f-9d96-3811f49aa768",
            "ticker": "HIGHNY-24MAR21-B46.5",
            "count": 40,
            "created_time": "2024-03-20T16:07:23.144619Z",
            "yes_price": 16,
            "no_price": 84,
            "taker_side": "no"
        },
        {
            "trade_id": "1f578a40-93fd-46f3-b5c5-8a13062dddf6",
            "ticker": "HIGHNY-24MAR21-B46.5",
            "count": 22,
            "created_time": "2024-03-20T16:07:08.120968Z",
            "yes_price": 16,
            "no_price": 84,
            "taker_side": "no"
        },
        {
            "trade_id": "e96892e9-0372-4645-b2bf-c97cddbfbc0c",
            "ticker": "HIGHNY-24MAR21-B46.5",
            "count": 14,
            "created_time": "2024-03-20T16:06:54.717822Z",
            "yes_price": 15,
            "no_price": 85,
            "taker_side": "no"
        },
        {
            "trade_id": "a9c984c7-6b81-44e4-ad65-b0d1d51fea35",
            "ticker": "HIGHNY-24MAR21-B46.5",
            "count": 22,
            "created_time": "2024-03-20T16:06:54.717822Z",
            "yes_price": 17,
            "no_price": 83,
            "taker_side": "no"
        },
        {
            "trade_id": "f1744238-ba2d-449b-abe4-1b65d7f8c8f4",
            "ticker": "HIGHNY-24MAR21-B46.5",
            "count": 112,
            "created_time": "2024-03-20T16:06:34.811895Z",
            "yes_price": 17,
            "no_price": 83,
            "taker_side": "no"
        },
        {
            "trade_id": "18cd27c3-2a43-45c6-bc99-ba14b22d2d34",
            "ticker": "HIGHNY-24MAR21-B46.5",
            "count": 7,
            "created_time": "2024-03-20T16:06:34.811895Z",
            "yes_price": 18,
            "no_price": 82,
            "taker_side": "no"
        },
        {
            "trade_id": "138d1a61-29b6-443d-b9c3-40670673557f",
            "ticker": "HIGHNY-24MAR21-B46.5",
            "count": 33,
            "created_time": "2024-03-20T16:06:34.811895Z",
            "yes_price": 20,
            "no_price": 80,
            "taker_side": "no"
        },
        {
            "trade_id": "0a88588d-6288-44eb-883f-0e8720d97308",
            "ticker": "HIGHNY-24MAR21-B46.5",
            "count": 112,
            "created_time": "2024-03-20T16:06:34.811895Z",
            "yes_price": 18,
            "no_price": 82,
            "taker_side": "no"
        }
    ],
    "HIGHNY-24MAR21-T47": [
        {
            "trade_id": "7268b3d7-d8b7-4bcd-b211-b807cdd9fe5c",
            "ticker": "HIGHNY-24MAR21-T47",
            "count": 10,
            "created_time": "2024-03-20T17:59:43.562347Z",
            "yes_price": 7,
            "no_price": 93,
            "taker_side": "no"
        },
        {
            "trade_id": "d076a6e7-a818-4292-b43a-c56c9a0d3888",
            "ticker": "HIGHNY-24MAR21-T47",
            "count": 10,
            "created_time": "2024-03-20T17:30:23.650465Z",
            "yes_price": 27,
            "no_price": 73,
            "taker_side": "yes"
        },
        {
            "trade_id": "bff12148-21ef-43c0-840c-bfda04a91775",
            "ticker": "HIGHNY-24MAR21-T47",
            "count": 16,
            "created_time": "2024-03-20T16:11:06.189294Z",
            "yes_price": 8,
            "no_price": 92,
            "taker_side": "no"
        }
    ]
}