{
    "KXHIGHNY-24NOV09-T50": [
        {
            "trade_id": "475921ef-37a2-40a1-af02-9b84c197b0fc",
            "ticker": "KXHIGHNY-24NOV09-T50",
            "count": 935,
            "created_time": "2024-11-10T04:41:36.381973Z",
            "yes_price": 1,
            "no_price": 99,
            "taker_side": "yes"
        },
        {
            "trade_id": "c1d80c95-fb82-4b64-9558-2bc838da93bb",
            "ticker": "KXHIGHNY-24NOV09-T50",
            "count": 935,
            "created_time": "2024-11-10T00:18:55.426195Z",
            "yes_price": 1,
            "no_price": 99,
            "taker_side": "yes"
        },
        {
            "trade_id": "f24e5be3-8705-4d1e-868e-f44603c56c7c",
            "ticker": "KXHIGHNY-24NOV09-T50",
            "count": 935,
            "created_time": "2024-11-09T20:14:30.214622Z",
            "yes_price": 1,
            "no_price": 99,
            "taker_side": "yes"
        },
        {
            "trade_id": "f3775a7b-6174-49a5-8641-d03c8c1a3e0c",
            "ticker": "KXHIGHNY-24NOV09-T50",
            "count": 93,
            "created_time": "2024-11-09T13:56:06.583819Z",
            "yes_price": 1,
            "no_price": 99,
            "taker_side": "yes"
        },
        {
            "trade_id": "c847e04f-60c8-4d43-99b3-03ecea4e63c7",
            "ticker": "KXHIGHNY-24NOV09-T50",
            "count": 44,
            "created_time": "2024-11-09T04:55:21.598847Z",
            "yes_price": 1,
            "no_price": 99,
            "taker_side": "no"
        },
        {
            "trade_id": "3f76800a-6b12-4027-aedd-23f6e1439700",
            "ticker": "KXHIGHNY-24NOV09-T50",
            "count": 44,
            "created_time": "2024-11-09T04:55:21.598847Z",
            "yes_price": 1,
            "no_price": 99,
            "taker_side": "no"
        },
        {
            "trade_id": "3a5d397b-c28e-48a8-8291-adfcac21604a",
            "ticker": "KXHIGHNY-24NOV09-T50",
            "count": 5,
            "created_time": "2024-11-09T04:55:21.598847Z",
            "yes_price": 2,
            "no_price": 98,
            "taker_side": "no"
        },
        {
            "trade_id": "336dd2fd-18e0-46cc-b2d8-bff753e37f35",
            "ticker": "KXHIGHNY-24NOV09-T50",
            "count": 7,
            "created_time": "2024-11-09T02:43:45.364991Z",
            "yes_price": 10,
            "no_price": 90,
            "taker_side": "yes"
        },
        {
            "trade_id": "7ddfd3c0-f724-4a2d-8aff-b8cbb7cfbdd5",
            "ticker": "KXHIGHNY-24NOV09-T50",
            "count": 56,
            "created_time": "2024-11-08T20:42:21.112958Z",
            "yes_price": 1,
            "no_price": 99,
            "taker_side": "no"
        },
        {
            "trade_id": "a08f8a8f-3a6a-4181-a929-d1857ff0777b",
            "ticker": "KXHIGHNY-24NOV09-T50",
            "count": 5,
            "created_time": "2024-11-08T20:27:00.397183Z",
            "yes_price": 1,
            "no_price": 99,
            "taker_side": "no"
        },
        {
            "trade_id": "9439dc2b-5cd0-4a3d-9d37-7e43aa3eaa48",
            "ticker": "KXHIGHNY-24NOV09-T50",
            "count": 50,
            "created_time": "2024-11-08T20:21:01.157011Z",
            "yes_price": 1,
            "no_price": 99,
            "taker_side": "no"
        },
        {
            "trade_id": "d5c35cca-df52-4143-8bce-2cef6a5f6d33",
            "ticker": "KXHIGHNY-24NOV09-T50",
            "count": 4,
            "created_time": "2024-11-08T20:14:56.546746Z",
            "yes_price": 1,
            "no_price": 99,
            "taker_side": "no"
        },
        {
            "trade_id": "7014f180-289b-4d15-a388-23af5a4bfde3",
            "ticker": "KXHIGHNY-24NOV09-T50",
            "count": 5,
            "created_time": "2024-11-08T20:14:56.530253Z",
            "yes_price": 1,
            "no_price": 99,
            "taker_side": "no"
        }
    ],
    "KXHIGHNY-24NOV09-B50.5": [
        {
            "trade_id": "0f7d99e9-7c7a-448d-89b1-106d0df30311",
            "ticker": "KXHIGHNY-24NOV09-B50.5",
            "count": 935,
            "created_time": "2024-11-10T04:41:55.806319Z",
            "yes_price": 1,
            "no_price": 99,
            "taker_side": "yes"
        },
        {
            "trade_id": "8338c806-d7ca-4b81-9a30-614ac003099f",
            "ticker": "KXHIGHNY-24NOV09-B50.5",
            "count": 935,
            "created_time": "2024-11-09T20:47:49.806301Z",
            "yes_price": 1,
            "no_price": 99,
            "taker_side": "yes"
        },
        {
            "trade_id": "33b5d472-69cf-4e91-9192-e4010fc48635",
            "ticker": "KXHIGHNY-24NOV09-B50.5",
            "count": 300,
            "created_time": "2024-11-09T06:31:49.504014Z",
            "yes_price": 1,
            "no_price": 99,
            "taker_side": "yes"
        },
        {
            "trade_id": "31bebf91-aad6-4b32-ba6c-1a28681fdb8d",
            "ticker": "KXHIGHNY-24NOV09-B50.5",
            "count": 10,
            "created_time": "2024-11-09T02:41:59.459205Z",
            "yes_price": 11,
            "no_price": 89,
            "taker_side": "yes"
        },
        {
            "trade_id": "3962de23-7dc2-42f3-a430-2db6eac1e772",
            "ticker": "KXHIGHNY-24NOV09-B50.5",
            "count": 1,
            "created_time": "2024-11-09T02:19:34.196542Z",
            "yes_price": 10,
            "no_price": 90,
            "taker_side": "yes"
        },
        {
            "trade_id": "141c669d-dd71-454b-8944-7521f44be087",
            "ticker": "KXHIGHNY-24NOV09-B50.5",
            "count": 1,
            "created_time": "2024-11-09T02:19:34.196542Z",
            "yes_price": 9,
            "no_price": 91,
            "taker_side": "yes"
        },
        {
            "trade_id": "645a0139-ec14-4447-af63-a58e0a818f2a",
            "ticker": "KXHIGHNY-24NOV09-B50.5",
            "count": 10,
            "created_time": "2024-11-09T02:16:30.19758Z",
            "yes_price": 1,
            "no_price": 99,
            "taker_side": "yes"
        },
        {
            "trade_id": "d0847b63-7eb3-4834-8f43-6b3abd828b52",
            "ticker": "KXHIGHNY-24NOV09-B50.5",
            "count": 26,
            "created_time": "2024-11-09T00:01:27.504909Z",
            "yes_price": 1,
            "no_price": 99,
            "taker_side": "no"
        },
        {
            "trade_id": "321013d3-e844-49e4-9839-1b30fbaff968",
            "ticker": "KXHIGHNY-24NOV09-B50.5",
            "count": 14,
            "created_time": "2024-11-09T00:00:05.328318Z",
            "yes_price": 1,
            "no_price": 99,
            "taker_side": "no"
        },
        {
            "trade_id": "6ef68e11-82c2-4bfa-9b15-20799b5c5606",
            "ticker": "KXHIGHNY-24NOV09-B50.5",
            "count": 20,
            "created_time": "2024-11-08T22:21:08.506863Z",
            "yes_price": 1,
            "no_price": 99,
            "taker_side": "no"
        },
        {
            "trade_id": "bf0e55a4-4932-4d3d-abcc-25c9eed968c3",
            "ticker": "KXHIGHNY-24NOV09-B50.5",
            "count": 5,
            "created_time": "2024-11-08T20:42:21.097306Z",
            "yes_price": 2,
            "no_price": 98,
            "taker_side": "no"
        },
        {
            "trade_id": "4efa55dd-ad8d-49eb-afdd-56f8f11de74b",
            "ticker": "KXHIGHNY-24NOV09-B50.5",
            "count": 51,
            "created_time": "2024-11-08T20:42:21.097306Z",
            "yes_price": 1,
            "no_price": 99,
            "taker_side": "no"
        },
        {
            "trade_id": "73e4fb22-e582-4553-a445-fd4026c1e877",
            "ticker": "KXHIGHNY-24NOV09-B50.5",
            "count": 5,
            "created_time": "2024-11-08T20:27:00.412244Z",
            "yes_price": 2,
            "no_price": 98,
            "taker_side": "no"
        },
        {
            "trade_id": "44f6a6d7-6314-4b74-aca5-d129b0126cbc",
            "ticker": "KXHIGHNY-24NOV09-B50.5",
            "count": 4,
            "created_time": "2024-11-08T20:14:56.57087Z",
            "yes_price": 1,
            "no_price": 99,
            "taker_side": "no"
        },
        {
            "trade_id": "447c75bf-d393-4cae-8b4f-30566eeb7882",
            "ticker": "KXHIGHNY-24NOV09-B50.5",
            "count": 5,
            "created_time": "2024-11-08T20:14:56.557475Z",
            "yes_price": 1,
            "no_price": 99,
            "taker_side": "no"
        }
    ],
    "KXHIGHNY-24NOV09-B52.5": [
        {
            "trade_id": "6997b623-8394-491c-b406-ff1594333416",
            "ticker": "KXHIGHNY-24NOV09-B52.5",
            "count": 935,
            "created_time": "2024-11-10T04:42:37.161444Z",
            "yes_price": 1,
            "no_price": 99,
            "taker_side": "yes"
        },
        {
            "trade_id": "33ae7599-5cee-4222-9d8f-078fd88e2382",
            "ticker": "KXHIGHNY-24NOV09-B52.5",
            "count": 30,
            "created_time": "2024-11-10T02:32:05.236148Z",
            "yes_price": 1,
            "no_price": 99,
            "taker_side": "yes"
        },
        {
            "trade_id": "f48dba3b-9fc1-4d93-8fea-7a3b9d2a0731",
            "ticker": "KXHIGHNY-24NOV09-B52.5",
            "count": 1870,
            "created_time": "2024-11-09T23:42:28.035677Z",
            "yes_price": 1,
            "no_price": 99,
            "taker_side": "yes"
        },
        {
            "trade_id": "5d246f77-74f1-4546-b31c-dcf87a5d20e3",
            "ticker": "KXHIGHNY-24NOV09-B52.5",
            "count": 748,
            "created_time": "2024-11-09T23:39:09.850744Z",
            "yes_price": 1,
            "no_price": 99,
            "taker_side": "yes"
        },
        {
            "trade_id": "6ab599c8-b9e1-4f05-9200-975c54394aaa",
            "ticker": "KXHIGHNY-24NOV09-B52.5",
            "count": 467,
            "created_time": "2024-11-09T22:16:29.274274Z",
            "yes_price": 1,
            "no_price": 99,
            "taker_side": "yes"
        },
        {
            "trade_id": "fe356641-b763-4cb1-af8c-1f27683e9f1b",
            "ticker": "KXHIGHNY-24NOV09-B52.5",
            "count": 12,
            "created_time": "2024-11-09T21:58:41.806632Z",
            "yes_price": 1,
            "no_price": 99,
            "taker_side": "yes"
        },
        {
            "trade_id": "c8b123f4-fbf2-4759-a802-4d57f76c775d",
            "ticker": "KXHIGHNY-24NOV09-B52.5",
            "count": 935,
            "created_time": "2024-11-09T20:52:40.072751Z",
            "yes_price": 1,
            "no_price": 99,
            "taker_side": "yes"
        },
        {
            "trade_id": "7cfe7dc1-b254-4919-9388-ed38d24198e2",
            "ticker": "KXHIGHNY-24NOV09-B52.5",
            "count": 935,
            "created_time": "2024-11-09T20:48:15.538753Z",
            "yes_price": 1,
            "no_price": 99,
            "taker_side": "yes"
        },
        {
            "trade_id": "8d65a8ed-257e-4cb7-9ab1-0f14ddb7534d",
            "ticker": "KXHIGHNY-24NOV09-B52.5",
            "count": 2712,
            "created_time": "2024-11-09T20:21:15.101059Z",
            "yes_price": 1,
            "no_price": 99,
            "taker_side": "yes"
        },
        {
            "trade_id": "e98a46a5-147a-4125-bd2e-02f5d773e56c",
            "ticker": "KXHIGHNY-24NOV09-B52.5",
            "count": 46,
            "created_time": "2024-11-09T20:13:46.987335Z",
            "yes_price": 1,
            "no_price": 99,
            "taker_side": "yes"
        },
        {
            "trade_id": "db60ccf6-4fd7-42e9-bad2-d42c03be969a",
            "ticker": "KXHIGHNY-24NOV09-B52.5",
            "count": 65,
            "created_time": "2024-11-09T19:55:55.155562Z",
            "yes_price": 1,
            "no_price": 99,
            "taker_side": "yes"
        },
        {
            "trade_id": "6a1aaaf8-dddf-4e8c-a260-2e8a1905598c",
            "ticker": "KXHIGHNY-24NOV09-B52.5",
            "count": 467,
            "created_time": "2024-11-09T19:54:06.09863Z",
            "yes_price": 1,
            "no_price": 99,
            "taker_side": "yes"
        },
        {
            "trade_id": "2cfa15b4-5658-4656-815a-386b61d164ba",
            "ticker": "KXHIGHNY-24NOV09-B52.5",
            "count": 2703,
            "created_time": "2024-11-09T19:53:40.737205Z",
            "yes_price": 1,
            "no_price": 99,
            "taker_side": "no"
        },
        {
            "trade_id": "948b4d65-03e3-45ee-adf1-c92eb1c97633",
            "ticker": "KXHIGHNY-24NOV09-B52.5",
            "count": 5,
            "created_time": "2024-11-09T19:53:40.660626Z",
            "yes_price": 2,
            "no_price": 98,
            "taker_side": "no"
        },
        {
            "trade_id": "8c3b89ef-da1e-4f36-a121-a40ee95f83f0",
            "ticker": "KXHIGHNY-24NOV09-B52.5",
            "count": 189,
            "created_time": "2024-11-09T19:53:40.660626Z",
            "yes_price": 1,
            "no_price": 99,
            "taker_side": "no"
        },
        {
            "trade_id": "8ade9f49-cd7f-48c4-9c86-d03ef9138330",
            "ticker": "KXHIGHNY-24NOV09-B52.5",
            "count": 195,
            "created_time": "2024-11-09T19:53:40.569342Z",
            "yes_price": 2,
            "no_price": 98,
            "taker_side": "no"
        },
        {
            "trade_id": "cdc47f42-573c-4168-a5dc-168ee637b768",
            "ticker": "KXHIGHNY-24NOV09-B52.5",
            "count": 44,
            "created_time": "2024-11-09T19:49:58.212173Z",
            "yes_price": 1,
            "no_price": 99,
            "taker_side": "no"
        },
        {
            "trade_id": "54235852-69d1-4da3-9254-56c920c6d32c",
            "ticker": "KXHIGHNY-24NOV09-B52.5",
            "count": 100,
            "created_time": "2024-11-09T19:49:42.497611Z",
            "yes_price": 2,
            "no_price": 98,
            "taker_side": "no"
        },
        {
            "trade_id": "d72d4e3e-d1b6-4dc5-813c-38f875fa2097",
            "ticker": "KXHIGHNY-24NOV09-B52.5",
            "count": 50,
            "created_time": "2024-11-09T19:48:05.797769Z",
            "yes_price": 3,
            "no_price": 97,
            "taker_side": "yes"
        },
        {
            "trade_id": "3baf25f2-af68-49f8-b13a-b4eec4032647",
            "ticker": "KXHIGHNY-24NOV09-B52.5",
            "count": 1560,
            "created_time": "2024-11-09T19:47:53.37284Z",
            "yes_price": 3,
            "no_price": 97,
            "taker_side": "yes"
        },
        {
            "trade_id": "1dcf97b1-c6dd-4a4d-94e2-145bb12edba3",
            "ticker": "KXHIGHNY-24NOV09-B52.5",
            "count": 29,
            "created_time": "2024-11-09T19:47:49.845171Z",
            "yes_price": 1,
            "no_price": 99,
            "taker_side": "no"
        },
        {
            "trade_id": "09520e61-b7b2-4983-814a-48aa715e4d6a",
            "ticker": "KXHIGHNY-24NOV09-B52.5",
            "count": 29,
            "created_time": "2024-11-09T19:47:49.82009Z",
            "yes_price": 1,
            "no_price": 99,
            "taker_side": "no"
        },
        {
            "trade_id": "534ba0ec-3745-4dc1-9048-4f178551ffd3",
            "ticker": "KXHIGHNY-24NOV09-B52.5",
            "count": 666,
            "created_time": "2024-11-09T19:46:23.582733Z",
            "yes_price": 3,
            "no_price": 97,
            "taker_side": "no"
        },
        {
            "trade_id": "70fbb749-42a8-4540-8133-cd7521f94eff",
            "ticker": "KXHIGHNY-24NOV09-B52.5",
            "count": 1,
            "created_time": "2024-11-09T19:46:18.085913Z",
            "yes_price": 3,
            "no_price": 97,
            "taker_side": "no"
        },
        {
            "trade_id": "e5f1ae39-c1e6-4dcd-a43d-14fabf3db94d",
            "ticker": "KXHIGHNY-24NOV09-B52.5",
            "count": 31,
            "created_time": "2024-11-09T19:46:13.372602Z",
            "yes_price": 3,
            "no_price": 97,
            "taker_side": "no"
        },
        {
            "trade_id": "c534e04d-e439-445b-99be-2d06061ae5ae",
            "ticker": "KXHIGHNY-24NOV09-B52.5",
            "count": 1,
            "created_time": "2024-11-09T19:45:50.925197Z",
            "yes_price": 3,
            "no_price": 97,
            "taker_side": "no"
        },
        {
            "trade_id": "faeba799-0271-4d09-a00a-e630575f32b5",
            "ticker": "KXHIGHNY-24NOV09-B52.5",
            "count": 1,
            "created_time": "2024-11-09T19:45:44.424517Z",
            "yes_price": 3,
            "no_price": 97,
            "taker_side": "no"
        },
        {
            "trade_id": "aa8cf68a-9ede-4087-a60a-7a7c5a26dc17",
            "ticker": "KXHIGHNY-24NOV09-B52.5",
            "count": 1,
            "created_time": "2024-11-09T19:45:23.752228Z",
            "yes_price": 3,
            "no_price": 97,
            "taker_side": "no"
        },
        {
            "trade_id": "2b54f5cd-990f-45d7-9743-18fbb9f89676",
            "ticker": "KXHIGHNY-24NOV09-B52.5",
            "count": 1,
            "created_time": "2024-11-09T19:45:11.379227Z",
            "yes_price": 3,
            "no_price": 97,
            "taker_side": "no"
        },
        {
            "trade_id": "48148f2d-4b32-456c-9e08-4177402ed5f7",
            "ticker": "KXHIGHNY-24NOV09-B52.5",
            "count": 1,
            "created_time": "2024-11-09T19:45:01.390249Z",
            "yes_price": 3,
            "no_price": 97,
            "taker_side": "no"
        },
        {
            "trade_id": "2c313162-8336-47a2-8bcc-4bea9e24e48b",
            "ticker": "KXHIGHNY-24NOV09-B52.5",
            "count": 297,
            "created_time": "2024-11-09T19:44:49.375612Z",
            "yes_price": 3,
            "no_price": 97,
            "taker_side": "yes"
        },
        {
            "trade_id": "f59978db-104b-407e-ab5c-a935eba7149e",
            "ticker": "KXHIGHNY-24NOV09-B52.5",
            "count": 2006,
            "created_time": "2024-11-09T19:44:28.585272Z",
            "yes_price": 1,
            "no_price": 99,
            "taker_side": "no"
        },
        {
            "trade_id": "45ddc204-2cae-4184-ad5c-01109e74ad13",
            "ticker": "KXHIGHNY-24NOV09-B52.5",
            "count": 24,
            "created_time": "2024-11-09T19:44:28.585272Z",
            "yes_price": 2,
            "no_price": 98,
            "taker_side": "no"
        },
        {
            "trade_id": "9203b714-c9b9-4da7-830e-48bec123fcb6",
            "ticker": "KXHIGHNY-24NOV09-B52.5",
            "count": 1,
            "created_time": "2024-11-09T19:44:10.216523Z",
            "yes_price": 2,
            "no_price": 98,
            "taker_side": "no"
        },
        {
            "trade_id": "95231005-7052-497b-98e7-6e1a1ebdd259",
            "ticker": "KXHIGHNY-24NOV09-B52.5",
            "count": 93,
            "created_time": "2024-11-09T19:43:41.006562Z",
            "yes_price": 3,
            "no_price": 97,
            "taker_side": "yes"
        },
        {
            "trade_id": "a3113a86-be38-4a39-aa64-57020b171445",
            "ticker": "KXHIGHNY-24NOV09-B52.5",
            "count": 100,
            "created_time": "2024-11-09T19:39:06.906912Z",
            "yes_price": 3,
            "no_price": 97,
            "taker_side": "yes"
        },
        {
            "trade_id": "bfd6962e-ce9d-4743-974b-0c72089f502d",
            "ticker": "KXHIGHNY-24NOV09-B52.5",
            "count": 10,
            "created_time": "2024-11-09T19:37:15.064435Z",
            "yes_price": 3,
            "no_price": 97,
            "taker_side": "yes"
        },
        {
            "trade_id": "8866d9af-2318-4b51-a256-7b8c38bb1093",
            "ticker": "KXHIGHNY-24NOV09-B52.5",
            "count": 30,
            "created_time": "2024-11-09T19:35:32.682805Z",
            "yes_price": 2,
            "no_price": 98,
            "taker_side": "no"
        },
        {
            "trade_id": "36523433-5c5a-47e5-afaf-c398f26be67e",
            "ticker": "KXHIGHNY-24NOV09-B52.5",
            "count": 259,
            "created_time": "2024-11-09T19:35:23.171728Z",
            "yes_price": 2,
            "no_price": 98,
            "taker_side": "no"
        },
        {
            "trade_id": "d5b2be98-44ec-483f-b3d8-aabc7655a0bd",
            "ticker": "KXHIGHNY-24NOV09-B52.5",
            "count": 47,
            "created_time": "2024-11-09T19:34:48.147766Z",
            "yes_price": 2,
            "no_price": 98,
            "taker_side": "no"
        },
        {
            "trade_id": "061ae9be-2ce9-408a-8c15-f8b9a5021263",
            "ticker": "KXHIGHNY-24NOV09-B52.5",
            "count": 164,
            "created_time": "2024-11-09T19:34:42.97181Z",
            "yes_price": 2,
            "no_price": 98,
            "taker_side": "no"
        },
        {
            "trade_id": "d2c4337d-9197-4b63-a716-34ec25d8a8d8",
            "ticker": "KXHIGHNY-24NOV09-B52.5",
            "count": 154,
            "created_time": "2024-11-09T19:34:25.608296Z",
            "yes_price": 2,
            "no_price": 98,
            "taker_side": "no"
        },
        {
            "trade_id": "16017c33-eff4-4b33-8664-b646f76626dd",
            "ticker": "KXHIGHNY-24NOV09-B52.5",
            "count": 17,
            "created_time": "2024-11-09T19:34:08.783717Z",
            "yes_price": 2,
            "no_price": 98,
            "taker_side": "no"
        },
        {
            "trade_id": "cf29446a-4c01-432e-9ba9-6f8786c6c545",
            "ticker": "KXHIGHNY-24NOV09-B52.5",
            "count": 13,
            "created_time": "2024-11-09T19:33:33.481549Z",
            "yes_price": 2,
            "no_price": 98,
            "taker_side": "no"
        },
        {
            "trade_id": "5551cb03-229e-403d-aa19-b826c504cb56",
            "ticker": "KXHIGHNY-24NOV09-B52.5",
            "count": 25,
            "created_time": "2024-11-09T19:33:13.462146Z",
            "yes_price": 2,
            "no_price": 98,
            "taker_side": "no"
        },
        {
            "trade_id": "96c639b2-0042-4963-ad84-b21103d011d7",
            "ticker": "KXHIGHNY-24NOV09-B52.5",
            "count": 7,
            "created_time": "2024-11-09T19:32:46.867605Z",
            "yes_price": 2,
            "no_price": 98,
            "taker_side": "no"
        },
        {
            "trade_id": "2e9514f8-573c-44e8-bbd3-27b0da43367d",
            "ticker": "KXHIGHNY-24NOV09-B52.5",
            "count": 3,
            "created_time": "2024-11-09T19:32:43.667032Z",
            "yes_price": 2,
            "no_price": 98,
            "taker_side": "no"
        },
        {
            "trade_id": "9464842b-77e1-4952-bd60-96de9a1d62d7",
            "ticker": "KXHIGHNY-24NOV09-B52.5",
            "count": 18,
            "created_time": "2024-11-09T19:32:36.656602Z",
            "yes_price": 2,
            "no_price": 98,
            "taker_side": "no"
        },
        {
            "trade_id": "a5cc06f0-1790-4107-b5b5-04b75234d896",
            "ticker": "KXHIGHNY-24NOV09-B52.5",
            "count": 100,
            "created_time": "2024-11-09T19:32:13.380901Z",
            "yes_price": 2,
            "no_price": 98,
            "taker_side": "no"
        },
        {
            "trade_id": "b17bdfb5-cff3-49f7-a008-fe9803c20a7f",
            "ticker": "KXHIGHNY-24NOV09-B52.5",
            "count": 172,
            "created_time": "2024-11-09T19:31:19.206195Z",
            "yes_price": 2,
            "no_price": 98,
            "taker_side": "no"
        },
        {
            "trade_id": "8f6322c2-b9ef-4288-b621-fb5a607e5f04",
            "ticker": "KXHIGHNY-24NOV09-B52.5",
            "count": 140,
            "created_time": "2024-11-09T19:31:19.206195Z",
            "yes_price": 3,
            "no_price": 97,
            "taker_side": "no"
        },
        {
            "trade_id": "2379c669-1a06-4983-94b6-2c9e67c36265",
            "ticker": "KXHIGHNY-24NOV09-B52.5",
            "count": 19,
            "created_time": "2024-11-09T19:31:08.599384Z",
            "yes_price": 3,
            "no_price": 97,
            "taker_side": "no"
        },
        {
            "trade_id": "d9b67791-9014-4165-af50-ed3efbbe75eb",
            "ticker": "KXHIGHNY-24NOV09-B52.5",
            "count": 41,
            "created_time": "2024-11-09T19:30:02.009454Z",
            "yes_price": 3,
            "no_price": 97,
            "taker_side": "no"
        },
        {
            "trade_id": "92573c03-41ec-4792-87a0-885c0911e30a",
            "ticker": "KXHIGHNY-24NOV09-B52.5",
            "count": 300,
            "created_time": "2024-11-09T19:23:59.433532Z",
            "yes_price": 4,
            "no_price": 96,
            "taker_side": "yes"
        },
        {
            "trade_id": "e90aaf25-f57c-48e9-84b4-717d9e2cef7a",
            "ticker": "KXHIGHNY-24NOV09-B52.5",
            "count": 92,
            "created_time": "2024-11-09T19:22:48.493933Z",
            "yes_price": 3,
            "no_price": 97,
            "taker_side": "no"
        },
        {
            "trade_id": "43b10b1f-b2b7-49e4-9344-c8cfa89cf6ce",
            "ticker": "KXHIGHNY-24NOV09-B52.5",
            "count": 20,
            "created_time": "2024-11-09T19:19:06.448379Z",
            "yes_price": 2,
            "no_price": 98,
            "taker_side": "yes"
        },
        {
            "trade_id": "c7dad419-4842-4709-8a32-f5ed19b1dac5",
            "ticker": "KXHIGHNY-24NOV09-B52.5",
            "count": 3,
            "created_time": "2024-11-09T19:18:39.678245Z",
            "yes_price": 1,
            "no_price": 99,
            "taker_side": "no"
        },
        {
            "trade_id": "4325730b-cecc-4fb7-9dd5-1d9cc03825d9",
            "ticker": "KXHIGHNY-24NOV09-B52.5",
            "count": 40,
            "created_time": "2024-11-09T19:18:39.678245Z",
            "yes_price": 1,
            "no_price": 99,
            "taker_side": "no"
        },
        {
            "trade_id": "99571218-7a05-41a4-95bd-ac67ef48404a",
            "ticker": "KXHIGHNY-24NOV09-B52.5",
            "count": 80,
            "created_time": "2024-11-09T19:18:24.656876Z",
            "yes_price": 1,
            "no_price": 99,
            "taker_side": "no"
        },
        {
            "trade_id": "9e9af349-26e5-4e6d-ac6f-9707d757d3f8",
            "ticker": "KXHIGHNY-24NOV09-B52.5",
            "count": 33,
            "created_time": "2024-11-09T19:17:23.020778Z",
            "yes_price": 1,
            "no_price": 99,
            "taker_side": "no"
        },
        {
            "trade_id": "064f7171-d36a-432b-baf7-3ab23a21b96f",
            "ticker": "KXHIGHNY-24NOV09-B52.5",
            "count": 115,
            "created_time": "2024-11-09T19:17:06.098108Z",
            "yes_price": 1,
            "no_price": 99,
            "taker_side": "no"
        },
        {
            "trade_id": "abfe97db-3459-43a5-bcec-154cc4bff0c1",
            "ticker": "KXHIGHNY-24NOV09-B52.5",
            "count": 473,
            "created_time": "2024-11-09T19:16:12.157442Z",
            "yes_price": 1,
            "no_price": 99,
            "taker_side": "no"
        },
        {
            "trade_id": "a40b30e9-4c4b-4829-9b6d-3ddd9773e9c1",
            "ticker": "KXHIGHNY-24NOV09-B52.5",
            "count": 2,
            "created_time": "2024-11-09T19:16:08.745764Z",
            "yes_price": 1,
            "no_price": 99,
            "taker_side": "no"
        },
        {
            "trade_id": "49650acd-5857-420d-a716-8b84ca69dea8",
            "ticker": "KXHIGHNY-24NOV09-B52.5",
            "count": 35,
            "created_time": "2024-11-09T19:16:06.428192Z",
            "yes_price": 1,
            "no_price": 99,
            "taker_side": "no"
        },
        {
            "trade_id": "3ca620a5-3a91-4f69-ba2e-1921a157835a",
            "ticker": "KXHIGHNY-24NOV09-B52.5",
            "count": 23,
            "created_time": "2024-11-09T19:15:51.985532Z",
            "yes_price": 1,
            "no_price": 99,
            "taker_side": "no"
        },
        {
            "trade_id": "e6f2928c-a63c-4ec2-9ede-0cc657c4db90",
            "ticker": "KXHIGHNY-24NOV09-B52.5",
            "count": 236,
            "created_time": "2024-11-09T19:15:39.377895Z",
            "yes_price": 1,
            "no_price": 99,
            "taker_side": "no"
        },
        {
            "trade_id": "2182268b-8979-414e-9d5a-a4fe91916b4e",
            "ticker": "KXHIGHNY-24NOV09-B52.5",
            "count": 312,
            "created_time": "2024-11-09T19:15:05.640944Z",
            "yes_price": 3,
            "no_price": 97,
            "taker_side": "yes"
        },
        {
            "trade_id": "bd0c0be7-840d-444d-9708-5d6369065a36",
            "ticker": "KXHIGHNY-24NOV09-B52.5",
            "count": 112,
            "created_time": "2024-11-09T19:14:55.436951Z",
            "yes_price": 3,
            "no_price": 97,
            "taker_side": "yes"
        },
        {
            "trade_id": "1d357325-28fe-411b-9900-e852a2356b78",
            "ticker": "KXHIGHNY-24NOV09-B52.5",
            "count": 43,
            "created_time": "2024-11-09T19:14:55.436951Z",
            "yes_price": 3,
            "no_price": 97,
            "taker_side": "yes"
        },
        {
            "trade_id": "a30a608f-88f9-4487-a897-b8bdab43039d",
            "ticker": "KXHIGHNY-24NOV09-B52.5",
            "count": 5,
            "created_time": "2024-11-09T19:13:29.695314Z",
            "yes_price": 2,
            "no_price": 98,
            "taker_side": "yes"
        },
        {
            "trade_id": "88935b86-a0fa-4791-b2e2-55357314a1fb",
            "ticker": "KXHIGHNY-24NOV09-B52.5",
            "count": 170,
            "created_time": "2024-11-09T19:13:29.695314Z",
            "yes_price": 1,
            "no_price": 99,
            "taker_side": "yes"
        },
        {
            "trade_id": "0ad08b14-c942-4885-a5c4-c5ab65d45e5b",
            "ticker": "KXHIGHNY-24NOV09-B52.5",
            "count": 457,
            "created_time": "2024-11-09T19:13:29.695314Z",
            "yes_price": 3,
            "no_price": 97,
            "taker_side": "yes"
        },
        {
            "trade_id": "06cdb886-dc00-4e41-89be-af2df21b8c87",
            "ticker": "KXHIGHNY-24NOV09-B52.5",
            "count": 68,
            "created_time": "2024-11-09T19:13:29.695314Z",
            "yes_price": 2,
            "no_price": 98,
            "taker_side": "yes"
        },
        {
            "trade_id": "03e53437-00d8-47fc-93bf-567af66536ab",
            "ticker": "KXHIGHNY-24NOV09-B52.5",
            "count": 300,
            "created_time": "2024-11-09T19:13:29.695314Z",
            "yes_price": 2,
            "no_price": 98,
            "taker_side": "yes"
        },
        {
            "trade_id": "1df0b4e3-29a6-472c-8029-86c868ae1a4f",
            "ticker": "KXHIGHNY-24NOV09-B52.5",
            "count": 30,
            "created_time": "2024-11-09T19:12:26.818286Z",
            "yes_price": 1,
            "no_price": 99,
            "taker_side": "no"
        },
        {
            "trade_id": "f746ddb0-4699-4926-8eec-35030571fbd5",
            "ticker": "KXHIGHNY-24NOV09-B52.5",
            "count": 188,
            "created_time": "2024-11-09T19:08:13.230046Z",
            "yes_price": 2,
            "no_price": 98,
            "taker_side": "yes"
        },
        {
            "trade_id": "8d90688e-bc98-484e-849c-a559bbf487e9",
            "ticker": "KXHIGHNY-24NOV09-B52.5",
            "count": 90,
            "created_time": "2024-11-09T19:08:13.230046Z",
            "yes_price": 1,
            "no_price": 99,
            "taker_side": "yes"
        },
        {
            "trade_id": "a00db032-5a01-47ab-a58c-07d0fda6bc0d",
            "ticker": "KXHIGHNY-24NOV09-B52.5",
            "count": 10,
            "created_time": "2024-11-09T19:07:44.353215Z",
            "yes_price": 1,
            "no_price": 99,
            "taker_side": "yes"
        },
        {
            "trade_id": "f06755cf-3198-49ab-9094-e7a8d217ceae",
            "ticker": "KXHIGHNY-24NOV09-B52.5",
            "count": 2,
            "created_time": "2024-11-09T19:05:29.456379Z",
            "yes_price": 2,
            "no_price": 98,
            "taker_side": "yes"
        },
        {
            "trade_id": "09d4c8bf-2bf8-47e3-b43e-c7b6d63cfa6c",
            "ticker": "KXHIGHNY-24NOV09-B52.5",
            "count": 8,
            "created_time": "2024-11-09T19:05:29.456379Z",
            "yes_price": 1,
            "no_price": 99,
            "taker_side": "yes"
        },
        {
            "trade_id": "a2277704-1d9f-4d09-a545-b2feb63affd6",
            "ticker": "KXHIGHNY-24NOV09-B52.5",
            "count": 15,
            "created_time": "2024-11-09T19:02:46.815416Z",
            "yes_price": 1,
            "no_price": 99,
            "taker_side": "yes"
        },
        {
            "trade_id": "6ab79b72-a37f-47d8-99cd-70e6ac8f6c74",
            "ticker": "KXHIGHNY-24NOV09-B52.5",
            "count": 20,
            "created_time": "2024-11-09T18:59:41.964087Z",
            "yes_price": 1,
            "no_price": 99,
            "taker_side": "no"
        },
        {
            "trade_id": "097b1d18-ef85-47ef-9939-8a63337fc349",
            "ticker": "KXHIGHNY-24NOV09-B52.5",
            "count": 46,
            "created_time": "2024-11-09T18:57:55.942292Z",
            "yes_price": 2,
            "no_price": 98,
            "taker_side": "yes"
        },
        {
            "trade_id": "daeae006-5d62-4dfc-82d1-8920f494788e",
            "ticker": "KXHIGHNY-24NOV09-B52.5",
            "count": 17,
            "created_time": "2024-11-09T18:56:37.763867Z",
            "yes_price": 2,
            "no_price": 98,
            "taker_side": "yes"
        },
        {
            "trade_id": "f016ba34-efa8-44df-a556-3dda3ec28efc",
            "ticker": "KXHIGHNY-24NOV09-B52.5",
            "count": 283,
            "created_time": "2024-11-09T18:56:30.531755Z",
            "yes_price": 1,
            "no_price": 99,
            "taker_side": "yes"
        },
        {
            "trade_id": "cd82d47d-70bf-43e2-aef4-876d19d4983a",
            "ticker": "KXHIGHNY-24NOV09-B52.5",
            "count": 100,
            "created_time": "2024-11-09T18:56:30.531755Z",
            "yes_price": 1,
            "no_price": 99,
            "taker_side": "yes"
        },
        {
            "trade_id": "4a2fc60b-cc41-4eb9-b5d6-5204bef259ca",
            "ticker": "KXHIGHNY-24NOV09-B52.5",
            "count": 14,
            "created_time": "2024-11-09T18:38:54.500135Z",
            "yes_price": 1,
            "no_price": 99,
            "taker_side": "yes"
        },
        {
            "trade_id": "b6337b31-9645-45db-a6e6-8be6302c6443",
            "ticker": "KXHIGHNY-24NOV09-B52.5",
            "count": 50,
            "created_time": "2024-11-09T18:38:42.097112Z",
            "yes_price": 1,
            "no_price": 99,
            "taker_side": "no"
        },
        {
            "trade_id": "0a667ff5-2e4b-44ac-944a-5f4c33dd5fa3",
            "ticker": "KXHIGHNY-24NOV09-B52.5",
            "count": 233,
            "created_time": "2024-11-09T18:32:03.464461Z",
            "yes_price": 2,
            "no_price": 98,
            "taker_side": "yes"
        },
        {
            "trade_id": "c47e2383-6369-4967-855c-82abf0e78a12",
            "ticker": "KXHIGHNY-24NOV09-B52.5",
            "count": 46,
            "created_time": "2024-11-09T18:28:41.489693Z",
            "yes_price": 2,
            "no_price": 98,
            "taker_side": "yes"
        },
        {
            "trade_id": "459efb68-79a2-4096-8c3d-90eb8b3a8368",
            "ticker": "KXHIGHNY-24NOV09-B52.5",
            "count": 312,
            "created_time": "2024-11-09T18:21:00.498796Z",
            "yes_price": 3,
            "no_price": 97,
            "taker_side": "yes"
        },
        {
            "trade_id": "3248b5c0-145b-4f28-a17b-4bb6bbf8763b",
            "ticker": "KXHIGHNY-24NOV09-B52.5",
            "count": 14,
            "created_time": "2024-11-09T18:20:32.539396Z",
            "yes_price": 1,
            "no_price": 99,
            "taker_side": "no"
        },
        {
            "trade_id": "d0b3a950-636e-46aa-a843-08e32f9da267",
            "ticker": "KXHIGHNY-24NOV09-B52.5",
            "count": 26,
            "created_time": "2024-11-09T18:20:17.28929Z",
            "yes_price": 1,
            "no_price": 99,
            "taker_side": "no"
        },
        {
            "trade_id": "9bdc51e9-707a-4800-89c9-40440a032ef5",
            "ticker": "KXHIGHNY-24NOV09-B52.5",
            "count": 5,
            "created_time": "2024-11-09T18:18:01.016015Z",
            "yes_price": 1,
            "no_price": 99,
            "taker_side": "yes"
        },
        {
            "trade_id": "4d7bf668-f8de-4378-9bfd-a5ad569b932a",
            "ticker": "KXHIGHNY-24NOV09-B52.5",
            "count": 5,
            "created_time": "2024-11-09T18:16:27.942229Z",
            "yes_price": 1,
            "no_price": 99,
            "taker_side": "no"
        },
        {
            "trade_id": "678ea091-bf89-4309-92f7-20c57de35c4b",
            "ticker": "KXHIGHNY-24NOV09-B52.5",
            "count": 51,
            "created_time": "2024-11-09T18:08:34.417833Z",
            "yes_price": 3,
            "no_price": 97,
            "taker_side": "yes"
        },
        {
            "trade_id": "b7ad8a94-3ec8-4627-a6c3-de25d82cb060",
            "ticker": "KXHIGHNY-24NOV09-B52.5",
            "count": 11,
            "created_time": "2024-11-09T18:06:39.088697Z",
            "yes_price": 3,
            "no_price": 97,
            "taker_side": "yes"
        },
        {
            "trade_id": "aea89f26-b9fc-4aa1-8082-be6a6e570256",
            "ticker": "KXHIGHNY-24NOV09-B52.5",
            "count": 4,
            "created_time": "2024-11-09T18:06:39.088697Z",
            "yes_price": 1,
            "no_price": 99,
            "taker_side": "yes"
        },
        {
            "trade_id": "1939130a-2e45-46d9-9c9b-8253a86ccb0a",
            "ticker": "KXHIGHNY-24NOV09-B52.5",
            "count": 6,
            "created_time": "2024-11-09T18:05:24.559066Z",
            "yes_price": 1,
            "no_price": 99,
            "taker_side": "no"
        },
        {
            "trade_id": "cdf14df5-7584-4f33-b727-d5b652e383d6",
            "ticker": "KXHIGHNY-24NOV09-B52.5",
            "count": 25,
            "created_time": "2024-11-09T18:03:03.988678Z",
            "yes_price": 1,
            "no_price": 99,
            "taker_side": "no"
        },
        {
            "trade_id": "b3bee32a-5782-495d-8062-414357ade4d0",
            "ticker": "KXHIGHNY-24NOV09-B52.5",
            "count": 74,
            "created_time": "2024-11-09T18:02:32.466083Z",
            "yes_price": 3,
            "no_price": 97,
            "taker_side": "yes"
        },
        {
            "trade_id": "d536df78-4baa-4fcb-8086-fec6b565f48f",
            "ticker": "KXHIGHNY-24NOV09-B52.5",
            "count": 69,
            "created_time": "2024-11-09T18:01:29.95191Z",
            "yes_price": 1,
            "no_price": 99,
            "taker_side": "no"
        },
        {
            "trade_id": "9ce30b2c-a09e-4b7c-aa48-fa3d110e8337",
            "ticker": "KXHIGHNY-24NOV09-B52.5",
            "count": 100,
            "created_time": "2024-11-09T17:36:05.730019Z",
            "yes_price": 1,
            "no_price": 99,
            "taker_side": "no"
        },
        {
            "trade_id": "909fa3d2-1d18-4e17-a341-ea8d759692d0",
            "ticker": "KXHIGHNY-24NOV09-B52.5",
            "count": 100,
            "created_time": "2024-11-09T17:30:22.364902Z",
            "yes_price": 1,
            "no_price": 99,
            "taker_side": "no"
        },
        {
            "trade_id": "5b1c3d9c-96e9-4a59-8679-9a4e1dd67879",
            "ticker": "KXHIGHNY-24NOV09-B52.5",
            "count": 100,
            "created_time": "2024-11-09T17:30:11.242614Z",
            "yes_price": 1,
            "no_price": 99,
            "taker_side": "no"
        },
        {
            "trade_id": "7aa555ac-65e8-4638-9e3e-a1848de66f2a",
            "ticker": "KXHIGHNY-24NOV09-B52.5",
            "count": 2,
            "created_time": "2024-11-09T17:27:56.448841Z",
            "yes_price": 2,
            "no_price": 98,
            "taker_side": "yes"
        },
        {
            "trade_id": "51b28db1-5810-4f15-85de-e3892c0a12b7",
            "ticker": "KXHIGHNY-24NOV09-B52.5",
            "count": 123,
            "created_time": "2024-11-09T17:27:56.448841Z",
            "yes_price": 3,
            "no_price": 97,
            "taker_side": "yes"
        },
        {
            "trade_id": "441e9e8b-a365-4f9c-a34d-3b6282899844",
            "ticker": "KXHIGHNY-24NOV09-B52.5",
            "count": 83,
            "created_time": "2024-11-09T15:47:18.156894Z",
            "yes_price": 4,
            "no_price": 96,
            "taker_side": "yes"
        },
        {
            "trade_id": "1e53b998-8d95-4ef9-884c-14f65562a669",
            "ticker": "KXHIGHNY-24NOV09-B52.5",
            "count": 134,
            "created_time": "2024-11-09T15:47:18.156894Z",
            "yes_price": 1,
            "no_price": 99,
            "taker_side": "yes"
        },
        {
            "trade_id": "802062d5-9ec8-4fa9-a37a-9421e170af2b",
            "ticker": "KXHIGHNY-24NOV09-B52.5",
            "count": 117,
            "created_time": "2024-11-09T15:21:41.381625Z",
            "yes_price": 4,
            "no_price": 96,
            "taker_side": "yes"
        },
        {
            "trade_id": "0102d878-9f39-4507-b016-bfac5b4a58be",
            "ticker": "KXHIGHNY-24NOV09-B52.5",
            "count": 23,
            "created_time": "2024-11-09T15:06:02.830172Z",
            "yes_price": 4,
            "no_price": 96,
            "taker_side": "yes"
        },
        {
            "trade_id": "c726a9a4-c007-470c-9495-d940f9069a95",
            "ticker": "KXHIGHNY-24NOV09-B52.5",
            "count": 1821,
            "created_time": "2024-11-09T14:50:46.367997Z",
            "yes_price": 5,
            "no_price": 95,
            "taker_side": "yes"
        },
        {
            "trade_id": "aff6329f-77bc-4d33-8fac-4e874e2019a0",
            "ticker": "KXHIGHNY-24NOV09-B52.5",
            "count": 179,
            "created_time": "2024-11-09T14:50:46.367997Z",
            "yes_price": 1,
            "no_price": 99,
            "taker_side": "yes"
        },
        {
            "trade_id": "529fdfe7-f831-4fee-a44e-9eb7d7022655",
            "ticker": "KXHIGHNY-24NOV09-B52.5",
            "count": 30,
            "created_time": "2024-11-09T14:50:46.367997Z",
            "yes_price": 3,
            "no_price": 97,
            "taker_side": "yes"
        },
        {
            "trade_id": "589a834f-da47-4bed-9fe1-488caa8afc6c",
            "ticker": "KXHIGHNY-24NOV09-B52.5",
            "count": 93,
            "created_time": "2024-11-09T14:43:13.102183Z",
            "yes_price": 1,
            "no_price": 99,
            "taker_side": "yes"
        },
        {
            "trade_id": "a9e31dcc-43ea-4728-9dbb-37febd37d1da",
            "ticker": "KXHIGHNY-24NOV09-B52.5",
            "count": 86,
            "created_time": "2024-11-09T14:42:13.816586Z",
            "yes_price": 1,
            "no_price": 99,
            "taker_side": "yes"
        },
        {
            "trade_id": "a17c3d0e-5352-467f-aa04-b6391bb8af1e",
            "ticker": "KXHIGHNY-24NOV09-B52.5",
            "count": 6,
            "created_time": "2024-11-09T14:42:13.816586Z",
            "yes_price": 1,
            "no_price": 99,
            "taker_side": "yes"
        },
        {
            "trade_id": "a35f1de5-07c8-4eb3-9238-5276a393c4c6",
            "ticker": "KXHIGHNY-24NOV09-B52.5",
            "count": 2,
            "created_time": "2024-11-09T14:03:57.788723Z",
            "yes_price": 2,
            "no_price": 98,
            "taker_side": "no"
        },
        {
            "trade_id": "e807681b-aa0d-48af-ae7a-4d5918c1de9b",
            "ticker": "KXHIGHNY-24NOV09-B52.5",
            "count": 165,
            "created_time": "2024-11-09T13:59:41.062302Z",
            "yes_price": 2,
            "no_price": 98,
            "taker_side": "no"
        },
        {
            "trade_id": "075ae034-eb7e-4fef-bcee-ca5b996c9d92",
            "ticker": "KXHIGHNY-24NOV09-B52.5",
            "count": 8,
            "created_time": "2024-11-09T13:59:41.062302Z",
            "yes_price": 2,
            "no_price": 98,
            "taker_side": "no"
        },
        {
            "trade_id": "6ed5e9dd-5bb9-4dd7-a44e-62e3cfab9fa3",
            "ticker": "KXHIGHNY-24NOV09-B52.5",
            "count": 68,
            "created_time": "2024-11-09T13:58:15.623659Z",
            "yes_price": 2,
            "no_price": 98,
            "taker_side": "no"
        },
        {
            "trade_id": "aeb20efa-be54-44a4-8ded-786e5da91713",
            "ticker": "KXHIGHNY-24NOV09-B52.5",
            "count": 16,
            "created_time": "2024-11-09T13:58:08.989556Z",
            "yes_price": 2,
            "no_price": 98,
            "taker_side": "no"
        },
        {
            "trade_id": "033003dd-6f3f-4cfd-bc39-de7d4ddc113e",
            "ticker": "KXHIGHNY-24NOV09-B52.5",
            "count": 31,
            "created_time": "2024-11-09T13:56:46.011678Z",
            "yes_price": 2,
            "no_price": 98,
            "taker_side": "no"
        },
        {
            "trade_id": "65f5e8d9-5368-4d94-a6e4-e738e4005c37",
            "ticker": "KXHIGHNY-24NOV09-B52.5",
            "count": 50,
            "created_time": "2024-11-09T13:56:28.513009Z",
            "yes_price": 2,
            "no_price": 98,
            "taker_side": "no"
        },
        {
            "trade_id": "d0501476-b588-4772-827f-ed8021649a89",
            "ticker": "KXHIGHNY-24NOV09-B52.5",
            "count": 18,
            "created_time": "2024-11-09T13:55:47.671699Z",
            "yes_price": 5,
            "no_price": 95,
            "taker_side": "yes"
        },
        {
            "trade_id": "abcff79c-15b7-4484-853f-3acb809265c3",
            "ticker": "KXHIGHNY-24NOV09-B52.5",
            "count": 34,
            "created_time": "2024-11-09T13:54:06.793582Z",
            "yes_price": 2,
            "no_price": 98,
            "taker_side": "no"
        },
        {
            "trade_id": "d201cc56-2345-416d-9541-660c20342337",
            "ticker": "KXHIGHNY-24NOV09-B52.5",
            "count": 5,
            "created_time": "2024-11-09T13:51:24.911043Z",
            "yes_price": 2,
            "no_price": 98,
            "taker_side": "no"
        },
        {
            "trade_id": "f1399769-e5a4-4bd3-aab2-9e5aa46da0f6",
            "ticker": "KXHIGHNY-24NOV09-B52.5",
            "count": 173,
            "created_time": "2024-11-09T13:51:16.087306Z",
            "yes_price": 2,
            "no_price": 98,
            "taker_side": "no"
        },
        {
            "trade_id": "269ca01e-ea10-4bf7-8dde-40f60df95ab4",
            "ticker": "KXHIGHNY-24NOV09-B52.5",
            "count": 173,
            "created_time": "2024-11-09T13:50:53.757796Z",
            "yes_price": 2,
            "no_price": 98,
            "taker_side": "no"
        },
        {
            "trade_id": "365e2693-8f8c-436f-8c7f-fecb885aca95",
            "ticker": "KXHIGHNY-24NOV09-B52.5",
            "count": 3,
            "created_time": "2024-11-09T13:49:55.922807Z",
            "yes_price": 2,
            "no_price": 98,
            "taker_side": "no"
        },
        {
            "trade_id": "0a3395f8-cc0f-45ad-89de-0baf79c3d8ed",
            "ticker": "KXHIGHNY-24NOV09-B52.5",
            "count": 136,
            "created_time": "2024-11-09T13:46:06.591749Z",
            "yes_price": 2,
            "no_price": 98,
            "taker_side": "no"
        },
        {
            "trade_id": "6660ec27-bd67-4024-8fd3-c507fed1e897",
            "ticker": "KXHIGHNY-24NOV09-B52.5",
            "count": 76,
            "created_time": "2024-11-09T13:45:56.161781Z",
            "yes_price": 2,
            "no_price": 98,
            "taker_side": "no"
        },
        {
            "trade_id": "94a07752-0e10-4f0c-b1ab-33576f556694",
            "ticker": "KXHIGHNY-24NOV09-B52.5",
            "count": 260,
            "created_time": "2024-11-09T13:45:08.213125Z",
            "yes_price": 2,
            "no_price": 98,
            "taker_side": "no"
        },
        {
            "trade_id": "912a6f54-d24e-4423-bf9b-05c865b2adeb",
            "ticker": "KXHIGHNY-24NOV09-B52.5",
            "count": 70,
            "created_time": "2024-11-09T13:45:08.213125Z",
            "yes_price": 2,
            "no_price": 98,
            "taker_side": "no"
        },
        {
            "trade_id": "e27e75c6-96d5-42a6-8bf8-ad471726498f",
            "ticker": "KXHIGHNY-24NOV09-B52.5",
            "count": 8,
            "created_time": "2024-11-09T13:43:32.033507Z",
            "yes_price": 2,
            "no_price": 98,
            "taker_side": "no"
        },
        {
            "trade_id": "f9ba11dc-8488-4c7a-8da4-29e4876bac8f",
            "ticker": "KXHIGHNY-24NOV09-B52.5",
            "count": 17,
            "created_time": "2024-11-09T13:40:33.858817Z",
            "yes_price": 2,
            "no_price": 98,
            "taker_side": "no"
        },
        {
            "trade_id": "722c17bb-34da-44c3-b1c3-15328a2ac956",
            "ticker": "KXHIGHNY-24NOV09-B52.5",
            "count": 13,
            "created_time": "2024-11-09T13:39:29.776126Z",
            "yes_price": 2,
            "no_price": 98,
            "taker_side": "no"
        },
        {
            "trade_id": "fd438b35-3225-4fac-bccb-b0ac5a5a971d",
            "ticker": "KXHIGHNY-24NOV09-B52.5",
            "count": 19,
            "created_time": "2024-11-09T13:36:54.100815Z",
            "yes_price": 2,
            "no_price": 98,
            "taker_side": "no"
        },
        {
            "trade_id": "3e672524-7967-412d-b436-fb55584a94e5",
            "ticker": "KXHIGHNY-24NOV09-B52.5",
            "count": 100,
            "created_time": "2024-11-09T13:36:06.967271Z",
            "yes_price": 2,
            "no_price": 98,
            "taker_side": "no"
        },
        {
            "trade_id": "566e726f-674b-454c-b4cf-4b751b0ad241",
            "ticker": "KXHIGHNY-24NOV09-B52.5",
            "count": 10,
            "created_time": "2024-11-09T13:35:17.212337Z",
            "yes_price": 2,
            "no_price": 98,
            "taker_side": "no"
        },
        {
            "trade_id": "71977005-214f-4fa2-8489-5d5d39b4e89b",
            "ticker": "KXHIGHNY-24NOV09-B52.5",
            "count": 5,
            "created_time": "2024-11-09T13:35:06.620302Z",
            "yes_price": 2,
            "no_price": 98,
            "taker_side": "no"
        },
        {
            "trade_id": "2c7621ba-742e-431a-81b0-9b303fc8e83d",
            "ticker": "KXHIGHNY-24NOV09-B52.5",
            "count": 165,
            "created_time": "2024-11-09T13:31:58.845739Z",
            "yes_price": 2,
            "no_price": 98,
            "taker_side": "no"
        },
        {
            "trade_id": "6d6f7550-78fa-48aa-b371-53561bfcd222",
            "ticker": "KXHIGHNY-24NOV09-B52.5",
            "count": 1,
            "created_time": "2024-11-09T13:30:53.167004Z",
            "yes_price": 2,
            "no_price": 98,
            "taker_side": "no"
        },
        {
            "trade_id": "636c93c8-f2eb-4d39-8b50-19d94e0f4efa",
            "ticker": "KXHIGHNY-24NOV09-B52.5",
            "count": 2,
            "created_time": "2024-11-09T13:29:00.254698Z",
            "yes_price": 2,
            "no_price": 98,
            "taker_side": "no"
        },
        {
            "trade_id": "04b46ebb-9826-4384-8879-f3b2dbbf6a0e",
            "ticker": "KXHIGHNY-24NOV09-B52.5",
            "count": 2,
            "created_time": "2024-11-09T13:27:34.54294Z",
            "yes_price": 2,
            "no_price": 98,
            "taker_side": "no"
        },
        {
            "trade_id": "5064fcaf-1c7a-485a-bc42-a8f61b3d904e",
            "ticker": "KXHIGHNY-24NOV09-B52.5",
            "count": 265,
            "created_time": "2024-11-09T13:24:45.876775Z",
            "yes_price": 2,
            "no_price": 98,
            "taker_side": "no"
        },
        {
            "trade_id": "6f5a8f95-3d54-4bc6-b54b-5aa8587b298d",
            "ticker": "KXHIGHNY-24NOV09-B52.5",
            "count": 93,
            "created_time": "2024-11-09T13:16:52.856699Z",
            "yes_price": 6,
            "no_price": 94,
            "taker_side": "yes"
        },
        {
            "trade_id": "d857872d-c949-4966-9493-f4c665cfbb6f",
            "ticker": "KXHIGHNY-24NOV09-B52.5",
            "count": 28,
            "created_time": "2024-11-09T13:13:17.603625Z",
            "yes_price": 2,
            "no_price": 98,
            "taker_side": "no"
        },
        {
            "trade_id": "4a455d9c-1c37-4a03-9620-d92aa4092b84",
            "ticker": "KXHIGHNY-24NOV09-B52.5",
            "count": 31,
            "created_time": "2024-11-09T13:13:02.43899Z",
            "yes_price": 6,
            "no_price": 94,
            "taker_side": "yes"
        },
        {
            "trade_id": "e8caed7c-da0f-4c8b-8d87-284de68650d3",
            "ticker": "KXHIGHNY-24NOV09-B52.5",
            "count": 30,
            "created_time": "2024-11-09T13:12:56.53854Z",
            "yes_price": 2,
            "no_price": 98,
            "taker_side": "no"
        },
        {
            "trade_id": "134b7f51-4bdc-4297-8652-370b5005806a",
            "ticker": "KXHIGHNY-24NOV09-B52.5",
            "count": 4,
            "created_time": "2024-11-09T13:09:27.160504Z",
            "yes_price": 2,
            "no_price": 98,
            "taker_side": "no"
        },
        {
            "trade_id": "88354f64-36a9-4f11-9dd7-9cc27ee1d2de",
            "ticker": "KXHIGHNY-24NOV09-B52.5",
            "count": 3,
            "created_time": "2024-11-09T12:54:06.391248Z",
            "yes_price": 2,
            "no_price": 98,
            "taker_side": "no"
        },
        {
            "trade_id": "6499a00d-9ae9-485c-a0e6-b151225a95c9",
            "ticker": "KXHIGHNY-24NOV09-B52.5",
            "count": 2,
            "created_time": "2024-11-09T12:39:36.592316Z",
            "yes_price": 4,
            "no_price": 96,
            "taker_side": "no"
        },
        {
            "trade_id": "aaa89cec-72b1-46e6-8001-981f5bf2728c",
            "ticker": "KXHIGHNY-24NOV09-B52.5",
            "count": 3,
            "created_time": "2024-11-09T12:39:23.296933Z",
            "yes_price": 4,
            "no_price": 96,
            "taker_side": "no"
        },
        {
            "trade_id": "77dd21a4-074a-49b2-b7fc-c52514d68b47",
            "ticker": "KXHIGHNY-24NOV09-B52.5",
            "count": 27,
            "created_time": "2024-11-09T12:35:11.754897Z",
            "yes_price": 3,
            "no_price": 97,
            "taker_side": "no"
        },
        {
            "trade_id": "e5a65d45-52ad-446c-8658-f1350cdccd31",
            "ticker": "KXHIGHNY-24NOV09-B52.5",
            "count": 9,
            "created_time": "2024-11-09T12:29:24.309447Z",
            "yes_price": 3,
            "no_price": 97,
            "taker_side": "no"
        },
        {
            "trade_id": "8286031e-dc17-406f-a151-803c05a55745",
            "ticker": "KXHIGHNY-24NOV09-B52.5",
            "count": 100,
            "created_time": "2024-11-09T12:26:41.736375Z",
            "yes_price": 3,
            "no_price": 97,
            "taker_side": "no"
        },
        {
            "trade_id": "70a48031-2d8d-4f74-942f-c7b65c39e7c6",
            "ticker": "KXHIGHNY-24NOV09-B52.5",
            "count": 100,
            "created_time": "2024-11-09T12:25:31.556373Z",
            "yes_price": 3,
            "no_price": 97,
            "taker_side": "no"
        },
        {
            "trade_id": "f3cddfec-f8f1-4557-bec3-0a82cc74b99d",
            "ticker": "KXHIGHNY-24NOV09-B52.5",
            "count": 50,
            "created_time": "2024-11-09T12:25:18.102298Z",
            "yes_price": 3,
            "no_price": 97,
            "taker_side": "no"
        },
        {
            "trade_id": "52d63e09-deb2-4f6c-ac27-628919849dbf",
            "ticker": "KXHIGHNY-24NOV09-B52.5",
            "count": 16,
            "created_time": "2024-11-09T12:25:03.235609Z",
            "yes_price": 3,
            "no_price": 97,
            "taker_side": "no"
        },
        {
            "trade_id": "fae0d456-0a43-4c3e-bb10-1f151e267870",
            "ticker": "KXHIGHNY-24NOV09-B52.5",
            "count": 10,
            "created_time": "2024-11-09T12:24:42.981495Z",
            "yes_price": 3,
            "no_price": 97,
            "taker_side": "no"
        },
        {
            "trade_id": "bf6c21b9-b5b8-4b1d-b063-8eee4fd3bc6a",
            "ticker": "KXHIGHNY-24NOV09-B52.5",
            "count": 10,
            "created_time": "2024-11-09T12:24:42.312404Z",
            "yes_price": 3,
            "no_price": 97,
            "taker_side": "no"
        },
        {
            "trade_id": "1f6226dd-6a6b-4ddb-9271-e3a1325abab0",
            "ticker": "KXHIGHNY-24NOV09-B52.5",
            "count": 10,
            "created_time": "2024-11-09T12:24:42.28687Z",
            "yes_price": 3,
            "no_price": 97,
            "taker_side": "no"
        },
        {
            "trade_id": "189d1f61-250f-4cd3-8316-9db7dbe7e3f7",
            "ticker": "KXHIGHNY-24NOV09-B52.5",
            "count": 5,
            "created_time": "2024-11-09T12:23:23.720414Z",
            "yes_price": 5,
            "no_price": 95,
            "taker_side": "yes"
        },
        {
            "trade_id": "2830408f-b897-4bd2-8dff-2fd23c35c081",
            "ticker": "KXHIGHNY-24NOV09-B52.5",
            "count": 5,
            "created_time": "2024-11-09T12:21:49.460055Z",
            "yes_price": 3,
            "no_price": 97,
            "taker_side": "no"
        },
        {
            "trade_id": "181bd8fa-b9f8-4fa1-a612-c6da797c511f",
            "ticker": "KXHIGHNY-24NOV09-B52.5",
            "count": 5,
            "created_time": "2024-11-09T12:13:29.430977Z",
            "yes_price": 3,
            "no_price": 97,
            "taker_side": "no"
        },
        {
            "trade_id": "a96b1d35-4df1-45b2-9d29-5fdeb8131144",
            "ticker": "KXHIGHNY-24NOV09-B52.5",
            "count": 5,
            "created_time": "2024-11-09T12:13:29.400932Z",
            "yes_price": 3,
            "no_price": 97,
            "taker_side": "no"
        },
        {
            "trade_id": "f1406925-0b1e-4c0d-895d-2624bc4cf728",
            "ticker": "KXHIGHNY-24NOV09-B52.5",
            "count": 50,
            "created_time": "2024-11-09T12:13:29.038808Z",
            "yes_price": 3,
            "no_price": 97,
            "taker_side": "no"
        },
        {
            "trade_id": "f137bccf-dc7a-4f04-8d01-49542667c83b",
            "ticker": "KXHIGHNY-24NOV09-B52.5",
            "count": 5,
            "created_time": "2024-11-09T12:13:29.008966Z",
            "yes_price": 3,
            "no_price": 97,
            "taker_side": "no"
        },
        {
            "trade_id": "689185c9-756b-477b-aa97-2248cc7941f6",
            "ticker": "KXHIGHNY-24NOV09-B52.5",
            "count": 12,
            "created_time": "2024-11-09T12:05:42.831556Z",
            "yes_price": 3,
            "no_price": 97,
            "taker_side": "no"
        },
        {
            "trade_id": "37acbfd5-c6c3-4c01-99d7-e9f0ebe0e0e6",
            "ticker": "KXHIGHNY-24NOV09-B52.5",
            "count": 9,
            "created_time": "2024-11-09T12:05:12.0762Z",
            "yes_price": 3,
            "no_price": 97,
            "taker_side": "no"
        },
        {
            "trade_id": "28dafcb9-74b1-4837-934a-ee92627a65d8",
            "ticker": "KXHIGHNY-24NOV09-B52.5",
            "count": 100,
            "created_time": "2024-11-09T12:04:50.074555Z",
            "yes_price": 8,
            "no_price": 92,
            "taker_side": "yes"
        },
        {
            "trade_id": "0765e843-ee40-44d0-a432-288e5233892e",
            "ticker": "KXHIGHNY-24NOV09-B52.5",
            "count": 17,
            "created_time": "2024-11-09T12:04:50.074555Z",
            "yes_price": 8,
            "no_price": 92,
            "taker_side": "yes"
        },
        {
            "trade_id": "9ccc3470-c492-426c-855b-65d744324805",
            "ticker": "KXHIGHNY-24NOV09-B52.5",
            "count": 32,
            "created_time": "2024-11-09T12:01:21.471959Z",
            "yes_price": 3,
            "no_price": 97,
            "taker_side": "no"
        },
        {
            "trade_id": "7172949c-7087-45db-a01f-270d8608ca63",
            "ticker": "KXHIGHNY-24NOV09-B52.5",
            "count": 40,
            "created_time": "2024-11-09T11:58:22.688335Z",
            "yes_price": 3,
            "no_price": 97,
            "taker_side": "no"
        },
        {
            "trade_id": "1ef4eb32-8197-4c99-ac55-d424f74b2272",
            "ticker": "KXHIGHNY-24NOV09-B52.5",
            "count": 1,
            "created_time": "2024-11-09T11:55:02.299956Z",
            "yes_price": 2,
            "no_price": 98,
            "taker_side": "no"
        },
        {
            "trade_id": "1769635b-3f20-4eb3-88f8-cfc77fdf596c",
            "ticker": "KXHIGHNY-24NOV09-B52.5",
            "count": 17,
            "created_time": "2024-11-09T11:44:35.056759Z",
            "yes_price": 2,
            "no_price": 98,
            "taker_side": "no"
        },
        {
            "trade_id": "74052572-8ad7-4422-aca2-6c15eb4f854e",
            "ticker": "KXHIGHNY-24NOV09-B52.5",
            "count": 54,
            "created_time": "2024-11-09T11:03:31.015653Z",
            "yes_price": 5,
            "no_price": 95,
            "taker_side": "no"
        },
        {
            "trade_id": "de491d04-14da-4a13-bf8c-1399b189fdb7",
            "ticker": "KXHIGHNY-24NOV09-B52.5",
            "count": 200,
            "created_time": "2024-11-09T10:57:02.378062Z",
            "yes_price": 5,
            "no_price": 95,
            "taker_side": "no"
        },
        {
            "trade_id": "0f3feaab-9bbf-4837-a0a9-05bbbcd06dc9",
            "ticker": "KXHIGHNY-24NOV09-B52.5",
            "count": 21,
            "created_time": "2024-11-09T10:29:32.894754Z",
            "yes_price": 5,
            "no_price": 95,
            "taker_side": "no"
        },
        {
            "trade_id": "cc7f338d-34dd-4cd3-a81e-c703b09583e8",
            "ticker": "KXHIGHNY-24NOV09-B52.5",
            "count": 51,
            "created_time": "2024-11-09T10:29:17.195261Z",
            "yes_price": 5,
            "no_price": 95,
            "taker_side": "no"
        },
        {
            "trade_id": "04507075-5a93-48a5-8292-bc0ef3413339",
            "ticker": "KXHIGHNY-24NOV09-B52.5",
            "count": 47,
            "created_time": "2024-11-09T10:19:29.255278Z",
            "yes_price": 5,
            "no_price": 95,
            "taker_side": "no"
        },
        {
            "trade_id": "3f21934b-1289-402a-9657-dafaa4a32c83",
            "ticker": "KXHIGHNY-24NOV09-B52.5",
            "count": 25,
            "created_time": "2024-11-09T10:03:15.918847Z",
            "yes_price": 5,
            "no_price": 95,
            "taker_side": "no"
        },
        {
            "trade_id": "1e9458de-e776-493f-9aee-4f43c0939207",
            "ticker": "KXHIGHNY-24NOV09-B52.5",
            "count": 50,
            "created_time": "2024-11-09T10:02:56.522725Z",
            "yes_price": 5,
            "no_price": 95,
            "taker_side": "no"
        },
        {
            "trade_id": "b83c69a4-4dd1-40dd-8b5b-824d8eeaf92f",
            "ticker": "KXHIGHNY-24NOV09-B52.5",
            "count": 34,
            "created_time": "2024-11-09T09:58:11.878851Z",
            "yes_price": 5,
            "no_price": 95,
            "taker_side": "no"
        },
        {
            "trade_id": "a85b2938-a7e0-41ba-9342-51c7c614ce3c",
            "ticker": "KXHIGHNY-24NOV09-B52.5",
            "count": 18,
            "created_time": "2024-11-09T09:44:45.267959Z",
            "yes_price": 5,
            "no_price": 95,
            "taker_side": "no"
        },
        {
            "trade_id": "5687178a-48ca-4a49-8183-c0c1ac180a7c",
            "ticker": "KXHIGHNY-24NOV09-B52.5",
            "count": 50,
            "created_time": "2024-11-09T09:03:04.199362Z",
            "yes_price": 2,
            "no_price": 98,
            "taker_side": "no"
        },
        {
            "trade_id": "e0e6dc5b-b721-45c8-91ba-061cd9a665a4",
            "ticker": "KXHIGHNY-24NOV09-B52.5",
            "count": 193,
            "created_time": "2024-11-09T09:00:47.233278Z",
            "yes_price": 9,
            "no_price": 91,
            "taker_side": "yes"
        },
        {
            "trade_id": "9ff919e3-ece4-4343-9572-e5e5a452c3f2",
            "ticker": "KXHIGHNY-24NOV09-B52.5",
            "count": 14,
            "created_time": "2024-11-09T09:00:47.233278Z",
            "yes_price": 6,
            "no_price": 94,
            "taker_side": "yes"
        },
        {
            "trade_id": "63293723-656a-49f1-9b30-3f0e7d638866",
            "ticker": "KXHIGHNY-24NOV09-B52.5",
            "count": 228,
            "created_time": "2024-11-09T08:20:59.074554Z",
            "yes_price": 4,
            "no_price": 96,
            "taker_side": "no"
        },
        {
            "trade_id": "0edebb88-bb1d-4711-8d04-dbf455a1bebc",
            "ticker": "KXHIGHNY-24NOV09-B52.5",
            "count": 10,
            "created_time": "2024-11-09T08:05:08.874377Z",
            "yes_price": 4,
            "no_price": 96,
            "taker_side": "no"
        },
        {
            "trade_id": "2af68689-3267-4fb0-8fa3-3cb1126b8071",
            "ticker": "KXHIGHNY-24NOV09-B52.5",
            "count": 62,
            "created_time": "2024-11-09T07:59:46.998431Z",
            "yes_price": 4,
            "no_price": 96,
            "taker_side": "no"
        },
        {
            "trade_id": "795a4f45-7b3d-4a8b-b0c0-30150d6a4f8e",
            "ticker": "KXHIGHNY-24NOV09-B52.5",
            "count": 46,
            "created_time": "2024-11-09T07:11:31.930829Z",
            "yes_price": 6,
            "no_price": 94,
            "taker_side": "yes"
        },
        {
            "trade_id": "bc4d0138-f83a-43da-b05e-cb4930e96bc8",
            "ticker": "KXHIGHNY-24NOV09-B52.5",
            "count": 221,
            "created_time": "2024-11-09T06:50:17.439858Z",
            "yes_price": 4,
            "no_price": 96,
            "taker_side": "yes"
        },
        {
            "trade_id": "2d3aa857-74dd-4f16-b7b1-054155da0095",
            "ticker": "KXHIGHNY-24NOV09-B52.5",
            "count": 84,
            "created_time": "2024-11-09T06:50:17.439858Z",
            "yes_price": 7,
            "no_price": 93,
            "taker_side": "yes"
        },
        {
            "trade_id": "059de836-ae28-4cfd-9904-2fe352d69719",
            "ticker": "KXHIGHNY-24NOV09-B52.5",
            "count": 100,
            "created_time": "2024-11-09T06:50:17.439858Z",
            "yes_price": 4,
            "no_price": 96,
            "taker_side": "yes"
        },
        {
            "trade_id": "e4c21831-5827-4c8f-9a4d-921d8e2dd033",
            "ticker": "KXHIGHNY-24NOV09-B52.5",
            "count": 237,
            "created_time": "2024-11-09T06:43:03.570195Z",
            "yes_price": 3,
            "no_price": 97,
            "taker_side": "no"
        },
        {
            "trade_id": "f5d07ab6-47e7-4e82-a39f-bd53ae57f040",
            "ticker": "KXHIGHNY-24NOV09-B52.5",
            "count": 63,
            "created_time": "2024-11-09T06:36:35.536057Z",
            "yes_price": 2,
            "no_price": 98,
            "taker_side": "yes"
        },
        {
            "trade_id": "4a652c45-e3d0-434e-818a-4bbd95b455d4",
            "ticker": "KXHIGHNY-24NOV09-B52.5",
            "count": 63,
            "created_time": "2024-11-09T06:12:08.559359Z",
            "yes_price": 1,
            "no_price": 99,
            "taker_side": "no"
        },
        {
            "trade_id": "eb7462b0-d3a7-4c89-9aeb-223521c2844e",
            "ticker": "KXHIGHNY-24NOV09-B52.5",
            "count": 40,
            "created_time": "2024-11-09T05:59:34.619793Z",
            "yes_price": 4,
            "no_price": 96,
            "taker_side": "yes"
        },
        {
            "trade_id": "8f6acf9f-31a0-475e-9193-dbd6fdb974a2",
            "ticker": "KXHIGHNY-24NOV09-B52.5",
            "count": 61,
            "created_time": "2024-11-09T05:59:34.619793Z",
            "yes_price": 5,
            "no_price": 95,
            "taker_side": "yes"
        },
        {
            "trade_id": "4384c908-ebbc-4f31-9bf2-f9c27301ce26",
            "ticker": "KXHIGHNY-24NOV09-B52.5",
            "count": 40,
            "created_time": "2024-11-09T05:55:57.655305Z",
            "yes_price": 1,
            "no_price": 99,
            "taker_side": "no"
        },
        {
            "trade_id": "22e5281f-cfc1-4291-b15b-f73384b9ce21",
            "ticker": "KXHIGHNY-24NOV09-B52.5",
            "count": 18,
            "created_time": "2024-11-09T05:52:45.90108Z",
            "yes_price": 5,
            "no_price": 95,
            "taker_side": "yes"
        },
        {
            "trade_id": "d8e82ee7-6f04-4507-b897-61e1cba5bc9c",
            "ticker": "KXHIGHNY-24NOV09-B52.5",
            "count": 5,
            "created_time": "2024-11-09T05:32:21.504717Z",
            "yes_price": 4,
            "no_price": 96,
            "taker_side": "yes"
        },
        {
            "trade_id": "2fdb257d-eebf-4139-b11d-a34cb12694f3",
            "ticker": "KXHIGHNY-24NOV09-B52.5",
            "count": 300,
            "created_time": "2024-11-09T04:59:52.697564Z",
            "yes_price": 5,
            "no_price": 95,
            "taker_side": "yes"
        },
        {
            "trade_id": "eb6f54be-9334-4e11-b476-2611cd59a1d6",
            "ticker": "KXHIGHNY-24NOV09-B52.5",
            "count": 120,
            "created_time": "2024-11-09T04:54:17.562221Z",
            "yes_price": 1,
            "no_price": 99,
            "taker_side": "no"
        },
        {
            "trade_id": "c27fd437-1756-43a0-8f77-b0da70ae331a",
            "ticker": "KXHIGHNY-24NOV09-B52.5",
            "count": 17,
            "created_time": "2024-11-09T04:54:17.562221Z",
            "yes_price": 1,
            "no_price": 99,
            "taker_side": "no"
        },
        {
            "trade_id": "aff1fe76-fe8d-48fa-9c58-6d888ff3002e",
            "ticker": "KXHIGHNY-24NOV09-B52.5",
            "count": 10,
            "created_time": "2024-11-09T04:54:17.562221Z",
            "yes_price": 5,
            "no_price": 95,
            "taker_side": "no"
        },
        {
            "trade_id": "8faee1e2-dc9f-4589-8335-76ad5a7fce35",
            "ticker": "KXHIGHNY-24NOV09-B52.5",
            "count": 240,
            "created_time": "2024-11-09T04:54:17.562221Z",
            "yes_price": 2,
            "no_price": 98,
            "taker_side": "no"
        },
        {
            "trade_id": "7b8dfd3e-0c7f-42dd-ad20-3d9a68b7ef29",
            "ticker": "KXHIGHNY-24NOV09-B52.5",
            "count": 16,
            "created_time": "2024-11-09T04:54:17.562221Z",
            "yes_price": 1,
            "no_price": 99,
            "taker_side": "no"
        },
        {
            "trade_id": "7a1920b4-8443-4a83-a4b2-3f2f9b80962b",
            "ticker": "KXHIGHNY-24NOV09-B52.5",
            "count": 18,
            "created_time": "2024-11-09T04:54:17.562221Z",
            "yes_price": 1,
            "no_price": 99,
            "taker_side": "no"
        },
        {
            "trade_id": "74ecb59b-690b-4fe7-ad3a-a532f3cb81c3",
            "ticker": "KXHIGHNY-24NOV09-B52.5",
            "count": 240,
            "created_time": "2024-11-09T04:54:17.562221Z",
            "yes_price": 1,
            "no_price": 99,
            "taker_side": "no"
        },
        {
            "trade_id": "4e2d0f0a-ffa4-459a-b0f2-2f36c48d2b76",
            "ticker": "KXHIGHNY-24NOV09-B52.5",
            "count": 300,
            "created_time": "2024-11-09T04:54:17.562221Z",
            "yes_price": 3,
            "no_price": 97,
            "taker_side": "no"
        },
        {
            "trade_id": "4d6072dd-a88c-49fb-b715-e426687c67fc",
            "ticker": "KXHIGHNY-24NOV09-B52.5",
            "count": 19,
            "created_time": "2024-11-09T04:54:17.562221Z",
            "yes_price": 1,
            "no_price": 99,
            "taker_side": "no"
        },
        {
            "trade_id": "42f757ba-81ab-42fb-a2f9-b0d9610cff86",
            "ticker": "KXHIGHNY-24NOV09-B52.5",
            "count": 57,
            "created_time": "2024-11-09T04:54:17.562221Z",
            "yes_price": 6,
            "no_price": 94,
            "taker_side": "no"
        },
        {
            "trade_id": "38703f53-93a8-44d5-9491-9855f791632b",
            "ticker": "KXHIGHNY-24NOV09-B52.5",
            "count": 1,
            "created_time": "2024-11-09T04:54:17.562221Z",
            "yes_price": 14,
            "no_price": 86,
            "taker_side": "no"
        },
        {
            "trade_id": "c132c5f3-20bd-4b57-89d3-9f99f654bada",
            "ticker": "KXHIGHNY-24NOV09-B52.5",
            "count": 24,
            "created_time": "2024-11-09T04:48:26.658546Z",
            "yes_price": 14,
            "no_price": 86,
            "taker_side": "yes"
        },
        {
            "trade_id": "e98cf12a-60b3-48ca-9c8e-8ed4444575f1",
            "ticker": "KXHIGHNY-24NOV09-B52.5",
            "count": 10,
            "created_time": "2024-11-09T02:44:02.003088Z",
            "yes_price": 15,
            "no_price": 85,
            "taker_side": "yes"
        },
        {
            "trade_id": "58681dfe-57c3-4b20-b675-95b397da2b2b",
            "ticker": "KXHIGHNY-24NOV09-B52.5",
            "count": 94,
            "created_time": "2024-11-09T02:40:33.022264Z",
            "yes_price": 15,
            "no_price": 85,
            "taker_side": "yes"
        },
        {
            "trade_id": "23a2f4df-8d0f-4cb7-b0c5-0c2434f6ee77",
            "ticker": "KXHIGHNY-24NOV09-B52.5",
            "count": 1,
            "created_time": "2024-11-09T01:51:15.418738Z",
            "yes_price": 17,
            "no_price": 83,
            "taker_side": "yes"
        },
        {
            "trade_id": "e1f5e0ab-73f7-415b-8add-24acaff4d8d7",
            "ticker": "KXHIGHNY-24NOV09-B52.5",
            "count": 100,
            "created_time": "2024-11-09T00:42:59.410944Z",
            "yes_price": 17,
            "no_price": 83,
            "taker_side": "yes"
        },
        {
            "trade_id": "d55338e5-5839-458d-a772-80f41d3ab4fb",
            "ticker": "KXHIGHNY-24NOV09-B52.5",
            "count": 76,
            "created_time": "2024-11-09T00:42:59.410944Z",
            "yes_price": 18,
            "no_price": 82,
            "taker_side": "yes"
        },
        {
            "trade_id": "58f60e1d-2f30-47dd-acc2-d12bcabd8289",
            "ticker": "KXHIGHNY-24NOV09-B52.5",
            "count": 100,
            "created_time": "2024-11-09T00:42:59.410944Z",
            "yes_price": 16,
            "no_price": 84,
            "taker_side": "yes"
        },
        {
            "trade_id": "5768df6b-b5f7-4453-bddc-31c680dfd7c7",
            "ticker": "KXHIGHNY-24NOV09-B52.5",
            "count": 100,
            "created_time": "2024-11-09T00:42:59.410944Z",
            "yes_price": 16,
            "no_price": 84,
            "taker_side": "yes"
        },
        {
            "trade_id": "55de45b8-8e6e-41aa-938d-517a577c1ca3",
            "ticker": "KXHIGHNY-24NOV09-B52.5",
            "count": 2,
            "created_time": "2024-11-09T00:42:59.410944Z",
            "yes_price": 16,
            "no_price": 84,
            "taker_side": "yes"
        },
        {
            "trade_id": "557720bd-c0ca-4128-a1ed-7c4305e39699",
            "ticker": "KXHIGHNY-24NOV09-B52.5",
            "count": 22,
            "created_time": "2024-11-09T00:42:59.410944Z",
            "yes_price": 15,
            "no_price": 85,
            "taker_side": "yes"
        },
        {
            "trade_id": "35f7315f-17d1-4d06-9667-77d21d4574b9",
            "ticker": "KXHIGHNY-24NOV09-B52.5",
            "count": 100,
            "created_time": "2024-11-09T00:42:59.410944Z",
            "yes_price": 17,
            "no_price": 83,
            "taker_side": "yes"
        },
        {
            "trade_id": "b77d0b67-30b6-409c-92a7-60427ce34f8f",
            "ticker": "KXHIGHNY-24NOV09-B52.5",
            "count": 3,
            "created_time": "2024-11-09T00:40:05.462505Z",
            "yes_price": 6,
            "no_price": 94,
            "taker_side": "no"
        },
        {
            "trade_id": "dd023f86-fd7a-4e86-9beb-ecaffdb13f99",
            "ticker": "KXHIGHNY-24NOV09-B52.5",
            "count": 3,
            "created_time": "2024-11-09T00:25:05.45814Z",
            "yes_price": 13,
            "no_price": 87,
            "taker_side": "no"
        },
        {
            "trade_id": "d2a54069-38a5-4e56-bcd0-e61767abdcd5",
            "ticker": "KXHIGHNY-24NOV09-B52.5",
            "count": 2,
            "created_time": "2024-11-09T00:05:56.79349Z",
            "yes_price": 5,
            "no_price": 95,
            "taker_side": "no"
        },
        {
            "trade_id": "c5ed90de-8ed4-44e8-b825-05319a652890",
            "ticker": "KXHIGHNY-24NOV09-B52.5",
            "count": 31,
            "created_time": "2024-11-09T00:02:28.022041Z",
            "yes_price": 5,
            "no_price": 95,
            "taker_side": "no"
        },
        {
            "trade_id": "1d3cd8e1-e800-48c0-9af7-ae8a6b846699",
            "ticker": "KXHIGHNY-24NOV09-B52.5",
            "count": 36,
            "created_time": "2024-11-09T00:01:27.527043Z",
            "yes_price": 10,
            "no_price": 90,
            "taker_side": "no"
        },
        {
            "trade_id": "90347822-122e-4925-9e6f-e3d9e02938f4",
            "ticker": "KXHIGHNY-24NOV09-B52.5",
            "count": 14,
            "created_time": "2024-11-09T00:00:05.35265Z",
            "yes_price": 10,
            "no_price": 90,
            "taker_side": "no"
        },
        {
            "trade_id": "e61b3235-1f31-4f43-8924-06c9d014bef1",
            "ticker": "KXHIGHNY-24NOV09-B52.5",
            "count": 100,
            "created_time": "2024-11-08T23:06:59.542734Z",
            "yes_price": 18,
            "no_price": 82,
            "taker_side": "yes"
        },
        {
            "trade_id": "8a17be5f-aaac-4fbc-8a1d-f64e9949d5e5",
            "ticker": "KXHIGHNY-24NOV09-B52.5",
            "count": 19,
            "created_time": "2024-11-08T23:06:59.542734Z",
            "yes_price": 16,
            "no_price": 84,
            "taker_side": "yes"
        },
        {
            "trade_id": "660300e7-cae1-4e05-8683-d2fc26f733e8",
            "ticker": "KXHIGHNY-24NOV09-B52.5",
            "count": 100,
            "created_time": "2024-11-08T23:06:59.542734Z",
            "yes_price": 17,
            "no_price": 83,
            "taker_side": "yes"
        },
        {
            "trade_id": "130b7e55-ae04-4fdc-b6a9-560af9e80e8f",
            "ticker": "KXHIGHNY-24NOV09-B52.5",
            "count": 81,
            "created_time": "2024-11-08T23:06:59.542734Z",
            "yes_price": 18,
            "no_price": 82,
            "taker_side": "yes"
        },
        {
            "trade_id": "33061d39-8f6c-4ba5-a36f-ed7e579cf1ea",
            "ticker": "KXHIGHNY-24NOV09-B52.5",
            "count": 100,
            "created_time": "2024-11-08T23:01:09.147013Z",
            "yes_price": 17,
            "no_price": 83,
            "taker_side": "yes"
        },
        {
            "trade_id": "92d2600e-bd15-4f86-92b7-b5d4f499dbf7",
            "ticker": "KXHIGHNY-24NOV09-B52.5",
            "count": 99,
            "created_time": "2024-11-08T23:00:19.640985Z",
            "yes_price": 17,
            "no_price": 83,
            "taker_side": "yes"
        },
        {
            "trade_id": "3a4a89c2-d152-4582-8d13-f5a595ec9c72",
            "ticker": "KXHIGHNY-24NOV09-B52.5",
            "count": 1,
            "created_time": "2024-11-08T23:00:19.640985Z",
            "yes_price": 13,
            "no_price": 87,
            "taker_side": "yes"
        },
        {
            "trade_id": "b4c677d6-6a10-43da-9eb2-5f8daaef3a95",
            "ticker": "KXHIGHNY-24NOV09-B52.5",
            "count": 20,
            "created_time": "2024-11-08T22:21:09.027367Z",
            "yes_price": 10,
            "no_price": 90,
            "taker_side": "no"
        },
        {
            "trade_id": "75b3b215-a07f-451f-80da-b3bf1c39f29f",
            "ticker": "KXHIGHNY-24NOV09-B52.5",
            "count": 12,
            "created_time": "2024-11-08T21:17:32.66397Z",
            "yes_price": 19,
            "no_price": 81,
            "taker_side": "yes"
        },
        {
            "trade_id": "71a7f053-2bc6-4b3b-8c69-b5623527c0d2",
            "ticker": "KXHIGHNY-24NOV09-B52.5",
            "count": 100,
            "created_time": "2024-11-08T21:17:32.66397Z",
            "yes_price": 18,
            "no_price": 82,
            "taker_side": "yes"
        },
        {
            "trade_id": "4aea04da-b9aa-418c-869f-5fc1221dcd89",
            "ticker": "KXHIGHNY-24NOV09-B52.5",
            "count": 6,
            "created_time": "2024-11-08T21:17:32.66397Z",
            "yes_price": 17,
            "no_price": 83,
            "taker_side": "yes"
        },
        {
            "trade_id": "39adb285-482c-4670-92e7-c61d083487a3",
            "ticker": "KXHIGHNY-24NOV09-B52.5",
            "count": 100,
            "created_time": "2024-11-08T21:17:32.66397Z",
            "yes_price": 18,
            "no_price": 82,
            "taker_side": "yes"
        },
        {
            "trade_id": "9a172087-ccb3-4482-8937-8b8e904a3e49",
            "ticker": "KXHIGHNY-24NOV09-B52.5",
            "count": 20,
            "created_time": "2024-11-08T20:51:03.708128Z",
            "yes_price": 16,
            "no_price": 84,
            "taker_side": "no"
        },
        {
            "trade_id": "f1d1f922-72cf-4f13-a563-5bcdef6285cf",
            "ticker": "KXHIGHNY-24NOV09-B52.5",
            "count": 56,
            "created_time": "2024-11-08T20:42:21.125166Z",
            "yes_price": 16,
            "no_price": 84,
            "taker_side": "no"
        },
        {
            "trade_id": "e2ef2050-d5e9-417c-a9f4-a22b66a507b0",
            "ticker": "KXHIGHNY-24NOV09-B52.5",
            "count": 40,
            "created_time": "2024-11-08T20:40:49.909526Z",
            "yes_price": 16,
            "no_price": 84,
            "taker_side": "yes"
        },
        {
            "trade_id": "04b9f473-5805-4c27-a811-906b31fa98dd",
            "ticker": "KXHIGHNY-24NOV09-B52.5",
            "count": 5,
            "created_time": "2024-11-08T20:27:00.394253Z",
            "yes_price": 15,
            "no_price": 85,
            "taker_side": "no"
        },
        {
            "trade_id": "a4d23c6e-2783-48f9-85db-8c9e629bc424",
            "ticker": "KXHIGHNY-24NOV09-B52.5",
            "count": 5,
            "created_time": "2024-11-08T20:14:56.584366Z",
            "yes_price": 15,
            "no_price": 85,
            "taker_side": "no"
        },
        {
            "trade_id": "dcedf402-62b5-48c2-8f45-d7273389f783",
            "ticker": "KXHIGHNY-24NOV09-B52.5",
            "count": 4,
            "created_time": "2024-11-08T20:14:56.580253Z",
            "yes_price": 15,
            "no_price": 85,
            "taker_side": "no"
        },
        {
            "trade_id": "334346e5-cdcf-4150-a2e8-ef56e7f53b41",
            "ticker": "KXHIGHNY-24NOV09-B52.5",
            "count": 50,
            "created_time": "2024-11-08T20:09:32.982711Z",
            "yes_price": 15,
            "no_price": 85,
            "taker_side": "no"
        },
        {
            "trade_id": "70fdf4f6-fb5f-4b2f-9086-9253117f3b2d",
            "ticker": "KXHIGHNY-24NOV09-B52.5",
            "count": 10,
            "created_time": "2024-11-08T19:33:58.724851Z",
            "yes_price": 16,
            "no_price": 84,
            "taker_side": "yes"
        },
        {
            "trade_id": "50d7c64c-5489-41e2-8106-974f313a48bd",
            "ticker": "KXHIGHNY-24NOV09-B52.5",
            "count": 2,
            "created_time": "2024-11-08T19:28:11.248279Z",
            "yes_price": 15,
            "no_price": 85,
            "taker_side": "yes"
        },
        {
            "trade_id": "9deca06e-522a-4d0f-a547-feaf94267c49",
            "ticker": "KXHIGHNY-24NOV09-B52.5",
            "count": 98,
            "created_time": "2024-11-08T18:09:33.768098Z",
            "yes_price": 18,
            "no_price": 82,
            "taker_side": "yes"
        },
        {
            "trade_id": "4ce03d2c-37e1-4a54-bce7-23fcf1939061",
            "ticker": "KXHIGHNY-24NOV09-B52.5",
            "count": 2,
            "created_time": "2024-11-08T18:09:33.768098Z",
            "yes_price": 17,
            "no_price": 83,
            "taker_side": "yes"
        },
        {
            "trade_id": "9949ea00-59bd-4929-8915-7654437bef5d",
            "ticker": "KXHIGHNY-24NOV09-B52.5",
            "count": 93,
            "created_time": "2024-11-08T17:08:23.457744Z",
            "yes_price": 18,
            "no_price": 82,
            "taker_side": "yes"
        },
        {
            "trade_id": "30d57cb3-b9ff-4233-b23e-6c5f838cc628",
            "ticker": "KXHIGHNY-24NOV09-B52.5",
            "count": 100,
            "created_time": "2024-11-08T17:04:32.882359Z",
            "yes_price": 17,
            "no_price": 83,
            "taker_side": "no"
        },
        {
            "trade_id": "bc6dc874-3a81-4a5e-9b92-e1fc08218d06",
            "ticker": "KXHIGHNY-24NOV09-B52.5",
            "count": 7,
            "created_time": "2024-11-08T17:04:12.601131Z",
            "yes_price": 17,
            "no_price": 83,
            "taker_side": "yes"
        },
        {
            "trade_id": "c7499558-938c-40a3-8ab3-1bbf36fdb99d",
            "ticker": "KXHIGHNY-24NOV09-B52.5",
            "count": 5,
            "created_time": "2024-11-08T16:56:13.593977Z",
            "yes_price": 19,
            "no_price": 81,
            "taker_side": "yes"
        },
        {
            "trade_id": "9c814509-7e65-42f3-a43b-421a7f21af34",
            "ticker": "KXHIGHNY-24NOV09-B52.5",
            "count": 21,
            "created_time": "2024-11-08T16:56:13.593977Z",
            "yes_price": 18,
            "no_price": 82,
            "taker_side": "yes"
        },
        {
            "trade_id": "30ff4633-b101-4957-a131-f6691a8706d6",
            "ticker": "KXHIGHNY-24NOV09-B52.5",
            "count": 14,
            "created_time": "2024-11-08T16:56:13.593977Z",
            "yes_price": 19,
            "no_price": 81,
            "taker_side": "yes"
        },
        {
            "trade_id": "5c85a530-83e3-4e81-b994-a39aba63ad07",
            "ticker": "KXHIGHNY-24NOV09-B52.5",
            "count": 95,
            "created_time": "2024-11-08T15:37:40.224881Z",
            "yes_price": 19,
            "no_price": 81,
            "taker_side": "yes"
        },
        {
            "trade_id": "75805355-7d88-4302-908d-7f3303852552",
            "ticker": "KXHIGHNY-24NOV09-B52.5",
            "count": 131,
            "created_time": "2024-11-08T15:27:02.101532Z",
            "yes_price": 18,
            "no_price": 82,
            "taker_side": "yes"
        },
        {
            "trade_id": "d4f0474b-9273-49d7-ae70-efa6c7075c50",
            "ticker": "KXHIGHNY-24NOV09-B52.5",
            "count": 200,
            "created_time": "2024-11-08T15:17:57.484081Z",
            "yes_price": 17,
            "no_price": 83,
            "taker_side": "yes"
        },
        {
            "trade_id": "8e21e124-251e-4819-bcf9-3c0801fdef95",
            "ticker": "KXHIGHNY-24NOV09-B52.5",
            "count": 90,
            "created_time": "2024-11-08T15:17:57.484081Z",
            "yes_price": 16,
            "no_price": 84,
            "taker_side": "yes"
        },
        {
            "trade_id": "5d3ce5dd-cbce-4411-ba6f-d44aa165fc38",
            "ticker": "KXHIGHNY-24NOV09-B52.5",
            "count": 10,
            "created_time": "2024-11-08T15:10:51.452925Z",
            "yes_price": 10,
            "no_price": 90,
            "taker_side": "no"
        }
    ],
    "KXHIGHNY-24NOV09-B54.5": [
        {
            "trade_id": "44fcaa15-5a5d-4fab-8d44-017505f4d39b",
            "ticker": "KXHIGHNY-24NOV09-B54.5",
            "count": 934,
            "created_time": "2024-11-10T04:58:36.591911Z",
            "yes_price": 99,
            "no_price": 1,
            "taker_side": "no"
        },
        {
            "trade_id": "b8381724-67a1-4404-9eb7-01de195c4a7f",
            "ticker": "KXHIGHNY-24NOV09-B54.5",
            "count": 1318,
            "created_time": "2024-11-10T04:43:27.063145Z",
            "yes_price": 99,
            "no_price": 1,
            "taker_side": "no"
        },
        {
            "trade_id": "47da721f-a2df-4d61-85ed-f18112266970",
            "ticker": "KXHIGHNY-24NOV09-B54.5",
            "count": 93,
            "created_time": "2024-11-10T04:43:24.443101Z",
            "yes_price": 99,
            "no_price": 1,
            "taker_side": "no"
        },
        {
            "trade_id": "c165fc16-b169-4244-94af-92ac8c67bf66",
            "ticker": "KXHIGHNY-24NOV09-B54.5",
            "count": 935,
            "created_time": "2024-11-10T04:40:53.589992Z",
            "yes_price": 99,
            "no_price": 1,
            "taker_side": "no"
        },
        {
            "trade_id": "ad9ee846-b200-4d54-94e5-9639e344809c",
            "ticker": "KXHIGHNY-24NOV09-B54.5",
            "count": 68,
            "created_time": "2024-11-10T04:23:19.969149Z",
            "yes_price": 99,
            "no_price": 1,
            "taker_side": "no"
        },
        {
            "trade_id": "6786041b-15da-4b1d-a4c8-f7cdf201b3c3",
            "ticker": "KXHIGHNY-24NOV09-B54.5",
            "count": 72,
            "created_time": "2024-11-10T04:16:43.229713Z",
            "yes_price": 99,
            "no_price": 1,
            "taker_side": "no"
        },
        {
            "trade_id": "72d5ceb5-5b26-4a7f-954c-2ef424355d7e",
            "ticker": "KXHIGHNY-24NOV09-B54.5",
            "count": 10,
            "created_time": "2024-11-10T03:53:52.550833Z",
            "yes_price": 99,
            "no_price": 1,
            "taker_side": "no"
        },
        {
            "trade_id": "4e19434c-9830-45b5-8bb0-9d44fa5141e7",
            "ticker": "KXHIGHNY-24NOV09-B54.5",
            "count": 467,
            "created_time": "2024-11-10T03:05:53.46162Z",
            "yes_price": 99,
            "no_price": 1,
            "taker_side": "no"
        },
        {
            "trade_id": "5c3fbda4-6a15-4ccc-b72a-a3b7f3fc7e91",
            "ticker": "KXHIGHNY-24NOV09-B54.5",
            "count": 120,
            "created_time": "2024-11-10T03:05:17.170798Z",
            "yes_price": 99,
            "no_price": 1,
            "taker_side": "no"
        },
        {
            "trade_id": "e62e836d-bb1e-4fa3-b177-4daf42f59df9",
            "ticker": "KXHIGHNY-24NOV09-B54.5",
            "count": 91,
            "created_time": "2024-11-10T02:59:39.958817Z",
            "yes_price": 99,
            "no_price": 1,
            "taker_side": "no"
        },
        {
            "trade_id": "e4585e2b-bfe2-4579-80a2-73f5a8c35d75",
            "ticker": "KXHIGHNY-24NOV09-B54.5",
            "count": 55,
            "created_time": "2024-11-10T02:52:30.334596Z",
            "yes_price": 99,
            "no_price": 1,
            "taker_side": "no"
        },
        {
            "trade_id": "9bf7b4ed-198e-4d67-b965-3196658726b4",
            "ticker": "KXHIGHNY-24NOV09-B54.5",
            "count": 248,
            "created_time": "2024-11-10T02:50:39.415336Z",
            "yes_price": 99,
            "no_price": 1,
            "taker_side": "no"
        },
        {
            "trade_id": "595ef861-0264-4f07-9e85-0839aed837e6",
            "ticker": "KXHIGHNY-24NOV09-B54.5",
            "count": 35,
            "created_time": "2024-11-10T02:41:56.541816Z",
            "yes_price": 99,
            "no_price": 1,
            "taker_side": "no"
        },
        {
            "trade_id": "4c839f22-d198-4ad8-932a-c3620a4869d1",
            "ticker": "KXHIGHNY-24NOV09-B54.5",
            "count": 3,
            "created_time": "2024-11-10T02:40:17.244719Z",
            "yes_price": 99,
            "no_price": 1,
            "taker_side": "no"
        },
        {
            "trade_id": "fa222511-b858-4f5a-acaa-b1dc6bff43b2",
            "ticker": "KXHIGHNY-24NOV09-B54.5",
            "count": 250,
            "created_time": "2024-11-10T02:20:02.908123Z",
            "yes_price": 97,
            "no_price": 3,
            "taker_side": "no"
        },
        {
            "trade_id": "472860aa-4b46-4f1e-a749-e06da2437d43",
            "ticker": "KXHIGHNY-24NOV09-B54.5",
            "count": 500,
            "created_time": "2024-11-10T02:20:02.908123Z",
            "yes_price": 98,
            "no_price": 2,
            "taker_side": "no"
        },
        {
            "trade_id": "1cda8f36-ee4b-4df9-8c91-6fff586f705d",
            "ticker": "KXHIGHNY-24NOV09-B54.5",
            "count": 196,
            "created_time": "2024-11-10T02:20:02.908123Z",
            "yes_price": 97,
            "no_price": 3,
            "taker_side": "no"
        },
        {
            "trade_id": "68ea83a9-6344-4ff2-81f2-cd5856abf0e1",
            "ticker": "KXHIGHNY-24NOV09-B54.5",
            "count": 17,
            "created_time": "2024-11-10T02:00:48.050524Z",
            "yes_price": 99,
            "no_price": 1,
            "taker_side": "yes"
        },
        {
            "trade_id": "2c1d1607-f081-4052-bd75-55befe621e7e",
            "ticker": "KXHIGHNY-24NOV09-B54.5",
            "count": 10,
            "created_time": "2024-11-10T01:56:58.017015Z",
            "yes_price": 98,
            "no_price": 2,
            "taker_side": "no"
        },
        {
            "trade_id": "5b471afc-d3f6-4a13-9cab-fb1599df027b",
            "ticker": "KXHIGHNY-24NOV09-B54.5",
            "count": 6,
            "created_time": "2024-11-10T01:53:11.675748Z",
            "yes_price": 98,
            "no_price": 2,
            "taker_side": "no"
        },
        {
            "trade_id": "f4d8eddb-5270-4b11-9b83-23c6a73b5f2d",
            "ticker": "KXHIGHNY-24NOV09-B54.5",
            "count": 1,
            "created_time": "2024-11-10T01:48:33.775807Z",
            "yes_price": 98,
            "no_price": 2,
            "taker_side": "no"
        },
        {
            "trade_id": "c15c6455-26a9-4712-b6f6-bcea470b02c6",
            "ticker": "KXHIGHNY-24NOV09-B54.5",
            "count": 506,
            "created_time": "2024-11-10T01:22:23.234503Z",
            "yes_price": 99,
            "no_price": 1,
            "taker_side": "yes"
        },
        {
            "trade_id": "cc8f3154-015b-47a3-a39a-ceb0e4a5cea2",
            "ticker": "KXHIGHNY-24NOV09-B54.5",
            "count": 100,
            "created_time": "2024-11-10T01:21:15.473929Z",
            "yes_price": 99,
            "no_price": 1,
            "taker_side": "yes"
        },
        {
            "trade_id": "26ca81c1-047c-45ec-b155-7202391289c7",
            "ticker": "KXHIGHNY-24NOV09-B54.5",
            "count": 167,
            "created_time": "2024-11-10T01:04:26.684853Z",
            "yes_price": 98,
            "no_price": 2,
            "taker_side": "no"
        },
        {
            "trade_id": "4d68fa07-f0eb-489c-b729-07e9a0ccd19c",
            "ticker": "KXHIGHNY-24NOV09-B54.5",
            "count": 417,
            "created_time": "2024-11-10T01:04:15.388766Z",
            "yes_price": 98,
            "no_price": 2,
            "taker_side": "no"
        },
        {
            "trade_id": "b88d25c6-a0e0-4433-8bf5-675bb7c3c16e",
            "ticker": "KXHIGHNY-24NOV09-B54.5",
            "count": 10,
            "created_time": "2024-11-10T01:02:48.622652Z",
            "yes_price": 99,
            "no_price": 1,
            "taker_side": "yes"
        },
        {
            "trade_id": "44fe9449-7671-40a7-b261-c4d7e8096790",
            "ticker": "KXHIGHNY-24NOV09-B54.5",
            "count": 7,
            "created_time": "2024-11-10T00:57:54.50808Z",
            "yes_price": 99,
            "no_price": 1,
            "taker_side": "yes"
        },
        {
            "trade_id": "709627be-cc17-4ca5-80c1-e0babc27c881",
            "ticker": "KXHIGHNY-24NOV09-B54.5",
            "count": 121,
            "created_time": "2024-11-10T00:57:49.877893Z",
            "yes_price": 99,
            "no_price": 1,
            "taker_side": "yes"
        },
        {
            "trade_id": "fb1fadb6-d219-4508-9dc2-f5806518b907",
            "ticker": "KXHIGHNY-24NOV09-B54.5",
            "count": 2,
            "created_time": "2024-11-10T00:54:34.006228Z",
            "yes_price": 99,
            "no_price": 1,
            "taker_side": "yes"
        },
        {
            "trade_id": "3a090f45-817c-4430-b182-1a1f87c8dfb1",
            "ticker": "KXHIGHNY-24NOV09-B54.5",
            "count": 22,
            "created_time": "2024-11-10T00:53:19.519635Z",
            "yes_price": 98,
            "no_price": 2,
            "taker_side": "no"
        },
        {
            "trade_id": "47a1bc99-2e56-4392-8c5f-4942ec574b30",
            "ticker": "KXHIGHNY-24NOV09-B54.5",
            "count": 140,
            "created_time": "2024-11-10T00:46:41.043649Z",
            "yes_price": 98,
            "no_price": 2,
            "taker_side": "no"
        },
        {
            "trade_id": "f876d433-a475-4c5b-9ed2-d04b18c9f9ac",
            "ticker": "KXHIGHNY-24NOV09-B54.5",
            "count": 250,
            "created_time": "2024-11-10T00:40:17.25353Z",
            "yes_price": 91,
            "no_price": 9,
            "taker_side": "no"
        },
        {
            "trade_id": "b5783adc-45e4-4fa9-8255-f078e780fbeb",
            "ticker": "KXHIGHNY-24NOV09-B54.5",
            "count": 170,
            "created_time": "2024-11-10T00:40:17.25353Z",
            "yes_price": 91,
            "no_price": 9,
