{
    "HIGHNY-24JAN02-T42": [
        {
            "trade_id": "bd8b3939-df13-4f22-af6d-44f4028caa67",
            "ticker": "HIGHNY-24JAN02-T42",
            "count": 1,
            "created_time": "2024-01-02T20:10:16.971308Z",
            "yes_price": 1,
            "no_price": 99,
            "taker_side": "yes"
        },
        {
            "trade_id": "cc72b547-b76f-4b57-bcfa-8d0a085eaf64",
            "ticker": "HIGHNY-24JAN02-T42",
            "count": 1,
            "created_time": "2024-01-02T20:08:35.167164Z",
            "yes_price": 1,
            "no_price": 99,
            "taker_side": "yes"
        },
        {
            "trade_id": "d90a535f-2206-46c2-b461-d6540fa59915",
            "ticker": "HIGHNY-24JAN02-T42",
            "count": 1,
            "created_time": "2024-01-02T20:06:56.181398Z",
            "yes_price": 1,
            "no_price": 99,
            "taker_side": "yes"
        },
        {
            "trade_id": "d166659d-1ae0-448d-a7b2-8b7bdce26db8",
            "ticker": "HIGHNY-24JAN02-T42",
            "count": 1,
            "created_time": "2024-01-02T20:05:15.355987Z",
            "yes_price": 1,
            "no_price": 99,
            "taker_side": "yes"
        },
        {
            "trade_id": "522a9a78-5eed-4971-810a-e2818d07c9db",
            "ticker": "HIGHNY-24JAN02-T42",
            "count": 1,
            "created_time": "2024-01-02T20:03:40.657325Z",
            "yes_price": 1,
            "no_price": 99,
            "taker_side": "yes"
        },
        {
            "trade_id": "2eb44bd9-bd70-440a-9156-6d1198e84897",
            "ticker": "HIGHNY-24JAN02-T42",
            "count": 1,
            "created_time": "2024-01-02T20:01:58.302338Z",
            "yes_price": 1,
            "no_price": 99,
            "taker_side": "yes"
        },
        {
            "trade_id": "085a31b1-5f71-43fe-a65c-b81a4d263391",
            "ticker": "HIGHNY-24JAN02-T42",
            "count": 1,
            "created_time": "2024-01-02T20:00:14.680821Z",
            "yes_price": 1,
            "no_price": 99,
            "taker_side": "yes"
        },
        {
            "trade_id": "66ca4526-f26c-4fe5-ab63-39d6715aa1af",
            "ticker": "HIGHNY-24JAN02-T42",
            "count": 1,
            "created_time": "2024-01-02T19:58:41.544737Z",
            "yes_price": 1,
            "no_price": 99,
            "taker_side": "yes"
        },
        {
            "trade_id": "ef32779b-2199-40d0-80aa-bbe257e1cb83",
            "ticker": "HIGHNY-24JAN02-T42",
            "count": 1,
            "created_time": "2024-01-02T19:57:02.888444Z",
            "yes_price": 1,
            "no_price": 99,
            "taker_side": "yes"
        },
        {
            "trade_id": "b329035e-bf49-474b-8c1c-49cc91c83e4d",
            "ticker": "HIGHNY-24JAN02-T42",
            "count": 1,
            "created_time": "2024-01-02T19:55:41.727321Z",
            "yes_price": 1,
            "no_price": 99,
            "taker_side": "yes"
        },
        {
            "trade_id": "4be6eda8-a555-4c70-bb07-6fd163ff9b38",
            "ticker": "HIGHNY-24JAN02-T42",
            "count": 1,
            "created_time": "2024-01-02T19:54:01.040184Z",
            "yes_price": 1,
            "no_price": 99,
            "taker_side": "yes"
        },
        {
            "trade_id": "50c14e94-44a1-4259-9495-40468129b01e",
            "ticker": "HIGHNY-24JAN02-T42",
            "count": 4,
            "created_time": "2024-01-02T19:53:07.410354Z",
            "yes_price": 1,
            "no_price": 99,
            "taker_side": "no"
        },
        {
            "trade_id": "7d84a67f-a426-4704-bc15-54b1bd493bf0",
            "ticker": "HIGHNY-24JAN02-T42",
            "count": 2,
            "created_time": "2024-01-02T19:53:06.860323Z",
            "yes_price": 2,
            "no_price": 98,
            "taker_side": "no"
        },
        {
            "trade_id": "f497d516-2855-47ed-886d-48f16bc51368",
            "ticker": "HIGHNY-24JAN02-T42",
            "count": 1,
            "created_time": "2024-01-02T17:55:11.58546Z",
            "yes_price": 18,
            "no_price": 82,
            "taker_side": "yes"
        },
        {
            "trade_id": "a9eda8ec-727e-4cea-ae9b-deb62273f1cc",
            "ticker": "HIGHNY-24JAN02-T42",
            "count": 82,
            "created_time": "2024-01-02T17:55:11.58546Z",
            "yes_price": 19,
            "no_price": 81,
            "taker_side": "yes"
        },
        {
            "trade_id": "0eb27079-cb1f-4c6a-844d-eddb89cdd0d2",
            "ticker": "HIGHNY-24JAN02-T42",
            "count": 1,
            "created_time": "2024-01-02T16:40:49.801071Z",
            "yes_price": 10,
            "no_price": 90,
            "taker_side": "no"
        },
        {
            "trade_id": "004dbe82-fec7-48a0-901a-2e01dba4e807",
            "ticker": "HIGHNY-24JAN02-T42",
            "count": 3,
            "created_time": "2024-01-02T16:40:49.801071Z",
            "yes_price": 9,
            "no_price": 91,
            "taker_side": "no"
        },
        {
            "trade_id": "3ffbfe90-3cbf-4cbc-b215-e6abc87f3b3d",
            "ticker": "HIGHNY-24JAN02-T42",
            "count": 38,
            "created_time": "2024-01-02T15:02:40.582113Z",
            "yes_price": 14,
            "no_price": 86,
            "taker_side": "yes"
        },
        {
            "trade_id": "ea496c77-c187-4a29-80ee-b3a0cedd8d7d",
            "ticker": "HIGHNY-24JAN02-T42",
            "count": 9,
            "created_time": "2024-01-02T14:37:25.59044Z",
            "yes_price": 14,
            "no_price": 86,
            "taker_side": "yes"
        },
        {
            "trade_id": "0146f815-cabc-426e-873c-28bf6f3bf4dd",
            "ticker": "HIGHNY-24JAN02-T42",
            "count": 91,
            "created_time": "2024-01-02T14:37:25.59044Z",
            "yes_price": 15,
            "no_price": 85,
            "taker_side": "yes"
        },
        {
            "trade_id": "eea5f5dc-25ff-4fb8-9c3e-3e2639f764df",
            "ticker": "HIGHNY-24JAN02-T42",
            "count": 2,
            "created_time": "2024-01-02T14:11:10.436956Z",
            "yes_price": 12,
            "no_price": 88,
            "taker_side": "yes"
        },
        {
            "trade_id": "ab438bf8-c3f5-4ba0-9d53-d665f36ea528",
            "ticker": "HIGHNY-24JAN02-T42",
            "count": 55,
            "created_time": "2024-01-02T14:11:10.436956Z",
            "yes_price": 14,
            "no_price": 86,
            "taker_side": "yes"
        },
        {
            "trade_id": "8fb339e8-a89a-406a-8380-6941bd276619",
            "ticker": "HIGHNY-24JAN02-T42",
            "count": 93,
            "created_time": "2024-01-02T14:11:10.436956Z",
            "yes_price": 13,
            "no_price": 87,
            "taker_side": "yes"
        },
        {
            "trade_id": "e9ca223a-7429-4359-81f2-ad34fc86d7ef",
            "ticker": "HIGHNY-24JAN02-T42",
            "count": 51,
            "created_time": "2024-01-02T13:32:50.794396Z",
            "yes_price": 10,
            "no_price": 90,
            "taker_side": "no"
        },
        {
            "trade_id": "bf0837b9-75b0-46d5-a70c-1fcb6d6ce379",
            "ticker": "HIGHNY-24JAN02-T42",
            "count": 1,
            "created_time": "2024-01-02T13:32:50.794396Z",
            "yes_price": 11,
            "no_price": 89,
            "taker_side": "no"
        },
        {
            "trade_id": "43194454-958f-4d45-99d2-10685fcbb24e",
            "ticker": "HIGHNY-24JAN02-T42",
            "count": 99,
            "created_time": "2024-01-02T13:12:32.037796Z",
            "yes_price": 10,
            "no_price": 90,
            "taker_side": "yes"
        },
        {
            "trade_id": "6782fc0f-bde3-4ff8-899e-6d2402d5ecfc",
            "ticker": "HIGHNY-24JAN02-T42",
            "count": 1,
            "created_time": "2024-01-02T13:12:10.552168Z",
            "yes_price": 10,
            "no_price": 90,
            "taker_side": "no"
        },
        {
            "trade_id": "d55d1401-de5e-4d10-aeb8-681d301d5711",
            "ticker": "HIGHNY-24JAN02-T42",
            "count": 1,
            "created_time": "2024-01-02T13:10:32.142635Z",
            "yes_price": 12,
            "no_price": 88,
            "taker_side": "yes"
        },
        {
            "trade_id": "b267718a-1431-4446-9738-26b1f041c34d",
            "ticker": "HIGHNY-24JAN02-T42",
            "count": 52,
            "created_time": "2024-01-02T13:10:32.142635Z",
            "yes_price": 13,
            "no_price": 87,
            "taker_side": "yes"
        },
        {
            "trade_id": "9a4dd041-aaee-4d76-9584-5c7bd63ebc8f",
            "ticker": "HIGHNY-24JAN02-T42",
            "count": 97,
            "created_time": "2024-01-02T13:07:54.963175Z",
            "yes_price": 9,
            "no_price": 91,
            "taker_side": "no"
        },
        {
            "trade_id": "7e866267-7448-44bd-870a-fd4104d41b8e",
            "ticker": "HIGHNY-24JAN02-T42",
            "count": 1,
            "created_time": "2024-01-02T13:07:54.963175Z",
            "yes_price": 10,
            "no_price": 90,
            "taker_side": "no"
        },
        {
            "trade_id": "80a961fc-627e-4524-b7fd-1543f8e21ffa",
            "ticker": "HIGHNY-24JAN02-T42",
            "count": 29,
            "created_time": "2024-01-02T13:00:58.068659Z",
            "yes_price": 14,
            "no_price": 86,
            "taker_side": "yes"
        }
    ],
    "HIGHNY-24JAN02-B42.5": [
        {
            "trade_id": "ab1da6d6-0048-412f-85ac-7350081607d3",
            "ticker": "HIGHNY-24JAN02-B42.5",
            "count": 18,
            "created_time": "2024-01-02T17:55:41.530167Z",
            "yes_price": 56,
            "no_price": 44,
            "taker_side": "no"
        },
        {
            "trade_id": "758b9cb1-8f2a-4513-8b0b-ccafbcbdaaa5",
            "ticker": "HIGHNY-24JAN02-B42.5",
            "count": 37,
            "created_time": "2024-01-02T17:55:41.530167Z",
            "yes_price": 52,
            "no_price": 48,
            "taker_side": "no"
        },
        {
            "trade_id": "12d7303b-eb65-4e86-adba-63de74256032",
            "ticker": "HIGHNY-24JAN02-B42.5",
            "count": 37,
            "created_time": "2024-01-02T17:55:41.530167Z",
            "yes_price": 55,
            "no_price": 45,
            "taker_side": "no"
        },
        {
            "trade_id": "7950e9e1-5611-4ad3-9d4f-6f3b07578c13",
            "ticker": "HIGHNY-24JAN02-B42.5",
            "count": 1,
            "created_time": "2024-01-02T17:04:33.15607Z",
            "yes_price": 51,
            "no_price": 49,
            "taker_side": "no"
        },
        {
            "trade_id": "728a090a-a752-4af5-9721-80a63b9d7ae4",
            "ticker": "HIGHNY-24JAN02-B42.5",
            "count": 22,
            "created_time": "2024-01-02T16:46:30.700891Z",
            "yes_price": 57,
            "no_price": 43,
            "taker_side": "yes"
        },
        {
            "trade_id": "47fbc579-8f67-4e40-8670-e518cfa2822f",
            "ticker": "HIGHNY-24JAN02-B42.5",
            "count": 1,
            "created_time": "2024-01-02T16:46:30.700891Z",
            "yes_price": 54,
            "no_price": 46,
            "taker_side": "yes"
        },
        {
            "trade_id": "070640b6-4465-460b-89e7-7dcd3f35fc4b",
            "ticker": "HIGHNY-24JAN02-B42.5",
            "count": 20,
            "created_time": "2024-01-02T16:46:30.700891Z",
            "yes_price": 55,
            "no_price": 45,
            "taker_side": "yes"
        },
        {
            "trade_id": "dac4f1e3-24fa-4bab-9620-1b73b727fee3",
            "ticker": "HIGHNY-24JAN02-B42.5",
            "count": 3,
            "created_time": "2024-01-02T16:18:39.214173Z",
            "yes_price": 54,
            "no_price": 46,
            "taker_side": "yes"
        },
        {
            "trade_id": "6c340685-188f-4206-8190-edff657230a6",
            "ticker": "HIGHNY-24JAN02-B42.5",
            "count": 44,
            "created_time": "2024-01-02T15:56:00.069993Z",
            "yes_price": 54,
            "no_price": 46,
            "taker_side": "yes"
        },
        {
            "trade_id": "85b2fa59-33a8-4a3d-85af-bfbc98fb37d3",
            "ticker": "HIGHNY-24JAN02-B42.5",
            "count": 35,
            "created_time": "2024-01-02T15:55:44.973611Z",
            "yes_price": 53,
            "no_price": 47,
            "taker_side": "yes"
        },
        {
            "trade_id": "21a1adf1-e09f-421a-96be-6331058bb3e3",
            "ticker": "HIGHNY-24JAN02-B42.5",
            "count": 1,
            "created_time": "2024-01-02T14:55:12.311744Z",
            "yes_price": 54,
            "no_price": 46,
            "taker_side": "yes"
        },
        {
            "trade_id": "d575ca7b-c092-4c78-b4e9-3fa4305fe2de",
            "ticker": "HIGHNY-24JAN02-B42.5",
            "count": 45,
            "created_time": "2024-01-02T14:54:44.858869Z",
            "yes_price": 53,
            "no_price": 47,
            "taker_side": "yes"
        },
        {
            "trade_id": "bb61c119-47ec-42b1-bdeb-809409d7aed2",
            "ticker": "HIGHNY-24JAN02-B42.5",
            "count": 36,
            "created_time": "2024-01-02T14:54:41.951391Z",
            "yes_price": 52,
            "no_price": 48,
            "taker_side": "yes"
        },
        {
            "trade_id": "9a9c5f08-3adb-4260-ab56-195761bd7324",
            "ticker": "HIGHNY-24JAN02-B42.5",
            "count": 91,
            "created_time": "2024-01-02T14:54:11.433388Z",
            "yes_price": 50,
            "no_price": 50,
            "taker_side": "yes"
        },
        {
            "trade_id": "97a44429-5361-4063-a76f-9fe3da12d252",
            "ticker": "HIGHNY-24JAN02-B42.5",
            "count": 92,
            "created_time": "2024-01-02T14:54:11.433388Z",
            "yes_price": 53,
            "no_price": 47,
            "taker_side": "yes"
        },
        {
            "trade_id": "11bb12ac-0d49-4a08-82e8-fed10ad36d24",
            "ticker": "HIGHNY-24JAN02-B42.5",
            "count": 36,
            "created_time": "2024-01-02T14:54:11.433388Z",
            "yes_price": 48,
            "no_price": 52,
            "taker_side": "yes"
        },
        {
            "trade_id": "028d7fb7-5723-4dac-9f67-3ad1a047519a",
            "ticker": "HIGHNY-24JAN02-B42.5",
            "count": 25,
            "created_time": "2024-01-02T13:03:43.215335Z",
            "yes_price": 45,
            "no_price": 55,
            "taker_side": "yes"
        }
    ],
    "HIGHNY-24JAN02-B44.5": [
        {
            "trade_id": "764d7e64-1ac7-4b48-951c-b0c7a48a9304",
            "ticker": "HIGHNY-24JAN02-B44.5",
            "count": 169,
            "created_time": "2024-01-03T01:46:17.54975Z",
            "yes_price": 1,
            "no_price": 99,
            "taker_side": "no"
        },
        {
            "trade_id": "ee333c66-65c0-4bb5-904e-ac56f9537a3c",
            "ticker": "HIGHNY-24JAN02-B44.5",
            "count": 2,
            "created_time": "2024-01-02T22:10:47.014643Z",
            "yes_price": 2,
            "no_price": 98,
            "taker_side": "no"
        },
        {
            "trade_id": "dce70265-b6f0-4f33-ac14-e70c4dda6a46",
            "ticker": "HIGHNY-24JAN02-B44.5",
            "count": 11,
            "created_time": "2024-01-02T22:08:50.978312Z",
            "yes_price": 2,
            "no_price": 98,
            "taker_side": "no"
        },
        {
            "trade_id": "be69fd36-f930-4ca6-b5e7-2a5b9df2f4b0",
            "ticker": "HIGHNY-24JAN02-B44.5",
            "count": 33,
            "created_time": "2024-01-02T22:07:56.013782Z",
            "yes_price": 2,
            "no_price": 98,
            "taker_side": "no"
        },
        {
            "trade_id": "f51fc40d-ad70-4271-a6de-b2496cfdec5a",
            "ticker": "HIGHNY-24JAN02-B44.5",
            "count": 26,
            "created_time": "2024-01-02T17:55:49.883939Z",
            "yes_price": 17,
            "no_price": 83,
            "taker_side": "no"
        },
        {
            "trade_id": "ae5daff8-7aa6-4e3c-ac3c-ef240b7f9807",
            "ticker": "HIGHNY-24JAN02-B44.5",
            "count": 37,
            "created_time": "2024-01-02T17:55:49.883939Z",
            "yes_price": 15,
            "no_price": 85,
            "taker_side": "no"
        },
        {
            "trade_id": "6db3b386-9c77-4888-8c9a-51c140b1e4b2",
            "ticker": "HIGHNY-24JAN02-B44.5",
            "count": 37,
            "created_time": "2024-01-02T17:55:49.883939Z",
            "yes_price": 14,
            "no_price": 86,
            "taker_side": "no"
        },
        {
            "trade_id": "aa47a201-5b6b-43ac-b739-453e8208b183",
            "ticker": "HIGHNY-24JAN02-B44.5",
            "count": 37,
            "created_time": "2024-01-02T17:55:26.531506Z",
            "yes_price": 18,
            "no_price": 82,
            "taker_side": "no"
        },
        {
            "trade_id": "a714133f-3bd0-43e7-ba9f-027959772670",
            "ticker": "HIGHNY-24JAN02-B44.5",
            "count": 15,
            "created_time": "2024-01-02T17:55:26.531506Z",
            "yes_price": 21,
            "no_price": 79,
            "taker_side": "no"
        },
        {
            "trade_id": "2605f496-c8cb-4ab2-80b2-0de2e25e3145",
            "ticker": "HIGHNY-24JAN02-B44.5",
            "count": 1,
            "created_time": "2024-01-02T17:55:26.531506Z",
            "yes_price": 22,
            "no_price": 78,
            "taker_side": "no"
        },
        {
            "trade_id": "1874a15e-c534-46b5-a7b2-e49a9114a2d3",
            "ticker": "HIGHNY-24JAN02-B44.5",
            "count": 37,
            "created_time": "2024-01-02T17:55:26.531506Z",
            "yes_price": 19,
            "no_price": 81,
            "taker_side": "no"
        },
        {
            "trade_id": "050b72f6-b775-46d0-b645-02c464b41886",
            "ticker": "HIGHNY-24JAN02-B44.5",
            "count": 1,
            "created_time": "2024-01-02T17:04:33.19691Z",
            "yes_price": 30,
            "no_price": 70,
            "taker_side": "yes"
        },
        {
            "trade_id": "fe094772-fe6b-467f-a67f-bcc51d2ccca2",
            "ticker": "HIGHNY-24JAN02-B44.5",
            "count": 35,
            "created_time": "2024-01-02T16:12:55.193864Z",
            "yes_price": 30,
            "no_price": 70,
            "taker_side": "no"
        },
        {
            "trade_id": "d64a24a5-9634-4ab9-8128-e1ed50c5daae",
            "ticker": "HIGHNY-24JAN02-B44.5",
            "count": 87,
            "created_time": "2024-01-02T16:12:55.193864Z",
            "yes_price": 26,
            "no_price": 74,
            "taker_side": "no"
        },
        {
            "trade_id": "b0855318-51d0-4ebb-84b2-831c6e453217",
            "ticker": "HIGHNY-24JAN02-B44.5",
            "count": 87,
            "created_time": "2024-01-02T16:12:55.193864Z",
            "yes_price": 28,
            "no_price": 72,
            "taker_side": "no"
        },
        {
            "trade_id": "d882e7cf-c0d5-4922-bbf7-bd9545f8006a",
            "ticker": "HIGHNY-24JAN02-B44.5",
            "count": 27,
            "created_time": "2024-01-02T14:54:17.310477Z",
            "yes_price": 32,
            "no_price": 68,
            "taker_side": "no"
        },
        {
            "trade_id": "c968360b-4723-419f-ae06-99166cf657d1",
            "ticker": "HIGHNY-24JAN02-B44.5",
            "count": 50,
            "created_time": "2024-01-02T14:54:17.310477Z",
            "yes_price": 29,
            "no_price": 71,
            "taker_side": "no"
        },
        {
            "trade_id": "3f876ab2-22ac-4b24-8aec-46dc97385e1e",
            "ticker": "HIGHNY-24JAN02-B44.5",
            "count": 92,
            "created_time": "2024-01-02T14:54:17.310477Z",
            "yes_price": 30,
            "no_price": 70,
            "taker_side": "no"
        },
        {
            "trade_id": "81645d99-66c8-4865-94bc-d4b27a186f48",
            "ticker": "HIGHNY-24JAN02-B44.5",
            "count": 46,
            "created_time": "2024-01-02T14:30:30.583608Z",
            "yes_price": 33,
            "no_price": 67,
            "taker_side": "no"
        },
        {
            "trade_id": "75f80c0e-9e36-4aa3-b69f-c2923ddf5461",
            "ticker": "HIGHNY-24JAN02-B44.5",
            "count": 1,
            "created_time": "2024-01-02T14:30:30.583608Z",
            "yes_price": 33,
            "no_price": 67,
            "taker_side": "no"
        },
        {
            "trade_id": "6bc0f252-43e2-4fb1-99e3-5d32044c3f39",
            "ticker": "HIGHNY-24JAN02-B44.5",
            "count": 18,
            "created_time": "2024-01-02T14:29:12.611661Z",
            "yes_price": 34,
            "no_price": 66,
            "taker_side": "no"
        },
        {
            "trade_id": "ea47750c-2251-4e7b-9205-36d039035755",
            "ticker": "HIGHNY-24JAN02-B44.5",
            "count": 95,
            "created_time": "2024-01-02T14:18:16.257059Z",
            "yes_price": 34,
            "no_price": 66,
            "taker_side": "no"
        },
        {
            "trade_id": "56b294a0-06ef-4e1b-bed2-f6f56978b1d5",
            "ticker": "HIGHNY-24JAN02-B44.5",
            "count": 9,
            "created_time": "2024-01-02T14:18:16.257059Z",
            "yes_price": 36,
            "no_price": 64,
            "taker_side": "no"
        },
        {
            "trade_id": "dceffa3d-8d5c-439b-bda5-b74f48ba92a6",
            "ticker": "HIGHNY-24JAN02-B44.5",
            "count": 28,
            "created_time": "2024-01-02T13:32:41.725358Z",
            "yes_price": 39,
            "no_price": 61,
            "taker_side": "yes"
        },
        {
            "trade_id": "bb662cb9-c098-454f-bff9-16600cae5382",
            "ticker": "HIGHNY-24JAN02-B44.5",
            "count": 96,
            "created_time": "2024-01-02T13:32:41.725358Z",
            "yes_price": 41,
            "no_price": 59,
            "taker_side": "yes"
        },
        {
            "trade_id": "72d70a88-298f-4339-918c-9b32df0d3767",
            "ticker": "HIGHNY-24JAN02-B44.5",
            "count": 2,
            "created_time": "2024-01-02T13:16:13.872475Z",
            "yes_price": 34,
            "no_price": 66,
            "taker_side": "yes"
        },
        {
            "trade_id": "6204d28b-cb54-4aa3-a5fb-2344fd56f7bf",
            "ticker": "HIGHNY-24JAN02-B44.5",
            "count": 1,
            "created_time": "2024-01-02T13:14:23.468865Z",
            "yes_price": 33,
            "no_price": 67,
            "taker_side": "no"
        },
        {
            "trade_id": "15c6c077-acc6-4541-9297-41a98a69271b",
            "ticker": "HIGHNY-24JAN02-B44.5",
            "count": 1,
            "created_time": "2024-01-02T13:12:55.471523Z",
            "yes_price": 34,
            "no_price": 66,
            "taker_side": "yes"
        },
        {
            "trade_id": "681e238f-ec2f-4f8c-b5b2-bbd73110e8fa",
            "ticker": "HIGHNY-24JAN02-B44.5",
            "count": 56,
            "created_time": "2024-01-02T13:12:32.946476Z",
            "yes_price": 34,
            "no_price": 66,
            "taker_side": "no"
        },
        {
            "trade_id": "33374b4c-9559-4d38-9e6a-9bb715269d2d",
            "ticker": "HIGHNY-24JAN02-B44.5",
            "count": 1,
            "created_time": "2024-01-02T13:11:42.515335Z",
            "yes_price": 34,
            "no_price": 66,
            "taker_side": "no"
        },
        {
            "trade_id": "22bfddeb-921e-4672-9756-86bafd281796",
            "ticker": "HIGHNY-24JAN02-B44.5",
            "count": 28,
            "created_time": "2024-01-02T13:11:17.069917Z",
            "yes_price": 35,
            "no_price": 65,
            "taker_side": "no"
        }
    ],
    "HIGHNY-24JAN02-B46.5": [
        {
            "trade_id": "4e859753-638f-4082-8d7f-24208ccc7446",
            "ticker": "HIGHNY-24JAN02-B46.5",
            "count": 71,
            "created_time": "2024-01-01T22:09:11.470765Z",
            "yes_price": 3,
            "no_price": 97,
            "taker_side": "yes"
        },
        {
            "trade_id": "c7777980-05d8-47dc-aad7-798ea301d603",
            "ticker": "HIGHNY-24JAN02-B46.5",
            "count": 70,
            "created_time": "2024-01-01T20:10:39.923231Z",
            "yes_price": 1,
            "no_price": 99,
            "taker_side": "yes"
        },
        {
            "trade_id": "63636d01-8ca4-451a-b583-4c9a5402cd53",
            "ticker": "HIGHNY-24JAN02-B46.5",
            "count": 1,
            "created_time": "2024-01-01T20:10:39.923231Z",
            "yes_price": 1,
            "no_price": 99,
            "taker_side": "yes"
        }
    ],
    "HIGHNY-24JAN02-B48.5": [],
    "HIGHNY-24JAN02-T49": []
}