{
    "KXHIGHNY-24NOV17-T58": [
        {
            "trade_id": "9d7a978b-ec7e-4075-944b-1df105c85d2c",
            "ticker": "KXHIGHNY-24NOV17-T58",
            "count": 1870,
            "created_time": "2024-11-18T02:55:00.161158Z",
            "yes_price": 1,
            "no_price": 99,
            "taker_side": "yes"
        },
        {
            "trade_id": "fc001da2-9827-484a-bc2d-7c83d8a12972",
            "ticker": "KXHIGHNY-24NOV17-T58",
            "count": 100,
            "created_time": "2024-11-18T02:54:12.163642Z",
            "yes_price": 1,
            "no_price": 99,
            "taker_side": "yes"
        },
        {
            "trade_id": "f3a76d91-db75-4262-b1b7-d7808094b3b9",
            "ticker": "KXHIGHNY-24NOV17-T58",
            "count": 1870,
            "created_time": "2024-11-18T01:28:45.028999Z",
            "yes_price": 1,
            "no_price": 99,
            "taker_side": "yes"
        },
        {
            "trade_id": "524d88db-58b7-4122-b21a-94d1efa03d2d",
            "ticker": "KXHIGHNY-24NOV17-T58",
            "count": 15,
            "created_time": "2024-11-17T18:31:05.365944Z",
            "yes_price": 1,
            "no_price": 99,
            "taker_side": "yes"
        },
        {
            "trade_id": "18e08069-6765-40c7-b19f-1f85e62f3073",
            "ticker": "KXHIGHNY-24NOV17-T58",
            "count": 102,
            "created_time": "2024-11-17T16:01:13.653987Z",
            "yes_price": 1,
            "no_price": 99,
            "taker_side": "yes"
        },
        {
            "trade_id": "905ddfc2-c380-4005-b6b1-e000aa2e663f",
            "ticker": "KXHIGHNY-24NOV17-T58",
            "count": 187,
            "created_time": "2024-11-17T14:10:16.483092Z",
            "yes_price": 1,
            "no_price": 99,
            "taker_side": "yes"
        },
        {
            "trade_id": "39fada01-b6c8-44e0-aff9-b1bec61d1a49",
            "ticker": "KXHIGHNY-24NOV17-T58",
            "count": 1000,
            "created_time": "2024-11-17T01:16:03.305137Z",
            "yes_price": 1,
            "no_price": 99,
            "taker_side": "yes"
        },
        {
            "trade_id": "eac8cc9c-8e9d-46c9-87c5-f7900b07eab9",
            "ticker": "KXHIGHNY-24NOV17-T58",
            "count": 359,
            "created_time": "2024-11-16T22:08:57.447178Z",
            "yes_price": 1,
            "no_price": 99,
            "taker_side": "no"
        },
        {
            "trade_id": "99496010-2712-4de4-8525-c0cfeedde327",
            "ticker": "KXHIGHNY-24NOV17-T58",
            "count": 8,
            "created_time": "2024-11-16T22:08:57.447178Z",
            "yes_price": 1,
            "no_price": 99,
            "taker_side": "no"
        },
        {
            "trade_id": "3e310adb-835f-46d6-8f93-a2b18c539e49",
            "ticker": "KXHIGHNY-24NOV17-T58",
            "count": 14,
            "created_time": "2024-11-16T22:00:51.177581Z",
            "yes_price": 1,
            "no_price": 99,
            "taker_side": "no"
        },
        {
            "trade_id": "396fe439-9f2c-424e-87e6-0e9077760ad3",
            "ticker": "KXHIGHNY-24NOV17-T58",
            "count": 82,
            "created_time": "2024-11-16T22:00:36.651295Z",
            "yes_price": 1,
            "no_price": 99,
            "taker_side": "no"
        },
        {
            "trade_id": "b5470cc6-9039-40a0-b43c-656fc64d5e7d",
            "ticker": "KXHIGHNY-24NOV17-T58",
            "count": 18,
            "created_time": "2024-11-16T22:00:27.723882Z",
            "yes_price": 1,
            "no_price": 99,
            "taker_side": "no"
        },
        {
            "trade_id": "af7735d6-a1a6-4909-aa60-23a84049bb3c",
            "ticker": "KXHIGHNY-24NOV17-T58",
            "count": 15,
            "created_time": "2024-11-16T21:56:34.407585Z",
            "yes_price": 3,
            "no_price": 97,
            "taker_side": "yes"
        },
        {
            "trade_id": "d95865ac-d463-4268-b2b9-23d65c0f6fb3",
            "ticker": "KXHIGHNY-24NOV17-T58",
            "count": 51,
            "created_time": "2024-11-16T21:32:31.483452Z",
            "yes_price": 1,
            "no_price": 99,
            "taker_side": "no"
        },
        {
            "trade_id": "63103cc7-0a26-4a85-bfe0-210fa38ac493",
            "ticker": "KXHIGHNY-24NOV17-T58",
            "count": 24,
            "created_time": "2024-11-16T21:32:30.873594Z",
            "yes_price": 1,
            "no_price": 99,
            "taker_side": "no"
        },
        {
            "trade_id": "8c482731-995b-4550-adb9-e060159689d0",
            "ticker": "KXHIGHNY-24NOV17-T58",
            "count": 16,
            "created_time": "2024-11-16T21:17:17.103736Z",
            "yes_price": 1,
            "no_price": 99,
            "taker_side": "no"
        },
        {
            "trade_id": "965105ca-18fe-4ac4-8a5f-c49ff02e5831",
            "ticker": "KXHIGHNY-24NOV17-T58",
            "count": 60,
            "created_time": "2024-11-16T20:27:45.320673Z",
            "yes_price": 1,
            "no_price": 99,
            "taker_side": "no"
        },
        {
            "trade_id": "bc9a79d8-17af-4bd8-96f3-3ae953faeb80",
            "ticker": "KXHIGHNY-24NOV17-T58",
            "count": 70,
            "created_time": "2024-11-16T20:21:35.09007Z",
            "yes_price": 1,
            "no_price": 99,
            "taker_side": "no"
        },
        {
            "trade_id": "7cf31b23-d816-4f58-ad2a-0b096c1d1cbd",
            "ticker": "KXHIGHNY-24NOV17-T58",
            "count": 50,
            "created_time": "2024-11-16T20:21:33.561895Z",
            "yes_price": 1,
            "no_price": 99,
            "taker_side": "no"
        },
        {
            "trade_id": "700d7aa3-ec96-4d85-9c64-6ec65384a510",
            "ticker": "KXHIGHNY-24NOV17-T58",
            "count": 8,
            "created_time": "2024-11-16T20:12:37.620336Z",
            "yes_price": 1,
            "no_price": 99,
            "taker_side": "no"
        },
        {
            "trade_id": "37725f1d-4f72-4a7c-a9d5-b8147e23718c",
            "ticker": "KXHIGHNY-24NOV17-T58",
            "count": 8,
            "created_time": "2024-11-16T18:40:23.396986Z",
            "yes_price": 1,
            "no_price": 99,
            "taker_side": "no"
        },
        {
            "trade_id": "ea761777-7c88-4cff-9781-f0768c4baf49",
            "ticker": "KXHIGHNY-24NOV17-T58",
            "count": 82,
            "created_time": "2024-11-16T18:36:31.215783Z",
            "yes_price": 1,
            "no_price": 99,
            "taker_side": "no"
        },
        {
            "trade_id": "5a67ea64-b1b3-47e4-a288-d9eaf6f6137e",
            "ticker": "KXHIGHNY-24NOV17-T58",
            "count": 18,
            "created_time": "2024-11-16T18:35:57.399648Z",
            "yes_price": 1,
            "no_price": 99,
            "taker_side": "no"
        },
        {
            "trade_id": "429351d9-7ed2-4671-935e-54f6de8bdf4f",
            "ticker": "KXHIGHNY-24NOV17-T58",
            "count": 120,
            "created_time": "2024-11-16T18:30:48.430678Z",
            "yes_price": 1,
            "no_price": 99,
            "taker_side": "no"
        },
        {
            "trade_id": "7cc489e8-5f81-496e-a8ce-2012572da97b",
            "ticker": "KXHIGHNY-24NOV17-T58",
            "count": 20,
            "created_time": "2024-11-16T18:18:33.746006Z",
            "yes_price": 1,
            "no_price": 99,
            "taker_side": "no"
        },
        {
            "trade_id": "6382d83c-e074-4afb-a61a-c5833a846492",
            "ticker": "KXHIGHNY-24NOV17-T58",
            "count": 120,
            "created_time": "2024-11-16T15:17:15.418711Z",
            "yes_price": 1,
            "no_price": 99,
            "taker_side": "no"
        }
    ],
    "KXHIGHNY-24NOV17-B58.5": [
        {
            "trade_id": "3e2daa52-6ca1-4c23-8279-9faad26f7635",
            "ticker": "KXHIGHNY-24NOV17-B58.5",
            "count": 1870,
            "created_time": "2024-11-18T02:55:10.849654Z",
            "yes_price": 1,
            "no_price": 99,
            "taker_side": "yes"
        },
        {
            "trade_id": "9607e7a5-85e0-44ab-ba70-1d662eca29d4",
            "ticker": "KXHIGHNY-24NOV17-B58.5",
            "count": 467,
            "created_time": "2024-11-18T02:54:28.534359Z",
            "yes_price": 1,
            "no_price": 99,
            "taker_side": "yes"
        },
        {
            "trade_id": "fa303e92-76ef-4e6b-80f1-ac15dd4bdc93",
            "ticker": "KXHIGHNY-24NOV17-B58.5",
            "count": 1,
            "created_time": "2024-11-17T17:42:43.846183Z",
            "yes_price": 1,
            "no_price": 99,
            "taker_side": "yes"
        },
        {
            "trade_id": "c6db8d5d-0443-4e78-9655-64782ac3a748",
            "ticker": "KXHIGHNY-24NOV17-B58.5",
            "count": 102,
            "created_time": "2024-11-17T16:01:21.736381Z",
            "yes_price": 1,
            "no_price": 99,
            "taker_side": "yes"
        },
        {
            "trade_id": "36b7cf9f-6922-4049-90ed-22c268dc4503",
            "ticker": "KXHIGHNY-24NOV17-B58.5",
            "count": 467,
            "created_time": "2024-11-17T14:10:07.198825Z",
            "yes_price": 1,
            "no_price": 99,
            "taker_side": "yes"
        },
        {
            "trade_id": "78628789-741e-40ab-a3b0-6c2831e6979a",
            "ticker": "KXHIGHNY-24NOV17-B58.5",
            "count": 21,
            "created_time": "2024-11-17T04:56:29.564097Z",
            "yes_price": 1,
            "no_price": 99,
            "taker_side": "no"
        },
        {
            "trade_id": "fd127ad5-d6da-4f27-abec-5f4671f72f4d",
            "ticker": "KXHIGHNY-24NOV17-B58.5",
            "count": 138,
            "created_time": "2024-11-17T04:53:46.307626Z",
            "yes_price": 1,
            "no_price": 99,
            "taker_side": "no"
        },
        {
            "trade_id": "72099ce5-59f3-4896-9e92-1ab955a79cf6",
            "ticker": "KXHIGHNY-24NOV17-B58.5",
            "count": 857,
            "created_time": "2024-11-17T04:53:46.307626Z",
            "yes_price": 1,
            "no_price": 99,
            "taker_side": "no"
        },
        {
            "trade_id": "6f00447d-1f27-4b46-8627-df52d3e56f27",
            "ticker": "KXHIGHNY-24NOV17-B58.5",
            "count": 5,
            "created_time": "2024-11-17T04:53:46.307626Z",
            "yes_price": 1,
            "no_price": 99,
            "taker_side": "no"
        },
        {
            "trade_id": "a6dca316-d085-44f0-a20d-71c7fa4218e6",
            "ticker": "KXHIGHNY-24NOV17-B58.5",
            "count": 51,
            "created_time": "2024-11-17T04:05:23.314159Z",
            "yes_price": 1,
            "no_price": 99,
            "taker_side": "no"
        },
        {
            "trade_id": "9e5b56be-f910-471d-9cff-3fc6057d7106",
            "ticker": "KXHIGHNY-24NOV17-B58.5",
            "count": 311,
            "created_time": "2024-11-17T04:05:10.638598Z",
            "yes_price": 1,
            "no_price": 99,
            "taker_side": "no"
        },
        {
            "trade_id": "8a37903a-12bb-484b-8039-063f5909383a",
            "ticker": "KXHIGHNY-24NOV17-B58.5",
            "count": 189,
            "created_time": "2024-11-17T03:01:28.497008Z",
            "yes_price": 2,
            "no_price": 98,
            "taker_side": "yes"
        },
        {
            "trade_id": "50334498-2bd6-4609-9316-a503c6a6850e",
            "ticker": "KXHIGHNY-24NOV17-B58.5",
            "count": 500,
            "created_time": "2024-11-17T02:37:00.695936Z",
            "yes_price": 1,
            "no_price": 99,
            "taker_side": "no"
        },
        {
            "trade_id": "ccf983b3-1079-4725-8a33-c755ebf2602b",
            "ticker": "KXHIGHNY-24NOV17-B58.5",
            "count": 233,
            "created_time": "2024-11-17T02:18:54.744053Z",
            "yes_price": 2,
            "no_price": 98,
            "taker_side": "yes"
        },
        {
            "trade_id": "c76318e7-c8e0-410a-a9ed-151e75608c0d",
            "ticker": "KXHIGHNY-24NOV17-B58.5",
            "count": 10,
            "created_time": "2024-11-17T01:35:53.474217Z",
            "yes_price": 1,
            "no_price": 99,
            "taker_side": "no"
        },
        {
            "trade_id": "7568a5c8-dc72-4b1e-bf21-f4a61f759f6c",
            "ticker": "KXHIGHNY-24NOV17-B58.5",
            "count": 5,
            "created_time": "2024-11-17T01:34:42.277597Z",
            "yes_price": 1,
            "no_price": 99,
            "taker_side": "no"
        },
        {
            "trade_id": "2c344907-b62b-4b52-8cb6-c806c496573b",
            "ticker": "KXHIGHNY-24NOV17-B58.5",
            "count": 985,
            "created_time": "2024-11-17T01:15:49.184133Z",
            "yes_price": 1,
            "no_price": 99,
            "taker_side": "yes"
        },
        {
            "trade_id": "a4f8a429-1740-47d6-af40-5d9bb09e1595",
            "ticker": "KXHIGHNY-24NOV17-B58.5",
            "count": 14,
            "created_time": "2024-11-17T00:35:51.037835Z",
            "yes_price": 1,
            "no_price": 99,
            "taker_side": "yes"
        },
        {
            "trade_id": "8b4de463-6e29-4a90-9461-0cf1f8ed8e25",
            "ticker": "KXHIGHNY-24NOV17-B58.5",
            "count": 500,
            "created_time": "2024-11-17T00:34:09.059739Z",
            "yes_price": 1,
            "no_price": 99,
            "taker_side": "yes"
        },
        {
            "trade_id": "f579faac-4074-4485-a9ba-5b174d706f2f",
            "ticker": "KXHIGHNY-24NOV17-B58.5",
            "count": 2,
            "created_time": "2024-11-16T23:02:02.292784Z",
            "yes_price": 1,
            "no_price": 99,
            "taker_side": "yes"
        },
        {
            "trade_id": "9aed65a5-558f-439d-951b-988b575ce9b3",
            "ticker": "KXHIGHNY-24NOV17-B58.5",
            "count": 437,
            "created_time": "2024-11-16T22:05:47.245036Z",
            "yes_price": 2,
            "no_price": 98,
            "taker_side": "yes"
        },
        {
            "trade_id": "456cbbea-e9d5-40a9-9206-cdc0ab84810b",
            "ticker": "KXHIGHNY-24NOV17-B58.5",
            "count": 63,
            "created_time": "2024-11-16T22:05:47.245036Z",
            "yes_price": 2,
            "no_price": 98,
            "taker_side": "yes"
        },
        {
            "trade_id": "e1e9dfce-c58f-4202-b0cc-39bc3e404f1a",
            "ticker": "KXHIGHNY-24NOV17-B58.5",
            "count": 63,
            "created_time": "2024-11-16T21:56:00.151569Z",
            "yes_price": 2,
            "no_price": 98,
            "taker_side": "yes"
        },
        {
            "trade_id": "65edf66a-d97c-4d02-b9d2-6002a5ef883d",
            "ticker": "KXHIGHNY-24NOV17-B58.5",
            "count": 77,
            "created_time": "2024-11-16T21:56:00.151569Z",
            "yes_price": 2,
            "no_price": 98,
            "taker_side": "yes"
        },
        {
            "trade_id": "64764782-56f7-4803-b656-fd3b9240d067",
            "ticker": "KXHIGHNY-24NOV17-B58.5",
            "count": 24,
            "created_time": "2024-11-16T21:32:30.876664Z",
            "yes_price": 1,
            "no_price": 99,
            "taker_side": "no"
        },
        {
            "trade_id": "8499f51f-650f-4424-a3b4-deaad0595daf",
            "ticker": "KXHIGHNY-24NOV17-B58.5",
            "count": 16,
            "created_time": "2024-11-16T21:17:17.100678Z",
            "yes_price": 1,
            "no_price": 99,
            "taker_side": "no"
        },
        {
            "trade_id": "f5aa6899-a891-4137-82bd-a7237a1e0883",
            "ticker": "KXHIGHNY-24NOV17-B58.5",
            "count": 60,
            "created_time": "2024-11-16T20:27:45.316382Z",
            "yes_price": 1,
            "no_price": 99,
            "taker_side": "no"
        },
        {
            "trade_id": "a08d4820-4582-44c1-8b57-e26626ff6e5b",
            "ticker": "KXHIGHNY-24NOV17-B58.5",
            "count": 70,
            "created_time": "2024-11-16T20:21:35.089253Z",
            "yes_price": 1,
            "no_price": 99,
            "taker_side": "no"
        },
        {
            "trade_id": "1fd105c7-faa9-4a37-95b3-31cdc3ac8f1b",
            "ticker": "KXHIGHNY-24NOV17-B58.5",
            "count": 50,
            "created_time": "2024-11-16T20:21:33.564741Z",
            "yes_price": 1,
            "no_price": 99,
            "taker_side": "no"
        },
        {
            "trade_id": "16603a8c-6ec2-4621-ae9c-4d0d37d9cf57",
            "ticker": "KXHIGHNY-24NOV17-B58.5",
            "count": 8,
            "created_time": "2024-11-16T20:12:37.596695Z",
            "yes_price": 1,
            "no_price": 99,
            "taker_side": "no"
        },
        {
            "trade_id": "7b45dbe9-f8e1-4275-a9a5-74e500a4fd3e",
            "ticker": "KXHIGHNY-24NOV17-B58.5",
            "count": 5,
            "created_time": "2024-11-16T19:50:49.227897Z",
            "yes_price": 5,
            "no_price": 95,
            "taker_side": "yes"
        },
        {
            "trade_id": "23fdad77-cbc8-4254-8531-0e1ea2664c0f",
            "ticker": "KXHIGHNY-24NOV17-B58.5",
            "count": 8,
            "created_time": "2024-11-16T18:40:27.818174Z",
            "yes_price": 1,
            "no_price": 99,
            "taker_side": "no"
        },
        {
            "trade_id": "533896fb-6d49-48b4-a952-2515e98bcd72",
            "ticker": "KXHIGHNY-24NOV17-B58.5",
            "count": 20,
            "created_time": "2024-11-16T18:36:31.196592Z",
            "yes_price": 1,
            "no_price": 99,
            "taker_side": "no"
        },
        {
            "trade_id": "41fca52c-b95c-4e78-8df3-e019b37793a5",
            "ticker": "KXHIGHNY-24NOV17-B58.5",
            "count": 62,
            "created_time": "2024-11-16T18:36:31.196592Z",
            "yes_price": 1,
            "no_price": 99,
            "taker_side": "no"
        },
        {
            "trade_id": "34376f66-4703-4347-8b5b-089d580c77f3",
            "ticker": "KXHIGHNY-24NOV17-B58.5",
            "count": 18,
            "created_time": "2024-11-16T18:35:57.402016Z",
            "yes_price": 1,
            "no_price": 99,
            "taker_side": "no"
        },
        {
            "trade_id": "f61026f0-b109-4188-b33c-8de84567bc9c",
            "ticker": "KXHIGHNY-24NOV17-B58.5",
            "count": 1,
            "created_time": "2024-11-16T17:30:17.763409Z",
            "yes_price": 7,
            "no_price": 93,
            "taker_side": "yes"
        },
        {
            "trade_id": "98664529-769f-4c9b-8045-3cc7e99bfe05",
            "ticker": "KXHIGHNY-24NOV17-B58.5",
            "count": 1,
            "created_time": "2024-11-16T17:18:34.985344Z",
            "yes_price": 7,
            "no_price": 93,
            "taker_side": "yes"
        },
        {
            "trade_id": "5bac0d96-29d9-469f-871e-468d201cf39d",
            "ticker": "KXHIGHNY-24NOV17-B58.5",
            "count": 82,
            "created_time": "2024-11-16T17:08:32.788304Z",
            "yes_price": 1,
            "no_price": 99,
            "taker_side": "no"
        }
    ],
    "KXHIGHNY-24NOV17-B60.5": [
        {
            "trade_id": "ca07d531-bbd5-479a-89d4-92584a3554f4",
            "ticker": "KXHIGHNY-24NOV17-B60.5",
            "count": 935,
            "created_time": "2024-11-18T02:54:44.013463Z",
            "yes_price": 1,
            "no_price": 99,
            "taker_side": "yes"
        },
        {
            "trade_id": "c8a5ea89-11b5-44a4-b511-684cf7348c36",
            "ticker": "KXHIGHNY-24NOV17-B60.5",
            "count": 110,
            "created_time": "2024-11-18T01:59:49.975306Z",
            "yes_price": 1,
            "no_price": 99,
            "taker_side": "yes"
        },
        {
            "trade_id": "5e959af0-154a-495d-accd-e27df3d1b721",
            "ticker": "KXHIGHNY-24NOV17-B60.5",
            "count": 93,
            "created_time": "2024-11-17T22:00:50.68742Z",
            "yes_price": 1,
            "no_price": 99,
            "taker_side": "yes"
        },
        {
            "trade_id": "01b08b94-8bee-4592-8ca8-f768a5293830",
            "ticker": "KXHIGHNY-24NOV17-B60.5",
            "count": 155,
            "created_time": "2024-11-17T21:51:46.036207Z",
            "yes_price": 1,
            "no_price": 99,
            "taker_side": "yes"
        },
        {
            "trade_id": "e7fe9fe7-821d-4da2-8d97-e7a1f68b3b54",
            "ticker": "KXHIGHNY-24NOV17-B60.5",
            "count": 93,
            "created_time": "2024-11-17T21:16:53.930962Z",
            "yes_price": 1,
            "no_price": 99,
            "taker_side": "yes"
        },
        {
            "trade_id": "d517844c-3205-4c2f-b901-37bbb3cbb845",
            "ticker": "KXHIGHNY-24NOV17-B60.5",
            "count": 4675,
            "created_time": "2024-11-17T21:12:50.859492Z",
            "yes_price": 1,
            "no_price": 99,
            "taker_side": "yes"
        },
        {
            "trade_id": "5409dedc-0ad0-4199-8e1c-b165d712c5af",
            "ticker": "KXHIGHNY-24NOV17-B60.5",
            "count": 935,
            "created_time": "2024-11-17T20:28:36.663726Z",
            "yes_price": 1,
            "no_price": 99,
            "taker_side": "yes"
        },
        {
            "trade_id": "a88bdaba-b89f-4592-a43f-ec0879b6026d",
            "ticker": "KXHIGHNY-24NOV17-B60.5",
            "count": 58,
            "created_time": "2024-11-17T20:20:05.510758Z",
            "yes_price": 1,
            "no_price": 99,
            "taker_side": "yes"
        },
        {
            "trade_id": "491035ee-fce3-4fbb-8d41-3aa25d4cd541",
            "ticker": "KXHIGHNY-24NOV17-B60.5",
            "count": 42,
            "created_time": "2024-11-17T20:20:05.510758Z",
            "yes_price": 1,
            "no_price": 99,
            "taker_side": "yes"
        },
        {
            "trade_id": "08ee75cc-3f7f-46c4-8037-2127dbdf85c2",
            "ticker": "KXHIGHNY-24NOV17-B60.5",
            "count": 5,
            "created_time": "2024-11-17T20:14:43.475115Z",
            "yes_price": 1,
            "no_price": 99,
            "taker_side": "yes"
        },
        {
            "trade_id": "a8e1e41a-00a9-492a-b0f7-57b0f8635ee5",
            "ticker": "KXHIGHNY-24NOV17-B60.5",
            "count": 4,
            "created_time": "2024-11-17T20:03:26.049679Z",
            "yes_price": 1,
            "no_price": 99,
            "taker_side": "yes"
        },
        {
            "trade_id": "a19f225a-cb77-49e4-af52-fcd0dd595d20",
            "ticker": "KXHIGHNY-24NOV17-B60.5",
            "count": 183,
            "created_time": "2024-11-17T19:19:34.328809Z",
            "yes_price": 1,
            "no_price": 99,
            "taker_side": "yes"
        },
        {
            "trade_id": "964261c8-6f5f-4b29-b556-3bfe357db0d0",
            "ticker": "KXHIGHNY-24NOV17-B60.5",
            "count": 250,
            "created_time": "2024-11-17T19:19:34.328809Z",
            "yes_price": 1,
            "no_price": 99,
            "taker_side": "yes"
        },
        {
            "trade_id": "449173c3-d1d5-4d59-8de8-d6a1ec4e836a",
            "ticker": "KXHIGHNY-24NOV17-B60.5",
            "count": 250,
            "created_time": "2024-11-17T19:19:34.328809Z",
            "yes_price": 1,
            "no_price": 99,
            "taker_side": "yes"
        },
        {
            "trade_id": "068d6124-e36d-4d3c-b951-f3412614a4ff",
            "ticker": "KXHIGHNY-24NOV17-B60.5",
            "count": 250,
            "created_time": "2024-11-17T19:19:34.328809Z",
            "yes_price": 1,
            "no_price": 99,
            "taker_side": "yes"
        },
        {
            "trade_id": "48e54de9-a730-4d9d-b132-10e41602086e",
            "ticker": "KXHIGHNY-24NOV17-B60.5",
            "count": 100,
            "created_time": "2024-11-17T18:46:47.498321Z",
            "yes_price": 2,
            "no_price": 98,
            "taker_side": "yes"
        },
        {
            "trade_id": "a7594e3e-f068-4516-9e3a-f6949892b55c",
            "ticker": "KXHIGHNY-24NOV17-B60.5",
            "count": 581,
            "created_time": "2024-11-17T18:42:11.431281Z",
            "yes_price": 1,
            "no_price": 99,
            "taker_side": "yes"
        },
        {
            "trade_id": "daea7091-4506-4c1d-81b0-b6933065d556",
            "ticker": "KXHIGHNY-24NOV17-B60.5",
            "count": 100,
            "created_time": "2024-11-17T18:39:50.791635Z",
            "yes_price": 1,
            "no_price": 99,
            "taker_side": "yes"
        },
        {
            "trade_id": "b1abbc44-84a8-49b5-a39a-4bbf4d921d1d",
            "ticker": "KXHIGHNY-24NOV17-B60.5",
            "count": 519,
            "created_time": "2024-11-17T18:38:58.641076Z",
            "yes_price": 1,
            "no_price": 99,
            "taker_side": "no"
        },
        {
            "trade_id": "b9f293e6-e5f2-4716-9d3b-d1faf1799fbc",
            "ticker": "KXHIGHNY-24NOV17-B60.5",
            "count": 481,
            "created_time": "2024-11-17T18:38:39.995098Z",
            "yes_price": 1,
            "no_price": 99,
            "taker_side": "no"
        },
        {
            "trade_id": "1ae85906-4a6e-494c-b7e2-436146f725cf",
            "ticker": "KXHIGHNY-24NOV17-B60.5",
            "count": 19,
            "created_time": "2024-11-17T18:38:39.995098Z",
            "yes_price": 1,
            "no_price": 99,
            "taker_side": "no"
        },
        {
            "trade_id": "f29cc3b4-7f5a-464e-940f-926c76fa1c88",
            "ticker": "KXHIGHNY-24NOV17-B60.5",
            "count": 81,
            "created_time": "2024-11-17T18:38:34.412153Z",
            "yes_price": 1,
            "no_price": 99,
            "taker_side": "no"
        },
        {
            "trade_id": "13d5f263-e671-4540-8e3e-cf53dead630e",
            "ticker": "KXHIGHNY-24NOV17-B60.5",
            "count": 19,
            "created_time": "2024-11-17T18:38:34.412153Z",
            "yes_price": 1,
            "no_price": 99,
            "taker_side": "no"
        },
        {
            "trade_id": "01fc97ee-fbde-42ac-bad1-396389148107",
            "ticker": "KXHIGHNY-24NOV17-B60.5",
            "count": 100,
            "created_time": "2024-11-17T18:38:34.412153Z",
            "yes_price": 1,
            "no_price": 99,
            "taker_side": "no"
        },
        {
            "trade_id": "24188bc9-fbfc-45e0-9619-90e80a9f247b",
            "ticker": "KXHIGHNY-24NOV17-B60.5",
            "count": 50,
            "created_time": "2024-11-17T18:35:57.42761Z",
            "yes_price": 1,
            "no_price": 99,
            "taker_side": "no"
        },
        {
            "trade_id": "e9866793-03ea-449b-b3ad-7be69e15ac92",
            "ticker": "KXHIGHNY-24NOV17-B60.5",
            "count": 1000,
            "created_time": "2024-11-17T18:35:09.008699Z",
            "yes_price": 1,
            "no_price": 99,
            "taker_side": "no"
        },
        {
            "trade_id": "fbd4e2ed-9202-4dd9-a086-80d8f2d7c9c6",
            "ticker": "KXHIGHNY-24NOV17-B60.5",
            "count": 94,
            "created_time": "2024-11-17T18:35:05.407374Z",
            "yes_price": 1,
            "no_price": 99,
            "taker_side": "no"
        },
        {
            "trade_id": "d38ec485-c732-4aae-a48e-efec89f5f766",
            "ticker": "KXHIGHNY-24NOV17-B60.5",
            "count": 1000,
            "created_time": "2024-11-17T18:35:02.932Z",
            "yes_price": 2,
            "no_price": 98,
            "taker_side": "yes"
        },
        {
            "trade_id": "c279abe2-634e-40be-b7b0-afbe0053faad",
            "ticker": "KXHIGHNY-24NOV17-B60.5",
            "count": 1,
            "created_time": "2024-11-17T18:35:02.932Z",
            "yes_price": 2,
            "no_price": 98,
            "taker_side": "yes"
        },
        {
            "trade_id": "9b258a54-64f6-4a45-b4f0-6509380154bd",
            "ticker": "KXHIGHNY-24NOV17-B60.5",
            "count": 178,
            "created_time": "2024-11-17T18:35:02.932Z",
            "yes_price": 2,
            "no_price": 98,
            "taker_side": "yes"
        },
        {
            "trade_id": "22b1bd91-018c-408f-832c-917f4da440ff",
            "ticker": "KXHIGHNY-24NOV17-B60.5",
            "count": 5,
            "created_time": "2024-11-17T18:35:02.932Z",
            "yes_price": 2,
            "no_price": 98,
            "taker_side": "yes"
        },
        {
            "trade_id": "33e38259-041a-47bf-8cc9-7972fb18f141",
            "ticker": "KXHIGHNY-24NOV17-B60.5",
            "count": 233,
            "created_time": "2024-11-17T18:33:59.743226Z",
            "yes_price": 2,
            "no_price": 98,
            "taker_side": "yes"
        },
        {
            "trade_id": "f63f2859-b5f1-46ec-a1bb-9ac100c52c0b",
            "ticker": "KXHIGHNY-24NOV17-B60.5",
            "count": 10,
            "created_time": "2024-11-17T18:33:29.592977Z",
            "yes_price": 1,
            "no_price": 99,
            "taker_side": "no"
        },
        {
            "trade_id": "9f232732-cbf9-43d2-a2db-7cc115efc6e5",
            "ticker": "KXHIGHNY-24NOV17-B60.5",
            "count": 89,
            "created_time": "2024-11-17T18:32:37.813815Z",
            "yes_price": 2,
            "no_price": 98,
            "taker_side": "yes"
        },
        {
            "trade_id": "4a031fe4-7084-40c8-8d12-ddca5e818c10",
            "ticker": "KXHIGHNY-24NOV17-B60.5",
            "count": 5,
            "created_time": "2024-11-17T18:32:37.813815Z",
            "yes_price": 2,
            "no_price": 98,
            "taker_side": "yes"
        },
        {
            "trade_id": "3196f9b6-fa4d-4699-b4b7-27ca410ddba7",
            "ticker": "KXHIGHNY-24NOV17-B60.5",
            "count": 406,
            "created_time": "2024-11-17T18:32:37.813815Z",
            "yes_price": 2,
            "no_price": 98,
            "taker_side": "yes"
        },
        {
            "trade_id": "2ec048ac-cc1b-4521-9beb-6ffa3f994b0d",
            "ticker": "KXHIGHNY-24NOV17-B60.5",
            "count": 4,
            "created_time": "2024-11-17T18:32:18.247807Z",
            "yes_price": 2,
            "no_price": 98,
            "taker_side": "yes"
        },
        {
            "trade_id": "80ed8bff-986c-472a-8c78-28d3ff99ac2a",
            "ticker": "KXHIGHNY-24NOV17-B60.5",
            "count": 90,
            "created_time": "2024-11-17T18:31:43.316409Z",
            "yes_price": 2,
            "no_price": 98,
            "taker_side": "yes"
        },
        {
            "trade_id": "b891f0f6-74e8-451c-b0db-893ca932ddad",
            "ticker": "KXHIGHNY-24NOV17-B60.5",
            "count": 16,
            "created_time": "2024-11-17T18:29:27.901481Z",
            "yes_price": 1,
            "no_price": 99,
            "taker_side": "no"
        },
        {
            "trade_id": "71f08e10-bd60-423b-8729-93ea8209bde7",
            "ticker": "KXHIGHNY-24NOV17-B60.5",
            "count": 269,
            "created_time": "2024-11-17T18:29:14.922105Z",
            "yes_price": 1,
            "no_price": 99,
            "taker_side": "no"
        },
        {
            "trade_id": "b87f7f4c-b6ce-480b-852a-491b1bf22328",
            "ticker": "KXHIGHNY-24NOV17-B60.5",
            "count": 22,
            "created_time": "2024-11-17T18:23:44.637946Z",
            "yes_price": 1,
            "no_price": 99,
            "taker_side": "no"
        },
        {
            "trade_id": "613e4e75-fbc2-4b4a-8ea9-3e06c5b3f151",
            "ticker": "KXHIGHNY-24NOV17-B60.5",
            "count": 14,
            "created_time": "2024-11-17T18:23:05.480965Z",
            "yes_price": 1,
            "no_price": 99,
            "taker_side": "no"
        },
        {
            "trade_id": "a2d6beb3-7e68-4b85-b930-a37da7e7967e",
            "ticker": "KXHIGHNY-24NOV17-B60.5",
            "count": 14,
            "created_time": "2024-11-17T18:23:05.474666Z",
            "yes_price": 2,
            "no_price": 98,
            "taker_side": "no"
        },
        {
            "trade_id": "5a57d9b1-6689-493a-babe-6543fb611c53",
            "ticker": "KXHIGHNY-24NOV17-B60.5",
            "count": 28,
            "created_time": "2024-11-17T18:22:36.08375Z",
            "yes_price": 2,
            "no_price": 98,
            "taker_side": "no"
        },
        {
            "trade_id": "0b6aff47-daaf-4a1f-aeed-787ac4a30ea0",
            "ticker": "KXHIGHNY-24NOV17-B60.5",
            "count": 1,
            "created_time": "2024-11-17T18:22:21.284007Z",
            "yes_price": 2,
            "no_price": 98,
            "taker_side": "no"
        },
        {
            "trade_id": "c6bf4f53-8565-4a1c-9361-0f47b51faf07",
            "ticker": "KXHIGHNY-24NOV17-B60.5",
            "count": 55,
            "created_time": "2024-11-17T18:21:52.166973Z",
            "yes_price": 2,
            "no_price": 98,
            "taker_side": "no"
        },
        {
            "trade_id": "c921706d-f6c2-40a5-84a8-9a47c5b99962",
            "ticker": "KXHIGHNY-24NOV17-B60.5",
            "count": 1,
            "created_time": "2024-11-17T18:21:28.402165Z",
            "yes_price": 2,
            "no_price": 98,
            "taker_side": "yes"
        },
        {
            "trade_id": "c919e1be-8e86-4ec6-8d09-8642ce26f4e0",
            "ticker": "KXHIGHNY-24NOV17-B60.5",
            "count": 1,
            "created_time": "2024-11-17T18:21:28.402165Z",
            "yes_price": 2,
            "no_price": 98,
            "taker_side": "yes"
        },
        {
            "trade_id": "e2748ce2-0d88-4900-b6f1-2bbb95d43f2a",
            "ticker": "KXHIGHNY-24NOV17-B60.5",
            "count": 100,
            "created_time": "2024-11-17T18:15:43.198897Z",
            "yes_price": 2,
            "no_price": 98,
            "taker_side": "yes"
        },
        {
            "trade_id": "df8968b2-bfc1-4689-b4c4-a01bd8800d25",
            "ticker": "KXHIGHNY-24NOV17-B60.5",
            "count": 161,
            "created_time": "2024-11-17T18:14:59.403676Z",
            "yes_price": 3,
            "no_price": 97,
            "taker_side": "yes"
        },
        {
            "trade_id": "1762b6f3-5313-4993-938d-5d56fa8a5868",
            "ticker": "KXHIGHNY-24NOV17-B60.5",
            "count": 525,
            "created_time": "2024-11-17T18:14:59.403676Z",
            "yes_price": 3,
            "no_price": 97,
            "taker_side": "yes"
        },
        {
            "trade_id": "8bde4783-ee21-4c89-ab9b-19ab35b8c949",
            "ticker": "KXHIGHNY-24NOV17-B60.5",
            "count": 475,
            "created_time": "2024-11-17T18:14:46.680148Z",
            "yes_price": 3,
            "no_price": 97,
            "taker_side": "yes"
        },
        {
            "trade_id": "dffc2b8b-a93b-460e-abf2-f0a35804519b",
            "ticker": "KXHIGHNY-24NOV17-B60.5",
            "count": 5,
            "created_time": "2024-11-17T18:14:26.217936Z",
            "yes_price": 2,
            "no_price": 98,
            "taker_side": "yes"
        },
        {
            "trade_id": "36895c5a-9a71-49e8-8e13-49a2bdb4a774",
            "ticker": "KXHIGHNY-24NOV17-B60.5",
            "count": 20,
            "created_time": "2024-11-17T18:14:26.217936Z",
            "yes_price": 2,
            "no_price": 98,
            "taker_side": "yes"
        },
        {
            "trade_id": "03481c5e-b466-4c26-a2f3-a6f087342be9",
            "ticker": "KXHIGHNY-24NOV17-B60.5",
            "count": 1000,
            "created_time": "2024-11-17T18:14:15.60713Z",
            "yes_price": 2,
            "no_price": 98,
            "taker_side": "yes"
        },
        {
            "trade_id": "d88c43be-f1a3-45ef-a30f-2625db7b8453",
            "ticker": "KXHIGHNY-24NOV17-B60.5",
            "count": 300,
            "created_time": "2024-11-17T18:14:03.885495Z",
            "yes_price": 2,
            "no_price": 98,
            "taker_side": "yes"
        },
        {
            "trade_id": "ffe28b66-9725-44eb-b3dc-fd00e5621151",
            "ticker": "KXHIGHNY-24NOV17-B60.5",
            "count": 233,
            "created_time": "2024-11-17T18:11:52.360101Z",
            "yes_price": 2,
            "no_price": 98,
            "taker_side": "yes"
        },
        {
            "trade_id": "4c3a7a54-f257-4b62-b663-4dc49246f64f",
            "ticker": "KXHIGHNY-24NOV17-B60.5",
            "count": 268,
            "created_time": "2024-11-17T18:09:24.272682Z",
            "yes_price": 1,
            "no_price": 99,
            "taker_side": "no"
        },
        {
            "trade_id": "04b54fe1-ee14-42eb-9d5d-aeb83aaac12f",
            "ticker": "KXHIGHNY-24NOV17-B60.5",
            "count": 5,
            "created_time": "2024-11-17T18:08:20.125826Z",
            "yes_price": 1,
            "no_price": 99,
            "taker_side": "no"
        },
        {
            "trade_id": "2b19fe49-e2c2-4a21-9814-c0f4b7ffc867",
            "ticker": "KXHIGHNY-24NOV17-B60.5",
            "count": 95,
            "created_time": "2024-11-17T18:06:38.921944Z",
            "yes_price": 1,
            "no_price": 99,
            "taker_side": "no"
        },
        {
            "trade_id": "aa56c7f6-76f4-4986-beaf-3997eae84c6c",
            "ticker": "KXHIGHNY-24NOV17-B60.5",
            "count": 46,
            "created_time": "2024-11-17T18:06:12.072207Z",
            "yes_price": 3,
            "no_price": 97,
            "taker_side": "yes"
        },
        {
            "trade_id": "0630d5a2-03fe-4db5-9b3f-e23d33858ab9",
            "ticker": "KXHIGHNY-24NOV17-B60.5",
            "count": 4,
            "created_time": "2024-11-17T18:06:12.072207Z",
            "yes_price": 3,
            "no_price": 97,
            "taker_side": "yes"
        },
        {
            "trade_id": "c62427f3-e425-4afe-8997-3fbb84d77739",
            "ticker": "KXHIGHNY-24NOV17-B60.5",
            "count": 25,
            "created_time": "2024-11-17T18:05:15.256463Z",
            "yes_price": 1,
            "no_price": 99,
            "taker_side": "no"
        },
        {
            "trade_id": "7a7fc21e-3264-47a9-a59e-c016c1ebe500",
            "ticker": "KXHIGHNY-24NOV17-B60.5",
            "count": 6,
            "created_time": "2024-11-17T18:05:05.068966Z",
            "yes_price": 2,
            "no_price": 98,
            "taker_side": "no"
        },
        {
            "trade_id": "5244b386-cb5b-4f69-874e-faff07f1be44",
            "ticker": "KXHIGHNY-24NOV17-B60.5",
            "count": 589,
            "created_time": "2024-11-17T18:05:05.068966Z",
            "yes_price": 2,
            "no_price": 98,
            "taker_side": "no"
        },
        {
            "trade_id": "cd5c32e5-4bcc-41c5-ba3d-596fbbad77b8",
            "ticker": "KXHIGHNY-24NOV17-B60.5",
            "count": 11,
            "created_time": "2024-11-17T18:05:02.165388Z",
            "yes_price": 2,
            "no_price": 98,
            "taker_side": "no"
        },
        {
            "trade_id": "f295f4c0-76a8-47aa-b9c7-19b96bf19d81",
            "ticker": "KXHIGHNY-24NOV17-B60.5",
            "count": 100,
            "created_time": "2024-11-17T18:04:49.427819Z",
            "yes_price": 2,
            "no_price": 98,
            "taker_side": "no"
        },
        {
            "trade_id": "92546be3-c0f6-4644-937e-7a27ac68bfb2",
            "ticker": "KXHIGHNY-24NOV17-B60.5",
            "count": 100,
            "created_time": "2024-11-17T18:04:42.292288Z",
            "yes_price": 2,
            "no_price": 98,
            "taker_side": "no"
        },
        {
            "trade_id": "77c8f291-5c31-4946-a793-2b20976af7d8",
            "ticker": "KXHIGHNY-24NOV17-B60.5",
            "count": 85,
            "created_time": "2024-11-17T18:04:36.420213Z",
            "yes_price": 2,
            "no_price": 98,
            "taker_side": "no"
        },
        {
            "trade_id": "3cca7f19-95f1-4f1f-8de6-ca1b3f8d25d0",
            "ticker": "KXHIGHNY-24NOV17-B60.5",
            "count": 92,
            "created_time": "2024-11-17T18:04:29.567624Z",
            "yes_price": 2,
            "no_price": 98,
            "taker_side": "no"
        },
        {
            "trade_id": "560bc3ff-76b0-496b-ab2d-92f1dfdffd95",
            "ticker": "KXHIGHNY-24NOV17-B60.5",
            "count": 16,
            "created_time": "2024-11-17T18:04:15.358067Z",
            "yes_price": 2,
            "no_price": 98,
            "taker_side": "no"
        },
        {
            "trade_id": "bb5adc46-147b-4902-a444-02e383f8dca6",
            "ticker": "KXHIGHNY-24NOV17-B60.5",
            "count": 7,
            "created_time": "2024-11-17T18:03:43.79709Z",
            "yes_price": 2,
            "no_price": 98,
            "taker_side": "no"
        },
        {
            "trade_id": "3a6ff0f4-24b5-494a-8e22-11daa6e01636",
            "ticker": "KXHIGHNY-24NOV17-B60.5",
            "count": 490,
            "created_time": "2024-11-17T18:03:19.947425Z",
            "yes_price": 3,
            "no_price": 97,
            "taker_side": "yes"
        },
        {
            "trade_id": "9825c4be-5e80-472d-b45a-020907ae1dcf",
            "ticker": "KXHIGHNY-24NOV17-B60.5",
            "count": 62,
            "created_time": "2024-11-17T18:02:19.100328Z",
            "yes_price": 3,
            "no_price": 97,
            "taker_side": "yes"
        },
        {
            "trade_id": "9ff24a67-591a-4226-9c17-4349d64e07f6",
            "ticker": "KXHIGHNY-24NOV17-B60.5",
            "count": 132,
            "created_time": "2024-11-17T18:00:06.408912Z",
            "yes_price": 2,
            "no_price": 98,
            "taker_side": "yes"
        },
        {
            "trade_id": "02871a93-2d84-4e93-baa1-836cadd3ba2a",
            "ticker": "KXHIGHNY-24NOV17-B60.5",
            "count": 5,
            "created_time": "2024-11-17T17:58:36.24652Z",
            "yes_price": 1,
            "no_price": 99,
            "taker_side": "no"
        },
        {
            "trade_id": "60375aa3-7205-4fd7-b58c-d960d9bdb63d",
            "ticker": "KXHIGHNY-24NOV17-B60.5",
            "count": 82,
            "created_time": "2024-11-17T17:58:27.146694Z",
            "yes_price": 1,
            "no_price": 99,
            "taker_side": "no"
        },
        {
            "trade_id": "f2ad3265-f524-400f-9e92-c3ca7d1d894a",
            "ticker": "KXHIGHNY-24NOV17-B60.5",
            "count": 26,
            "created_time": "2024-11-17T17:57:54.963166Z",
            "yes_price": 1,
            "no_price": 99,
            "taker_side": "no"
        },
        {
            "trade_id": "d08a9541-3e94-48d4-a1d0-10771864e331",
            "ticker": "KXHIGHNY-24NOV17-B60.5",
            "count": 50,
            "created_time": "2024-11-17T17:57:47.451402Z",
            "yes_price": 3,
            "no_price": 97,
            "taker_side": "yes"
        },
        {
            "trade_id": "c10febac-56d2-4deb-909a-f3fdf8853fa1",
            "ticker": "KXHIGHNY-24NOV17-B60.5",
            "count": 103,
            "created_time": "2024-11-17T17:57:47.451402Z",
            "yes_price": 3,
            "no_price": 97,
            "taker_side": "yes"
        },
        {
            "trade_id": "09a93bbf-e572-4002-8611-be24034785c2",
            "ticker": "KXHIGHNY-24NOV17-B60.5",
            "count": 2,
            "created_time": "2024-11-17T17:57:47.451402Z",
            "yes_price": 3,
            "no_price": 97,
            "taker_side": "yes"
        },
        {
            "trade_id": "c3a003d4-1aab-4670-8c8a-acb617b6a239",
            "ticker": "KXHIGHNY-24NOV17-B60.5",
            "count": 22,
            "created_time": "2024-11-17T17:56:58.725174Z",
            "yes_price": 3,
            "no_price": 97,
            "taker_side": "yes"
        },
        {
            "trade_id": "2472c144-44d6-4970-a2c5-de6e41ea51e9",
            "ticker": "KXHIGHNY-24NOV17-B60.5",
            "count": 78,
            "created_time": "2024-11-17T17:56:58.725174Z",
            "yes_price": 3,
            "no_price": 97,
            "taker_side": "yes"
        },
        {
            "trade_id": "7a9edae0-616a-47b0-8984-9581e5219712",
            "ticker": "KXHIGHNY-24NOV17-B60.5",
            "count": 2794,
            "created_time": "2024-11-17T17:54:26.866604Z",
            "yes_price": 2,
            "no_price": 98,
            "taker_side": "yes"
        },
        {
            "trade_id": "373b71c4-bb60-41e9-b739-f552cf619d1c",
            "ticker": "KXHIGHNY-24NOV17-B60.5",
            "count": 2,
            "created_time": "2024-11-17T17:54:26.866604Z",
            "yes_price": 2,
            "no_price": 98,
            "taker_side": "yes"
        },
        {
            "trade_id": "91cba143-b6da-4a03-907f-61794ee85179",
            "ticker": "KXHIGHNY-24NOV17-B60.5",
            "count": 600,
            "created_time": "2024-11-17T17:52:21.452553Z",
            "yes_price": 1,
            "no_price": 99,
            "taker_side": "yes"
        },
        {
            "trade_id": "3441fef7-25f4-4383-a530-a530e782d7c7",
            "ticker": "KXHIGHNY-24NOV17-B60.5",
            "count": 1223,
            "created_time": "2024-11-17T17:52:21.452553Z",
            "yes_price": 1,
            "no_price": 99,
            "taker_side": "yes"
        },
        {
            "trade_id": "1f3b6983-1263-4919-9267-9dbd401fc616",
            "ticker": "KXHIGHNY-24NOV17-B60.5",
            "count": 2,
            "created_time": "2024-11-17T17:52:21.452553Z",
            "yes_price": 1,
            "no_price": 99,
            "taker_side": "yes"
        },
        {
            "trade_id": "cf6eb3a5-6bf4-42c8-97b6-a8c64ec8ea28",
            "ticker": "KXHIGHNY-24NOV17-B60.5",
            "count": 45,
            "created_time": "2024-11-17T17:33:02.995334Z",
            "yes_price": 2,
            "no_price": 98,
            "taker_side": "yes"
        },
        {
            "trade_id": "81269005-7ec6-49cc-be4c-b9e820a267fa",
            "ticker": "KXHIGHNY-24NOV17-B60.5",
            "count": 178,
            "created_time": "2024-11-17T17:32:54.729163Z",
            "yes_price": 1,
            "no_price": 99,
            "taker_side": "no"
        },
        {
            "trade_id": "397118a9-92b1-432d-8604-ea1baba24d46",
            "ticker": "KXHIGHNY-24NOV17-B60.5",
            "count": 1,
            "created_time": "2024-11-17T17:32:54.729163Z",
            "yes_price": 1,
            "no_price": 99,
            "taker_side": "no"
        },
        {
            "trade_id": "dd1237f1-6ab6-4a50-9f86-d956a1b226ac",
            "ticker": "KXHIGHNY-24NOV17-B60.5",
            "count": 187,
            "created_time": "2024-11-17T17:32:43.837613Z",
            "yes_price": 1,
            "no_price": 99,
            "taker_side": "no"
        },
        {
            "trade_id": "b0178607-5f05-4f3b-85fe-6d24c9d1a0d0",
            "ticker": "KXHIGHNY-24NOV17-B60.5",
            "count": 35,
            "created_time": "2024-11-17T17:27:24.344195Z",
            "yes_price": 1,
            "no_price": 99,
            "taker_side": "no"
        },
        {
            "trade_id": "c0a65b9a-931d-465b-94a3-5e7dedb2f8a9",
            "ticker": "KXHIGHNY-24NOV17-B60.5",
            "count": 1,
            "created_time": "2024-11-17T17:25:00.770156Z",
            "yes_price": 1,
            "no_price": 99,
            "taker_side": "yes"
        },
        {
            "trade_id": "ab86c0f8-855f-4cd5-98b2-97260ae19350",
            "ticker": "KXHIGHNY-24NOV17-B60.5",
            "count": 774,
            "created_time": "2024-11-17T17:25:00.770156Z",
            "yes_price": 2,
            "no_price": 98,
            "taker_side": "yes"
        },
        {
            "trade_id": "70f05a94-2f61-4d83-8326-a7362501ff02",
            "ticker": "KXHIGHNY-24NOV17-B60.5",
            "count": 178,
            "created_time": "2024-11-17T17:25:00.770156Z",
            "yes_price": 1,
            "no_price": 99,
            "taker_side": "yes"
        },
        {
            "trade_id": "6e55c383-5800-4df2-9c30-6fcafe700816",
            "ticker": "KXHIGHNY-24NOV17-B60.5",
            "count": 150,
            "created_time": "2024-11-17T17:25:00.770156Z",
            "yes_price": 2,
            "no_price": 98,
            "taker_side": "yes"
        },
        {
            "trade_id": "488f174c-8901-48be-b2a3-0ccafd676f35",
            "ticker": "KXHIGHNY-24NOV17-B60.5",
            "count": 1,
            "created_time": "2024-11-17T17:25:00.770156Z",
            "yes_price": 2,
            "no_price": 98,
            "taker_side": "yes"
        },
        {
            "trade_id": "3b1ed7fa-7f20-4486-8acf-7a78a3e3f8db",
            "ticker": "KXHIGHNY-24NOV17-B60.5",
            "count": 386,
            "created_time": "2024-11-17T17:25:00.770156Z",
            "yes_price": 2,
            "no_price": 98,
            "taker_side": "yes"
        },
        {
            "trade_id": "6697ccb9-e70f-4aaa-9b6a-5f187da0d955",
            "ticker": "KXHIGHNY-24NOV17-B60.5",
            "count": 2,
            "created_time": "2024-11-17T17:22:15.222447Z",
            "yes_price": 2,
            "no_price": 98,
            "taker_side": "yes"
        },
        {
            "trade_id": "853c4010-98d8-4b0a-a5a8-8057ae1c3741",
            "ticker": "KXHIGHNY-24NOV17-B60.5",
            "count": 1,
            "created_time": "2024-11-17T17:22:14.495578Z",
            "yes_price": 1,
            "no_price": 99,
            "taker_side": "yes"
        },
        {
            "trade_id": "603c3d8d-edca-4cf6-9beb-763a3d82c650",
            "ticker": "KXHIGHNY-24NOV17-B60.5",
            "count": 1,
            "created_time": "2024-11-17T17:22:14.495578Z",
            "yes_price": 1,
            "no_price": 99,
            "taker_side": "yes"
        },
        {
            "trade_id": "2ae25af8-6699-4117-833f-c2b8eb254395",
            "ticker": "KXHIGHNY-24NOV17-B60.5",
            "count": 43,
            "created_time": "2024-11-17T17:22:14.495578Z",
            "yes_price": 2,
            "no_price": 98,
            "taker_side": "yes"
        },
        {
            "trade_id": "12ee754d-3031-4e47-80fd-87930ee216e8",
            "ticker": "KXHIGHNY-24NOV17-B60.5",
            "count": 3,
            "created_time": "2024-11-17T17:22:14.495578Z",
            "yes_price": 1,
            "no_price": 99,
            "taker_side": "yes"
        },
        {
            "trade_id": "0a611f25-010b-40f7-be19-3cbeced16683",
            "ticker": "KXHIGHNY-24NOV17-B60.5",
            "count": 1,
            "created_time": "2024-11-17T17:22:14.495578Z",
            "yes_price": 1,
            "no_price": 99,
            "taker_side": "yes"
        },
        {
            "trade_id": "02ddf1a8-e0a3-4c3b-903e-e3582ba38c6b",
            "ticker": "KXHIGHNY-24NOV17-B60.5",
            "count": 1,
            "created_time": "2024-11-17T17:22:14.495578Z",
            "yes_price": 1,
            "no_price": 99,
            "taker_side": "yes"
        },
        {
            "trade_id": "48cbcf53-ee85-4394-9c47-25d14d172b14",
            "ticker": "KXHIGHNY-24NOV17-B60.5",
            "count": 165,
            "created_time": "2024-11-17T17:14:55.430894Z",
            "yes_price": 1,
            "no_price": 99,
            "taker_side": "yes"
        },
        {
            "trade_id": "62a9db72-44ea-4969-9ec0-66c88cb330a3",
            "ticker": "KXHIGHNY-24NOV17-B60.5",
            "count": 212,
            "created_time": "2024-11-17T17:14:17.074162Z",
            "yes_price": 1,
            "no_price": 99,
            "taker_side": "yes"
        },
        {
            "trade_id": "0df4bc98-d198-4a3c-91fa-23ce9ed73c06",
            "ticker": "KXHIGHNY-24NOV17-B60.5",
            "count": 788,
            "created_time": "2024-11-17T17:14:17.074162Z",
            "yes_price": 1,
            "no_price": 99,
            "taker_side": "yes"
        },
        {
            "trade_id": "00ce0697-a790-4237-b2b6-67150377513c",
            "ticker": "KXHIGHNY-24NOV17-B60.5",
            "count": 12,
            "created_time": "2024-11-17T16:47:58.482692Z",
            "yes_price": 1,
            "no_price": 99,
            "taker_side": "no"
        },
        {
            "trade_id": "5607862b-a529-4750-8cb7-86a2b233988b",
            "ticker": "KXHIGHNY-24NOV17-B60.5",
            "count": 100,
            "created_time": "2024-11-17T16:47:38.31381Z",
            "yes_price": 1,
            "no_price": 99,
            "taker_side": "no"
        },
        {
            "trade_id": "ec78e3db-8069-433f-b3a9-28bda393fd2b",
            "ticker": "KXHIGHNY-24NOV17-B60.5",
            "count": 69,
            "created_time": "2024-11-17T16:47:33.097897Z",
            "yes_price": 1,
            "no_price": 99,
            "taker_side": "no"
        },
        {
            "trade_id": "c7866450-5b1c-423e-af38-8ed8957a216f",
            "ticker": "KXHIGHNY-24NOV17-B60.5",
            "count": 50,
            "created_time": "2024-11-17T16:44:44.869587Z",
            "yes_price": 1,
            "no_price": 99,
            "taker_side": "no"
        },
        {
            "trade_id": "646fcf82-9f48-45f1-845c-306101cc8560",
            "ticker": "KXHIGHNY-24NOV17-B60.5",
            "count": 191,
            "created_time": "2024-11-17T16:43:57.937064Z",
            "yes_price": 1,
            "no_price": 99,
            "taker_side": "no"
        },
        {
            "trade_id": "3b4142b0-2523-4977-a2cc-57c373d0010e",
            "ticker": "KXHIGHNY-24NOV17-B60.5",
            "count": 769,
            "created_time": "2024-11-17T16:43:57.937064Z",
            "yes_price": 1,
            "no_price": 99,
            "taker_side": "no"
        },
        {
            "trade_id": "0e88b26b-8313-49c9-a9d3-212b37e0489d",
            "ticker": "KXHIGHNY-24NOV17-B60.5",
            "count": 6,
            "created_time": "2024-11-17T16:40:56.356524Z",
            "yes_price": 1,
            "no_price": 99,
            "taker_side": "no"
        },
        {
            "trade_id": "f1e2e821-9bcd-41a4-a969-c48350509925",
            "ticker": "KXHIGHNY-24NOV17-B60.5",
            "count": 20,
            "created_time": "2024-11-17T16:38:29.495267Z",
            "yes_price": 1,
            "no_price": 99,
            "taker_side": "no"
        },
        {
            "trade_id": "635f6b30-4964-4083-a57b-17ad616bb33f",
            "ticker": "KXHIGHNY-24NOV17-B60.5",
            "count": 13,
            "created_time": "2024-11-17T16:37:36.282187Z",
            "yes_price": 1,
            "no_price": 99,
            "taker_side": "no"
        },
        {
            "trade_id": "a757c36c-bfc9-4a8d-a9b8-51af44eddbf5",
            "ticker": "KXHIGHNY-24NOV17-B60.5",
            "count": 13,
            "created_time": "2024-11-17T16:36:35.923064Z",
            "yes_price": 1,
            "no_price": 99,
            "taker_side": "no"
        },
        {
            "trade_id": "aab09a56-d7bb-4590-a1e6-adfe173a7870",
            "ticker": "KXHIGHNY-24NOV17-B60.5",
            "count": 1,
            "created_time": "2024-11-17T16:33:17.890966Z",
            "yes_price": 1,
            "no_price": 99,
            "taker_side": "no"
        },
        {
            "trade_id": "da7c40fa-9b86-4bb1-be70-1989a91a62b8",
            "ticker": "KXHIGHNY-24NOV17-B60.5",
            "count": 15,
            "created_time": "2024-11-17T16:26:35.983825Z",
            "yes_price": 1,
            "no_price": 99,
            "taker_side": "no"
        },
        {
            "trade_id": "6790bfbd-f480-4272-839d-fbff976450ac",
            "ticker": "KXHIGHNY-24NOV17-B60.5",
            "count": 16,
            "created_time": "2024-11-17T16:25:29.402973Z",
            "yes_price": 1,
            "no_price": 99,
            "taker_side": "no"
        },
        {
            "trade_id": "efb693cc-e671-4103-8a2e-63344b0c8d4f",
            "ticker": "KXHIGHNY-24NOV17-B60.5",
            "count": 25,
            "created_time": "2024-11-17T16:22:48.691945Z",
            "yes_price": 1,
            "no_price": 99,
            "taker_side": "no"
        },
        {
            "trade_id": "78806162-4ae7-416c-8bd4-a0b49899ac6d",
            "ticker": "KXHIGHNY-24NOV17-B60.5",
            "count": 200,
            "created_time": "2024-11-17T16:22:01.303525Z",
            "yes_price": 1,
            "no_price": 99,
            "taker_side": "no"
        },
        {
            "trade_id": "7e7bc66f-f7da-4f4e-9265-86556263ddef",
            "ticker": "KXHIGHNY-24NOV17-B60.5",
            "count": 5,
            "created_time": "2024-11-17T16:21:35.967192Z",
            "yes_price": 2,
            "no_price": 98,
            "taker_side": "no"
        },
        {
            "trade_id": "f7a76da3-f9bb-4b3f-9be0-a771f3ae673f",
            "ticker": "KXHIGHNY-24NOV17-B60.5",
            "count": 1,
            "created_time": "2024-11-17T16:20:03.096061Z",
            "yes_price": 4,
            "no_price": 96,
            "taker_side": "yes"
        },
        {
            "trade_id": "c912fb16-a6d9-4e70-a4a2-5787050c14f3",
            "ticker": "KXHIGHNY-24NOV17-B60.5",
            "count": 1,
            "created_time": "2024-11-17T16:20:03.096061Z",
            "yes_price": 4,
            "no_price": 96,
            "taker_side": "yes"
        },
        {
            "trade_id": "85e5c3cb-edd9-432e-a488-e0aba53737e0",
            "ticker": "KXHIGHNY-24NOV17-B60.5",
            "count": 1,
            "created_time": "2024-11-17T16:20:03.096061Z",
            "yes_price": 4,
            "no_price": 96,
            "taker_side": "yes"
        },
        {
            "trade_id": "4de8fff1-ce3a-410c-b3e3-a7ae51ea8938",
            "ticker": "KXHIGHNY-24NOV17-B60.5",
            "count": 12,
            "created_time": "2024-11-17T16:20:03.096061Z",
            "yes_price": 3,
            "no_price": 97,
            "taker_side": "yes"
        },
        {
            "trade_id": "197ed2a0-c2bc-44ca-a1a6-225c66fcbd82",
            "ticker": "KXHIGHNY-24NOV17-B60.5",
            "count": 46,
            "created_time": "2024-11-17T16:20:03.096061Z",
            "yes_price": 5,
            "no_price": 95,
            "taker_side": "yes"
        },
        {
            "trade_id": "ef25a8bb-124d-4e0e-a8a0-5d492660fa46",
            "ticker": "KXHIGHNY-24NOV17-B60.5",
            "count": 10,
            "created_time": "2024-11-17T16:19:15.980838Z",
            "yes_price": 3,
            "no_price": 97,
            "taker_side": "yes"
        },
        {
            "trade_id": "1870b6e2-c91d-4f0c-8fbd-4da258d94c5e",
            "ticker": "KXHIGHNY-24NOV17-B60.5",
            "count": 100,
            "created_time": "2024-11-17T16:14:46.122977Z",
            "yes_price": 1,
            "no_price": 99,
            "taker_side": "no"
        },
        {
            "trade_id": "1286c994-b7d5-4b96-ba15-881649bc2cd9",
            "ticker": "KXHIGHNY-24NOV17-B60.5",
            "count": 790,
            "created_time": "2024-11-17T16:09:57.934213Z",
            "yes_price": 2,
            "no_price": 98,
            "taker_side": "yes"
        },
        {
            "trade_id": "296ba8d1-adfb-4e4e-96a2-a3aaa0a59e11",
            "ticker": "KXHIGHNY-24NOV17-B60.5",
            "count": 467,
            "created_time": "2024-11-17T16:09:11.206878Z",
            "yes_price": 2,
            "no_price": 98,
            "taker_side": "yes"
        },
        {
            "trade_id": "a8305221-04ca-448a-b02e-850c9eb1731f",
            "ticker": "KXHIGHNY-24NOV17-B60.5",
            "count": 116,
            "created_time": "2024-11-17T16:01:48.229359Z",
            "yes_price": 2,
            "no_price": 98,
            "taker_side": "yes"
        },
        {
            "trade_id": "fe46ec08-4648-4069-b2b7-4cf02966bd9f",
            "ticker": "KXHIGHNY-24NOV17-B60.5",
            "count": 960,
            "created_time": "2024-11-17T16:00:25.213417Z",
            "yes_price": 2,
            "no_price": 98,
            "taker_side": "yes"
        },
        {
            "trade_id": "dc20bc6b-c71d-4aaf-87ba-35beabeb24fd",
            "ticker": "KXHIGHNY-24NOV17-B60.5",
            "count": 811,
            "created_time": "2024-11-17T16:00:25.213417Z",
            "yes_price": 1,
            "no_price": 99,
            "taker_side": "yes"
        },
        {
            "trade_id": "4b1faba1-605e-4cef-898a-acc145f1d3f6",
            "ticker": "KXHIGHNY-24NOV17-B60.5",
            "count": 100,
            "created_time": "2024-11-17T16:00:25.213417Z",
            "yes_price": 2,
            "no_price": 98,
            "taker_side": "yes"
        },
        {
            "trade_id": "9a905898-639b-4f29-a048-f8932663a3b4",
            "ticker": "KXHIGHNY-24NOV17-B60.5",
            "count": 1,
            "created_time": "2024-11-17T15:59:48.626569Z",
            "yes_price": 1,
            "no_price": 99,
            "taker_side": "yes"
        },
        {
            "trade_id": "fde6055b-759d-49b5-ad84-b23622723881",
            "ticker": "KXHIGHNY-24NOV17-B60.5",
            "count": 785,
            "created_time": "2024-11-17T15:45:10.295528Z",
            "yes_price": 1,
            "no_price": 99,
            "taker_side": "no"
        },
        {
            "trade_id": "88cd17c3-e05f-4b55-a2bc-a4df5d70f635",
            "ticker": "KXHIGHNY-24NOV17-B60.5",
            "count": 269,
            "created_time": "2024-11-17T15:45:05.997779Z",
            "yes_price": 1,
            "no_price": 99,
            "taker_side": "no"
        },
        {
            "trade_id": "5269fcb7-fb46-4d2b-b4ae-e642a75d0817",
            "ticker": "KXHIGHNY-24NOV17-B60.5",
            "count": 3,
            "created_time": "2024-11-17T15:43:04.761835Z",
            "yes_price": 1,
            "no_price": 99,
            "taker_side": "no"
        },
        {
            "trade_id": "3701684c-5c64-43c0-a6ab-c19357e2526f",
            "ticker": "KXHIGHNY-24NOV17-B60.5",
            "count": 50,
            "created_time": "2024-11-17T15:42:54.353684Z",
            "yes_price": 1,
            "no_price": 99,
            "taker_side": "no"
        },
        {
            "trade_id": "d184583b-d3b1-4325-a28d-662dd728d374",
            "ticker": "KXHIGHNY-24NOV17-B60.5",
            "count": 1568,
            "created_time": "2024-11-17T15:41:16.462447Z",
            "yes_price": 1,
            "no_price": 99,
            "taker_side": "no"
        },
        {
            "trade_id": "7319556b-691c-42d6-8808-3cbb5c36fe40",
            "ticker": "KXHIGHNY-24NOV17-B60.5",
            "count": 57,
            "created_time": "2024-11-17T15:38:01.779622Z",
            "yes_price": 1,
            "no_price": 99,
            "taker_side": "no"
        },
        {
            "trade_id": "5849df66-8bd2-49f7-94d4-35c6cdae25ca",
            "ticker": "KXHIGHNY-24NOV17-B60.5",
            "count": 832,
            "created_time": "2024-11-17T15:38:01.779622Z",
            "yes_price": 1,
            "no_price": 99,
            "taker_side": "no"
        },
        {
            "trade_id": "453a12b3-c914-4148-810f-6dc924db4a7c",
            "ticker": "KXHIGHNY-24NOV17-B60.5",
            "count": 365,
            "created_time": "2024-11-17T15:38:01.779622Z",
            "yes_price": 1,
            "no_price": 99,
            "taker_side": "no"
        },
        {
            "trade_id": "1ec84907-04af-4240-bb59-260d54f6c266",
            "ticker": "KXHIGHNY-24NOV17-B60.5",
            "count": 10,
            "created_time": "2024-11-17T15:38:01.779622Z",
            "yes_price": 1,
            "no_price": 99,
            "taker_side": "no"
        },
        {
            "trade_id": "e2c9958e-ff00-4187-92b8-55ee7cdcb5dd",
            "ticker": "KXHIGHNY-24NOV17-B60.5",
            "count": 143,
            "created_time": "2024-11-17T15:35:37.948102Z",
            "yes_price": 1,
            "no_price": 99,
            "taker_side": "no"
        },
        {
            "trade_id": "93e84e46-8818-420b-a51c-fc9a659fc499",
            "ticker": "KXHIGHNY-24NOV17-B60.5",
            "count": 57,
            "created_time": "2024-11-17T15:34:22.642157Z",
            "yes_price": 1,
            "no_price": 99,
            "taker_side": "no"
        },
        {
            "trade_id": "f72f0112-5dff-4927-a6ff-62cc882ac288",
            "ticker": "KXHIGHNY-24NOV17-B60.5",
            "count": 31,
            "created_time": "2024-11-17T15:33:51.066613Z",
            "yes_price": 1,
            "no_price": 99,
            "taker_side": "no"
        },
        {
            "trade_id": "1852da09-8f1f-4158-9e21-245ea91cbb18",
            "ticker": "KXHIGHNY-24NOV17-B60.5",
            "count": 10,
            "created_time": "2024-11-17T15:32:17.261884Z",
            "yes_price": 1,
            "no_price": 99,
            "taker_side": "no"
        },
        {
            "trade_id": "2eb5be2a-fe58-4fbf-998f-2aa612689ef7",
            "ticker": "KXHIGHNY-24NOV17-B60.5",
            "count": 157,
            "created_time": "2024-11-17T15:31:47.341198Z",
            "yes_price": 1,
            "no_price": 99,
            "taker_side": "no"
        },
        {
            "trade_id": "9c050090-4982-408c-9e46-f04313a5ac7f",
            "ticker": "KXHIGHNY-24NOV17-B60.5",
            "count": 10,
            "created_time": "2024-11-17T15:31:47.109706Z",
            "yes_price": 1,
            "no_price": 99,
            "taker_side": "no"
        },
        {
            "trade_id": "15b42fd8-24fc-447d-8779-588948cbb96b",
            "ticker": "KXHIGHNY-24NOV17-B60.5",
            "count": 10,
            "created_time": "2024-11-17T15:31:31.571706Z",
            "yes_price": 1,
            "no_price": 99,
            "taker_side": "no"
        },
        {
            "trade_id": "9c7725a0-d53e-4cd1-b4d6-c06170af54d0",
            "ticker": "KXHIGHNY-24NOV17-B60.5",
            "count": 368,
            "created_time": "2024-11-17T15:24:16.847783Z",
            "yes_price": 1,
            "no_price": 99,
            "taker_side": "no"
        },
        {
            "trade_id": "f2984e3e-99bf-46fd-ad15-fc82384b4bae",
            "ticker": "KXHIGHNY-24NOV17-B60.5",
            "count": 419,
            "created_time": "2024-11-17T15:11:14.487387Z",
            "yes_price": 3,
            "no_price": 97,
            "taker_side": "yes"
        },
        {
            "trade_id": "cc2e319a-e774-47a5-b4a0-1e212625fa4a",
            "ticker": "KXHIGHNY-24NOV17-B60.5",
            "count": 20,
            "created_time": "2024-11-17T15:10:13.651488Z",
            "yes_price": 1,
            "no_price": 99,
            "taker_side": "no"
        },
        {
            "trade_id": "72fdff0d-64af-4079-ae89-dc181f3666c6",
            "ticker": "KXHIGHNY-24NOV17-B60.5",
            "count": 64,
            "created_time": "2024-11-17T15:04:51.077469Z",
            "yes_price": 2,
            "no_price": 98,
            "taker_side": "yes"
        },
        {
            "trade_id": "50eed40a-5bd3-4bd9-86f6-da7f6a01fa3a",
            "ticker": "KXHIGHNY-24NOV17-B60.5",
            "count": 102,
            "created_time": "2024-11-17T15:02:40.044707Z",
            "yes_price": 2,
            "no_price": 98,
            "taker_side": "yes"
        },
        {
            "trade_id": "4fb405b5-4c9b-4336-8517-898cb6e500c7",
            "ticker": "KXHIGHNY-24NOV17-B60.5",
            "count": 122,
            "created_time": "2024-11-17T15:02:11.519377Z",
            "yes_price": 2,
            "no_price": 98,
            "taker_side": "yes"
        },
        {
            "trade_id": "d29ed724-dd72-4246-b2ff-0b425f1e1aba",
            "ticker": "KXHIGHNY-24NOV17-B60.5",
            "count": 111,
            "created_time": "2024-11-17T15:00:39.266113Z",
            "yes_price": 2,
            "no_price": 98,
            "taker_side": "no"
        },
        {
            "trade_id": "6a12ad24-21be-42e2-8788-acd812627225",
            "ticker": "KXHIGHNY-24NOV17-B60.5",
            "count": 17,
            "created_time": "2024-11-17T15:00:02.59904Z",
            "yes_price": 2,
            "no_price": 98,
            "taker_side": "no"
        },
        {
            "trade_id": "b8a7d431-6466-4296-bf45-1a30cc291719",
            "ticker": "KXHIGHNY-24NOV17-B60.5",
            "count": 76,
            "created_time": "2024-11-17T14:58:14.09893Z",
            "yes_price": 2,
            "no_price": 98,
            "taker_side": "no"
        },
        {
            "trade_id": "43befeef-2f81-4fa9-9cb8-f2c83724a7fa",
            "ticker": "KXHIGHNY-24NOV17-B60.5",
            "count": 10,
            "created_time": "2024-11-17T14:55:41.871249Z",
            "yes_price": 2,
            "no_price": 98,
            "taker_side": "no"
        },
        {
            "trade_id": "9b5687f4-cbf2-4921-bfd8-df5f4c64ebbd",
            "ticker": "KXHIGHNY-24NOV17-B60.5",
            "count": 100,
            "created_time": "2024-11-17T14:55:21.679886Z",
            "yes_price": 2,
            "no_price": 98,
            "taker_side": "no"
        },
        {
            "trade_id": "3569ade0-cae5-4604-98c7-e0407f03a14f",
            "ticker": "KXHIGHNY-24NOV17-B60.5",
            "count": 129,
            "created_time": "2024-11-17T14:51:13.595078Z",
            "yes_price": 1,
            "no_price": 99,
            "taker_side": "no"
        },
        {
            "trade_id": "8b166de9-0cdc-412e-a2f9-af3141b32a4e",
            "ticker": "KXHIGHNY-24NOV17-B60.5",
            "count": 300,
            "created_time": "2024-11-17T14:50:50.715998Z",
            "yes_price": 1,
            "no_price": 99,
            "taker_side": "no"
        },
        {
            "trade_id": "f75722ea-4177-48a3-a37d-26418b98e72f",
            "ticker": "KXHIGHNY-24NOV17-B60.5",
            "count": 154,
            "created_time": "2024-11-17T14:50:39.764246Z",
            "yes_price": 2,
            "no_price": 98,
            "taker_side": "no"
        },
        {
            "trade_id": "f4314d7a-78ed-4ad6-9fe1-151a72c01028",
            "ticker": "KXHIGHNY-24NOV17-B60.5",
            "count": 1000,
            "created_time": "2024-11-17T14:50:39.764246Z",
            "yes_price": 2,
            "no_price": 98,
            "taker_side": "no"
        },
        {
            "trade_id": "eb7c3077-da69-45ce-81d8-11a98ed7ddbf",
            "ticker": "KXHIGHNY-24NOV17-B60.5",
            "count": 200,
            "created_time": "2024-11-17T14:48:17.907973Z",
            "yes_price": 2,
            "no_price": 98,
            "taker_side": "no"
        },
        {
            "trade_id": "a65b7996-a851-45d9-98bf-a1fb81e9ce6c",
            "ticker": "KXHIGHNY-24NOV17-B60.5",
            "count": 100,
            "created_time": "2024-11-17T14:47:28.434917Z",
            "yes_price": 3,
            "no_price": 97,
            "taker_side": "no"
        },
        {
            "trade_id": "22566dc8-07da-49c9-b6ec-c854afa41961",
            "ticker": "KXHIGHNY-24NOV17-B60.5",
            "count": 16,
            "created_time": "2024-11-17T14:47:28.434917Z",
            "yes_price": 3,
            "no_price": 97,
            "taker_side": "no"
        },
        {
            "trade_id": "898bc5e7-463e-461e-9dd5-7665eef0339d",
            "ticker": "KXHIGHNY-24NOV17-B60.5",
            "count": 57,
            "created_time": "2024-11-17T14:46:22.574774Z",
            "yes_price": 3,
            "no_price": 97,
            "taker_side": "no"
        },
        {
            "trade_id": "634ce199-3729-47b3-91af-0ca74709b58e",
            "ticker": "KXHIGHNY-24NOV17-B60.5",
            "count": 25,
            "created_time": "2024-11-17T14:46:04.435048Z",
            "yes_price": 3,
            "no_price": 97,
            "taker_side": "no"
        },
        {
            "trade_id": "c91a146d-36fa-4941-8eb1-d81dd28e2755",
            "ticker": "KXHIGHNY-24NOV17-B60.5",
            "count": 2,
            "created_time": "2024-11-17T14:43:30.258005Z",
            "yes_price": 3,
            "no_price": 97,
            "taker_side": "no"
        },
        {
            "trade_id": "a35eaa2c-0722-4990-94e0-eaae802b2389",
            "ticker": "KXHIGHNY-24NOV17-B60.5",
            "count": 24,
            "created_time": "2024-11-17T14:42:27.122367Z",
            "yes_price": 3,
            "no_price": 97,
            "taker_side": "no"
        },
        {
            "trade_id": "6fa6d356-e876-464b-9cb3-cdd84c8e92bd",
            "ticker": "KXHIGHNY-24NOV17-B60.5",
            "count": 36,
            "created_time": "2024-11-17T14:42:27.122367Z",
            "yes_price": 3,
            "no_price": 97,
            "taker_side": "no"
        },
        {
            "trade_id": "879a419b-f16e-4ebe-b6b1-92f46172700f",
            "ticker": "KXHIGHNY-24NOV17-B60.5",
            "count": 5,
            "created_time": "2024-11-17T14:42:19.331088Z",
            "yes_price": 3,
            "no_price": 97,
            "taker_side": "no"
        },
        {
            "trade_id": "330c8912-c32d-4051-ae5c-9f6163d845fd",
            "ticker": "KXHIGHNY-24NOV17-B60.5",
            "count": 104,
            "created_time": "2024-11-17T14:42:09.280609Z",
            "yes_price": 3,
            "no_price": 97,
            "taker_side": "no"
        },
        {
            "trade_id": "3c230c12-4011-42b1-a272-25e3747a6a89",
            "ticker": "KXHIGHNY-24NOV17-B60.5",
            "count": 602,
            "created_time": "2024-11-17T14:39:40.646284Z",
            "yes_price": 3,
            "no_price": 97,
            "taker_side": "no"
        },
        {
            "trade_id": "2eed7b4f-ff2f-42a8-93a7-62e9bc702128",
            "ticker": "KXHIGHNY-24NOV17-B60.5",
            "count": 26,
            "created_time": "2024-11-17T14:30:06.30957Z",
            "yes_price": 3,
            "no_price": 97,
            "taker_side": "no"
        },
        {
            "trade_id": "b2826693-2e19-4807-8815-dfbf9d73f908",
            "ticker": "KXHIGHNY-24NOV17-B60.5",
            "count": 15,
            "created_time": "2024-11-17T14:25:51.435417Z",
            "yes_price": 6,
            "no_price": 94,
            "taker_side": "yes"
        },
        {
            "trade_id": "8d7904b3-fb7e-4e2f-adaa-56dc63a9df93",
            "ticker": "KXHIGHNY-24NOV17-B60.5",
            "count": 53,
            "created_time": "2024-11-17T14:25:37.953509Z",
            "yes_price": 3,
            "no_price": 97,
            "taker_side": "no"
        },
        {
            "trade_id": "53d428b1-58e5-42b0-a9ed-b0c5ea3afb98",
            "ticker": "KXHIGHNY-24NOV17-B60.5",
            "count": 46,
            "created_time": "2024-11-17T14:25:37.18867Z",
            "yes_price": 6,
            "no_price": 94,
            "taker_side": "yes"
        },
        {
            "trade_id": "4a3e3af0-73bb-4e66-8512-b92727d67d04",
            "ticker": "KXHIGHNY-24NOV17-B60.5",
            "count": 13,
            "created_time": "2024-11-17T14:22:43.698235Z",
            "yes_price": 3,
            "no_price": 97,
            "taker_side": "no"
        },
        {
            "trade_id": "4b177ccf-715d-4eaf-8193-3152b9df8687",
            "ticker": "KXHIGHNY-24NOV17-B60.5",
            "count": 632,
            "created_time": "2024-11-17T14:19:58.852525Z",
            "yes_price": 6,
            "no_price": 94,
            "taker_side": "yes"
        },
        {
            "trade_id": "e42fdf33-3298-4bc7-8ce9-b7864498e019",
            "ticker": "KXHIGHNY-24NOV17-B60.5",
            "count": 55,
            "created_time": "2024-11-17T14:19:23.987908Z",
            "yes_price": 3,
            "no_price": 97,
            "taker_side": "no"
        },
        {
            "trade_id": "d0459a13-d050-44da-bdda-904013ecbcb2",
            "ticker": "KXHIGHNY-24NOV17-B60.5",
            "count": 33,
            "created_time": "2024-11-17T14:17:48.981439Z",
            "yes_price": 3,
            "no_price": 97,
            "taker_side": "no"
        },
        {
            "trade_id": "33bccb76-138e-4401-bc17-1e75d4d88fcc",
            "ticker": "KXHIGHNY-24NOV17-B60.5",
            "count": 28,
            "created_time": "2024-11-17T14:16:43.715118Z",
            "yes_price": 3,
            "no_price": 97,
            "taker_side": "no"
        },
        {
            "trade_id": "5dbc7db7-3b48-4040-863c-40fda92f0fa9",
            "ticker": "KXHIGHNY-24NOV17-B60.5",
            "count": 78,
            "created_time": "2024-11-17T14:15:43.409462Z",
            "yes_price": 6,
            "no_price": 94,
            "taker_side": "yes"
        },
        {
            "trade_id": "7981cfd6-3b4a-4400-87bb-e749a5d7e20a",
            "ticker": "KXHIGHNY-24NOV17-B60.5",
            "count": 15,
            "created_time": "2024-11-17T14:15:36.906799Z",
            "yes_price": 6,
            "no_price": 94,
            "taker_side": "yes"
        },
        {
            "trade_id": "cac2089a-1915-4ecb-8734-4f655908d436",
            "ticker": "KXHIGHNY-24NOV17-B60.5",
            "count": 46,
            "created_time": "2024-11-17T14:14:05.127147Z",
            "yes_price": 6,
            "no_price": 94,
            "taker_side": "yes"
        },
        {
            "trade_id": "1e5ffe2a-59f7-40ae-b3cd-8c8a83e2f1a2",
            "ticker": "KXHIGHNY-24NOV17-B60.5",
            "count": 40,
            "created_time": "2024-11-17T14:11:48.320798Z",
            "yes_price": 4,
            "no_price": 96,
            "taker_side": "no"
        },
        {
            "trade_id": "3039fb94-bc6b-45a6-b093-10ae194a2ddc",
            "ticker": "KXHIGHNY-24NOV17-B60.5",
            "count": 25,
            "created_time": "2024-11-17T14:10:06.929178Z",
            "yes_price": 3,
            "no_price": 97,
            "taker_side": "no"
        },
        {
            "trade_id": "941a02f2-ebee-4692-97d4-3e8c265b29ff",
            "ticker": "KXHIGHNY-24NOV17-B60.5",
            "count": 2,
            "created_time": "2024-11-17T14:09:16.873201Z",
            "yes_price": 3,
            "no_price": 97,
            "taker_side": "no"
        },
        {
            "trade_id": "fbf162c2-1f4c-4513-9162-1a8671d1f9ab",
            "ticker": "KXHIGHNY-24NOV17-B60.5",
            "count": 50,
            "created_time": "2024-11-17T14:08:28.542444Z",
            "yes_price": 3,
            "no_price": 97,
            "taker_side": "no"
        },
        {
            "trade_id": "ef28ab89-75e6-4de3-ba1b-b50d66012806",
            "ticker": "KXHIGHNY-24NOV17-B60.5",
            "count": 32,
            "created_time": "2024-11-17T14:08:28.542444Z",
            "yes_price": 3,
            "no_price": 97,
            "taker_side": "no"
        },
        {
            "trade_id": "c7f6024c-f5ea-4df5-8957-e2a8e6c2d83d",
            "ticker": "KXHIGHNY-24NOV17-B60.5",
            "count": 18,
            "created_time": "2024-11-17T14:08:28.542444Z",
            "yes_price": 3,
            "no_price": 97,
            "taker_side": "no"
        },
        {
            "trade_id": "40de67f0-da5a-49f1-8a41-2223a044fb1b",
            "ticker": "KXHIGHNY-24NOV17-B60.5",
            "count": 86,
            "created_time": "2024-11-17T14:07:37.520461Z",
            "yes_price": 3,
            "no_price": 97,
            "taker_side": "no"
        },
        {
            "trade_id": "ec80f384-38b6-47d8-a1e8-228af4d72ee1",
            "ticker": "KXHIGHNY-24NOV17-B60.5",
            "count": 14,
            "created_time": "2024-11-17T14:07:29.482962Z",
            "yes_price": 4,
            "no_price": 96,
            "taker_side": "no"
        },
        {
            "trade_id": "d3fcee24-273b-4060-9f3d-a53bc1d31794",
            "ticker": "KXHIGHNY-24NOV17-B60.5",
            "count": 71,
            "created_time": "2024-11-17T14:07:24.134834Z",
            "yes_price": 4,
            "no_price": 96,
            "taker_side": "no"
        },
        {
            "trade_id": "f81b7512-514a-427a-8d04-0b9db1b1cb84",
            "ticker": "KXHIGHNY-24NOV17-B60.5",
            "count": 61,
            "created_time": "2024-11-17T14:06:57.614897Z",
            "yes_price": 4,
            "no_price": 96,
            "taker_side": "no"
        },
        {
            "trade_id": "b7f2c2cf-f2b0-4dd9-b7bf-8cf8c7a0778d",
            "ticker": "KXHIGHNY-24NOV17-B60.5",
            "count": 39,
            "created_time": "2024-11-17T14:06:57.614897Z",
            "yes_price": 4,
            "no_price": 96,
            "taker_side": "no"
        },
        {
            "trade_id": "3deb9357-56c1-4fdb-9530-53fb4f670d4e",
            "ticker": "KXHIGHNY-24NOV17-B60.5",
            "count": 5,
            "created_time": "2024-11-17T14:01:06.716281Z",
            "yes_price": 4,
            "no_price": 96,
            "taker_side": "no"
        },
        {
            "trade_id": "d3290d14-378d-4ff2-9009-3f4cea6bd19d",
            "ticker": "KXHIGHNY-24NOV17-B60.5",
            "count": 40,
            "created_time": "2024-11-17T13:58:03.350981Z",
            "yes_price": 7,
            "no_price": 93,
            "taker_side": "yes"
        },
        {
            "trade_id": "c620b1b7-00ba-49f4-b0d4-21d2f3d0238b",
            "ticker": "KXHIGHNY-24NOV17-B60.5",
            "count": 87,
            "created_time": "2024-11-17T13:57:49.269616Z",
            "yes_price": 5,
            "no_price": 95,
            "taker_side": "no"
        },
        {
            "trade_id": "e04ae86f-609c-4f3a-a105-f78342695a91",
            "ticker": "KXHIGHNY-24NOV17-B60.5",
            "count": 79,
            "created_time": "2024-11-17T13:57:29.071926Z",
            "yes_price": 5,
            "no_price": 95,
            "taker_side": "no"
        },
        {
            "trade_id": "fa61352e-a868-4816-8b9b-f4ea821400a1",
            "ticker": "KXHIGHNY-24NOV17-B60.5",
            "count": 411,
            "created_time": "2024-11-17T13:56:42.438905Z",
            "yes_price": 5,
            "no_price": 95,
            "taker_side": "no"
        },
        {
            "trade_id": "ccfc5d85-2e6d-4e71-a629-b228daa35563",
            "ticker": "KXHIGHNY-24NOV17-B60.5",
            "count": 25,
            "created_time": "2024-11-17T13:56:26.624103Z",
            "yes_price": 5,
            "no_price": 95,
            "taker_side": "yes"
        },
        {
            "trade_id": "039357bd-8d51-4780-ac02-30e5cfdb3b13",
            "ticker": "KXHIGHNY-24NOV17-B60.5",
            "count": 34,
            "created_time": "2024-11-17T13:55:55.16173Z",
            "yes_price": 5,
            "no_price": 95,
            "taker_side": "no"
        },
        {
            "trade_id": "27ea8232-b850-4146-a5ae-3268ad1ae058",
            "ticker": "KXHIGHNY-24NOV17-B60.5",
            "count": 42,
            "created_time": "2024-11-17T13:55:49.193282Z",
            "yes_price": 5,
            "no_price": 95,
            "taker_side": "no"
        },
        {
            "trade_id": "7b058d14-4fab-4dc4-9cef-6bd73a42a054",
            "ticker": "KXHIGHNY-24NOV17-B60.5",
            "count": 11,
            "created_time": "2024-11-17T13:54:58.934838Z",
            "yes_price": 5,
            "no_price": 95,
            "taker_side": "no"
        },
        {
            "trade_id": "f4d30827-573a-4e60-b7c7-67250876e3a9",
            "ticker": "KXHIGHNY-24NOV17-B60.5",
            "count": 1,
            "created_time": "2024-11-17T13:53:56.222419Z",
            "yes_price": 5,
            "no_price": 95,
            "taker_side": "no"
        },
        {
            "trade_id": "4d9f1840-d4a8-4d5b-b9ad-32a7f095e465",
            "ticker": "KXHIGHNY-24NOV17-B60.5",
            "count": 11,
            "created_time": "2024-11-17T13:53:11.576753Z",
            "yes_price": 5,
            "no_price": 95,
            "taker_side": "no"
        },
        {
            "trade_id": "dab295e5-3f81-4225-a256-95ba13ed1937",
            "ticker": "KXHIGHNY-24NOV17-B60.5",
            "count": 1,
            "created_time": "2024-11-17T13:51:46.496898Z",
            "yes_price": 5,
            "no_price": 95,
            "taker_side": "no"
        },
        {
            "trade_id": "3a2765d7-20dc-4c84-b109-f8762414bbab",
            "ticker": "KXHIGHNY-24NOV17-B60.5",
            "count": 100,
            "created_time": "2024-11-17T13:49:07.339684Z",
            "yes_price": 7,
            "no_price": 93,
            "taker_side": "no"
        },
        {
            "trade_id": "db3fa514-4ad8-49ac-9364-2a4931722934",
            "ticker": "KXHIGHNY-24NOV17-B60.5",
            "count": 5,
            "created_time": "2024-11-17T13:48:22.532414Z",
            "yes_price": 4,
            "no_price": 96,
            "taker_side": "no"
        },
        {
            "trade_id": "9f001af1-4db4-41df-b06f-d5fd25d94f8b",
            "ticker": "KXHIGHNY-24NOV17-B60.5",
            "count": 117,
            "created_time": "2024-11-17T13:48:08.665987Z",
            "yes_price": 8,
            "no_price": 92,
            "taker_side": "yes"
        },
        {
            "trade_id": "f2562d6a-a8c5-4d74-9328-38c0e674d14a",
            "ticker": "KXHIGHNY-24NOV17-B60.5",
            "count": 29,
            "created_time": "2024-11-17T13:46:45.050321Z",
            "yes_price": 4,
            "no_price": 96,
            "taker_side": "no"
        },
        {
            "trade_id": "c56dc36f-4b76-4d09-a270-d60f2c4c6b93",
            "ticker": "KXHIGHNY-24NOV17-B60.5",
            "count": 500,
            "created_time": "2024-11-17T13:35:50.078507Z",
            "yes_price": 2,
            "no_price": 98,
            "taker_side": "no"
        },
        {
            "trade_id": "c1ce94e4-c59b-4174-af34-0719d2df65b7",
            "ticker": "KXHIGHNY-24NOV17-B60.5",
            "count": 48,
            "created_time": "2024-11-17T13:35:50.078507Z",
            "yes_price": 1,
            "no_price": 99,
            "taker_side": "no"
        },
        {
            "trade_id": "a19bee98-487b-4c18-ad0f-8f24cb974734",
            "ticker": "KXHIGHNY-24NOV17-B60.5",
            "count": 100,
            "created_time": "2024-11-17T13:35:50.078507Z",
            "yes_price": 4,
            "no_price": 96,
            "taker_side": "no"
        },
        {
            "trade_id": "82c696dd-6462-42ad-9209-0179cc8f3df2",
            "ticker": "KXHIGHNY-24NOV17-B60.5",
            "count": 43,
            "created_time": "2024-11-17T13:35:50.078507Z",
            "yes_price": 1,
            "no_price": 99,
            "taker_side": "no"
        },
        {
            "trade_id": "75e30934-37ab-435e-b1c8-7259ba7e64f4",
            "ticker": "KXHIGHNY-24NOV17-B60.5",
            "count": 109,
            "created_time": "2024-11-17T13:35:50.078507Z",
            "yes_price": 3,
            "no_price": 97,
            "taker_side": "no"
        },
        {
            "trade_id": "19be5bb1-b88f-4716-8638-f539a125ee87",
            "ticker": "KXHIGHNY-24NOV17-B60.5",
            "count": 1210,
            "created_time": "2024-11-17T13:35:50.078507Z",
            "yes_price": 1,
            "no_price": 99,
            "taker_side": "no"
        },
        {
            "trade_id": "05933024-9117-4bc8-b39a-e77401e49bd8",
            "ticker": "KXHIGHNY-24NOV17-B60.5",
            "count": 722,
            "created_time": "2024-11-17T13:35:50.078507Z",
            "yes_price": 2,
            "no_price": 98,
            "taker_side": "no"
        },
        {
            "trade_id": "bb1913fa-4ba8-4fdd-bba7-ae13bf73ce2f",
            "ticker": "KXHIGHNY-24NOV17-B60.5",
            "count": 53,
            "created_time": "2024-11-17T13:35:09.018893Z",
            "yes_price": 3,
            "no_price": 97,
            "taker_side": "no"
        },
        {
            "trade_id": "938722a1-4501-4f0e-bd2b-db2349118402",
            "ticker": "KXHIGHNY-24NOV17-B60.5",
            "count": 1,
            "created_time": "2024-11-17T13:30:06.627992Z",
            "yes_price": 3,
            "no_price": 97,
            "taker_side": "no"
        },
        {
            "trade_id": "dc844694-6eda-427b-b1e3-41a370300a68",
            "ticker": "KXHIGHNY-24NOV17-B60.5",
            "count": 248,
            "created_time": "2024-11-17T13:29:18.058397Z",
            "yes_price": 4,
            "no_price": 96,
            "taker_side": "no"
        },
        {
            "trade_id": "b8cb9257-8222-4732-add2-3711cca06c52",
            "ticker": "KXHIGHNY-24NOV17-B60.5",
            "count": 66,
            "created_time": "2024-11-17T13:29:18.058397Z",
            "yes_price": 3,
            "no_price": 97,
            "taker_side": "no"
        },
        {
            "trade_id": "81605192-9db2-4ec0-8ba5-faa005fda969",
            "ticker": "KXHIGHNY-24NOV17-B60.5",
            "count": 1,
            "created_time": "2024-11-17T13:25:47.40809Z",
            "yes_price": 3,
            "no_price": 97,
            "taker_side": "no"
        },
        {
            "trade_id": "7e0d09b0-fd07-479d-8b9e-ce3966b45e14",
            "ticker": "KXHIGHNY-24NOV17-B60.5",
            "count": 5,
            "created_time": "2024-11-17T13:25:47.40809Z",
            "yes_price": 3,
            "no_price": 97,
            "taker_side": "no"
        },
        {
            "trade_id": "538c8999-bee5-4451-8d97-659ae9251572",
            "ticker": "KXHIGHNY-24NOV17-B60.5",
            "count": 4,
            "created_time": "2024-11-17T13:25:47.40809Z",
            "yes_price": 4,
            "no_price": 96,
            "taker_side": "no"
        },
        {
            "trade_id": "76ad879d-09db-4e6f-8b9a-ac7dac56172c",
            "ticker": "KXHIGHNY-24NOV17-B60.5",
            "count": 10,
            "created_time": "2024-11-17T13:25:47.371677Z",
            "yes_price": 4,
            "no_price": 96,
            "taker_side": "no"
        },
        {
            "trade_id": "3c9234ee-681a-4da8-8266-c0f4fc8c7a2b",
            "ticker": "KXHIGHNY-24NOV17-B60.5",
            "count": 10,
            "created_time": "2024-11-17T13:25:47.343721Z",
            "yes_price": 4,
            "no_price": 96,
            "taker_side": "no"
        },
        {
            "trade_id": "77d1022a-96f9-47c0-a806-cc2342ec7ff6",
            "ticker": "KXHIGHNY-24NOV17-B60.5",
            "count": 21,
            "created_time": "2024-11-17T13:25:19.739155Z",
            "yes_price": 4,
            "no_price": 96,
            "taker_side": "no"
        },
        {
            "trade_id": "0a63df9d-885e-4449-ad9a-96e792485ccc",
            "ticker": "KXHIGHNY-24NOV17-B60.5",
            "count": 84,
            "created_time": "2024-11-17T13:25:19.739155Z",
            "yes_price": 6,
            "no_price": 94,
            "taker_side": "no"
        },
        {
            "trade_id": "65a3b94e-bb8b-49fc-94d2-217312f68f19",
            "ticker": "KXHIGHNY-24NOV17-B60.5",
            "count": 5,
            "created_time": "2024-11-17T13:21:20.434822Z",
            "yes_price": 4,
            "no_price": 96,
            "taker_side": "no"
        },
        {
            "trade_id": "de4bdf43-98ee-4cea-a696-71251dfeef23",
            "ticker": "KXHIGHNY-24NOV17-B60.5",
            "count": 184,
            "created_time": "2024-11-17T13:20:51.350339Z",
            "yes_price": 6,
            "no_price": 94,
            "taker_side": "no"
        },
        {
            "trade_id": "2a573660-1c99-4672-9e31-1eb93bf2677a",
            "ticker": "KXHIGHNY-24NOV17-B60.5",
            "count": 8,
            "created_time": "2024-11-17T13:19:10.814115Z",
            "yes_price": 5,
            "no_price": 95,
            "taker_side": "no"
        },
        {
            "trade_id": "c21b4a82-688d-45e2-a2c5-f15027bee849",
            "ticker": "KXHIGHNY-24NOV17-B60.5",
            "count": 1,
            "created_time": "2024-11-17T13:15:51.072564Z",
            "yes_price": 9,
            "no_price": 91,
            "taker_side": "yes"
        },
        {
            "trade_id": "a06977e1-bc83-469b-8c94-7eb62998ba82",
            "ticker": "KXHIGHNY-24NOV17-B60.5",
            "count": 20,
            "created_time": "2024-11-17T13:14:52.661823Z",
            "yes_price": 9,
            "no_price": 91,
            "taker_side": "yes"
        },
        {
            "trade_id": "95480c0a-90aa-4414-ac13-f7357ede8d87",
            "ticker": "KXHIGHNY-24NOV17-B60.5",
            "count": 240,
            "created_time": "2024-11-17T13:14:38.776316Z",
            "yes_price": 8,
            "no_price": 92,
            "taker_side": "yes"
        },
        {
            "trade_id": "3087d1bb-daf5-4ad6-a9ab-985dbfec9681",
            "ticker": "KXHIGHNY-24NOV17-B60.5",
            "count": 5,
            "created_time": "2024-11-17T13:14:38.776316Z",
            "yes_price": 7,
            "no_price": 93,
            "taker_side": "yes"
        },
        {
            "trade_id": "c41eba92-20ff-40ce-9d53-d9bb7929bcd5",
            "ticker": "KXHIGHNY-24NOV17-B60.5",
            "count": 100,
            "created_time": "2024-11-17T13:10:28.50308Z",
            "yes_price": 7,
            "no_price": 93,
            "taker_side": "yes"
        },
        {
            "trade_id": "3d787dee-56c5-4453-b447-e342f50e0295",
            "ticker": "KXHIGHNY-24NOV17-B60.5",
            "count": 230,
            "created_time": "2024-11-17T13:10:28.50308Z",
            "yes_price": 9,
            "no_price": 91,
            "taker_side": "yes"
        },
        {
            "trade_id": "38c3151c-8d13-47e4-b022-c10954665be4",
            "ticker": "KXHIGHNY-24NOV17-B60.5",
            "count": 240,
            "created_time": "2024-11-17T13:10:28.50308Z",
            "yes_price": 8,
            "no_price": 92,
            "taker_side": "yes"
        },
        {
            "trade_id": "35c1d4d8-f6d9-4760-91df-ed5a60ace5a9",
            "ticker": "KXHIGHNY-24NOV17-B60.5",
            "count": 47,
            "created_time": "2024-11-17T13:09:27.286074Z",
            "yes_price": 3,
            "no_price": 97,
            "taker_side": "no"
        },
        {
            "trade_id": "71d7b3ba-2a40-4aa1-8dfc-8c40b3d2c479",
            "ticker": "KXHIGHNY-24NOV17-B60.5",
            "count": 240,
            "created_time": "2024-11-17T13:05:27.443687Z",
            "yes_price": 9,
            "no_price": 91,
            "taker_side": "yes"
        },
        {
            "trade_id": "319c5340-6cbd-49c7-8ffe-3b70d41035e3",
            "ticker": "KXHIGHNY-24NOV17-B60.5",
            "count": 240,
            "created_time": "2024-11-17T13:05:27.443687Z",
            "yes_price": 8,
            "no_price": 92,
            "taker_side": "yes"
        },
        {
            "trade_id": "56c32a23-a84f-46ad-91d3-c15e5a2656e8",
            "ticker": "KXHIGHNY-24NOV17-B60.5",
            "count": 3,
            "created_time": "2024-11-17T13:04:35.034717Z",
            "yes_price": 3,
            "no_price": 97,
            "taker_side": "no"
        },
        {
            "trade_id": "4ccfe201-a59d-4f0a-84e9-691558440be1",
            "ticker": "KXHIGHNY-24NOV17-B60.5",
            "count": 15,
            "created_time": "2024-11-17T13:04:29.796227Z",
            "yes_price": 3,
            "no_price": 97,
            "taker_side": "no"
        },
        {
            "trade_id": "add5c13b-0880-4231-9394-2d1a593ca5c9",
            "ticker": "KXHIGHNY-24NOV17-B60.5",
            "count": 42,
            "created_time": "2024-11-17T13:03:35.761065Z",
            "yes_price": 11,
            "no_price": 89,
            "taker_side": "yes"
        },
        {
            "trade_id": "fb77226d-23e5-4198-94ba-26ac0668d231",
            "ticker": "KXHIGHNY-24NOV17-B60.5",
            "count": 50,
            "created_time": "2024-11-17T13:01:54.025935Z",
            "yes_price": 13,
            "no_price": 87,
            "taker_side": "yes"
        },
        {
            "trade_id": "49f4bf4e-a5f8-4aef-b0b0-6532a38bfd7f",
            "ticker": "KXHIGHNY-24NOV17-B60.5",
            "count": 50,
            "created_time": "2024-11-17T13:01:54.025935Z",
            "yes_price": 12,
            "no_price": 88,
            "taker_side": "yes"
        },
        {
            "trade_id": "0454df4b-4c97-4213-9d3f-f413381edc77",
            "ticker": "KXHIGHNY-24NOV17-B60.5",
            "count": 22,
            "created_time": "2024-11-17T13:01:34.300923Z",
            "yes_price": 11,
            "no_price": 89,
            "taker_side": "no"
        },
        {
            "trade_id": "b90a6a96-d8cd-4d5b-95ba-87176b5de246",
            "ticker": "KXHIGHNY-24NOV17-B60.5",
            "count": 78,
            "created_time": "2024-11-17T13:01:04.132423Z",
            "yes_price": 11,
            "no_price": 89,
            "taker_side": "no"
        },
        {
            "trade_id": "7610a12f-fb4d-4050-b07e-d2c7f2e0c7bb",
            "ticker": "KXHIGHNY-24NOV17-B60.5",
            "count": 60,
            "created_time": "2024-11-17T13:00:57.17695Z",
            "yes_price": 12,
            "no_price": 88,
            "taker_side": "yes"
        },
        {
            "trade_id": "396df393-0c07-40b2-b720-8aec60dc6654",
            "ticker": "KXHIGHNY-24NOV17-B60.5",
            "count": 157,
            "created_time": "2024-11-17T13:00:57.17695Z",
            "yes_price": 11,
            "no_price": 89,
            "taker_side": "yes"
        },
        {
            "trade_id": "b47453f4-510d-46d7-b932-1e27d450743f",
            "ticker": "KXHIGHNY-24NOV17-B60.5",
            "count": 83,
            "created_time": "2024-11-17T13:00:48.148844Z",
            "yes_price": 11,
            "no_price": 89,
            "taker_side": "yes"
        },
        {
            "trade_id": "9465e33a-dc3e-4f3e-92fe-6fc34c9a8493",
            "ticker": "KXHIGHNY-24NOV17-B60.5",
            "count": 185,
            "created_time": "2024-11-17T13:00:48.148844Z",
            "yes_price": 10,
            "no_price": 90,
            "taker_side": "yes"
        },
        {
            "trade_id": "7a01571e-b214-43b8-b57f-bf4ce1495353",
            "ticker": "KXHIGHNY-24NOV17-B60.5",
            "count": 100,
            "created_time": "2024-11-17T13:00:48.148844Z",
            "yes_price": 10,
            "no_price": 90,
            "taker_side": "yes"
        },
        {
            "trade_id": "f174719c-f248-420c-a5a7-e7a44a01baae",
            "ticker": "KXHIGHNY-24NOV17-B60.5",
            "count": 51,
            "created_time": "2024-11-17T13:00:32.524356Z",
            "yes_price": 9,
            "no_price": 91,
            "taker_side": "yes"
        },
        {
