{
    "HIGHNY-24SEP17-T74": [
        {
            "trade_id": "49046f50-73bd-4886-9d7d-1cd1e7ada3f9",
            "ticker": "HIGHNY-24SEP17-T74",
            "count": 50,
            "created_time": "2024-09-16T15:58:56.592857Z",
            "yes_price": 1,
            "no_price": 99,
            "taker_side": "no"
        }
    ],
    "HIGHNY-24SEP17-B74.5": [
        {
            "trade_id": "c8bdeea3-a196-4cc9-bd36-ee52e8834bf7",
            "ticker": "HIGHNY-24SEP17-B74.5",
            "count": 50,
            "created_time": "2024-09-17T12:19:45.548279Z",
            "yes_price": 1,
            "no_price": 99,
            "taker_side": "no"
        },
        {
            "trade_id": "7bb4ce2f-1a60-41c4-8172-ce4e23fffc45",
            "ticker": "HIGHNY-24SEP17-B74.5",
            "count": 10,
            "created_time": "2024-09-17T01:37:03.873208Z",
            "yes_price": 2,
            "no_price": 98,
            "taker_side": "no"
        }
    ],
    "HIGHNY-24SEP17-B76.5": [
        {
            "trade_id": "ab5ded91-94fa-42ef-898a-23cfbfcb1646",
            "ticker": "HIGHNY-24SEP17-B76.5",
            "count": 1233,
            "created_time": "2024-09-17T21:06:01.343492Z",
            "yes_price": 1,
            "no_price": 99,
            "taker_side": "yes"
        },
        {
            "trade_id": "5fc2de62-8c75-4c99-8d68-723d63226f4c",
            "ticker": "HIGHNY-24SEP17-B76.5",
            "count": 48,
            "created_time": "2024-09-17T17:57:24.605552Z",
            "yes_price": 1,
            "no_price": 99,
            "taker_side": "no"
        },
        {
            "trade_id": "67d04504-e0ca-4166-a826-523f71f3a873",
            "ticker": "HIGHNY-24SEP17-B76.5",
            "count": 2,
            "created_time": "2024-09-17T16:56:30.586003Z",
            "yes_price": 1,
            "no_price": 99,
            "taker_side": "no"
        },
        {
            "trade_id": "25a40577-8305-424f-a5f0-a52a053455c5",
            "ticker": "HIGHNY-24SEP17-B76.5",
            "count": 50,
            "created_time": "2024-09-17T14:32:42.117111Z",
            "yes_price": 20,
            "no_price": 80,
            "taker_side": "no"
        },
        {
            "trade_id": "83261d71-2111-4c21-b419-1a22070e7b06",
            "ticker": "HIGHNY-24SEP17-B76.5",
            "count": 2,
            "created_time": "2024-09-17T14:32:42.098846Z",
            "yes_price": 21,
            "no_price": 79,
            "taker_side": "no"
        },
        {
            "trade_id": "dcabf425-ab93-4fd7-947b-c9181ee7da26",
            "ticker": "HIGHNY-24SEP17-B76.5",
            "count": 196,
            "created_time": "2024-09-17T14:00:22.273193Z",
            "yes_price": 39,
            "no_price": 61,
            "taker_side": "no"
        },
        {
            "trade_id": "9c853860-5e43-4904-9b22-ead55f2c7baf",
            "ticker": "HIGHNY-24SEP17-B76.5",
            "count": 98,
            "created_time": "2024-09-17T14:00:22.273193Z",
            "yes_price": 42,
            "no_price": 58,
            "taker_side": "no"
        },
        {
            "trade_id": "88011541-150d-4e62-afda-4577a102ad97",
            "ticker": "HIGHNY-24SEP17-B76.5",
            "count": 1,
            "created_time": "2024-09-17T14:00:22.273193Z",
            "yes_price": 44,
            "no_price": 56,
            "taker_side": "no"
        },
        {
            "trade_id": "1b9a5c9f-89df-4999-9066-f08e8e9facd0",
            "ticker": "HIGHNY-24SEP17-B76.5",
            "count": 80,
            "created_time": "2024-09-17T14:00:22.273193Z",
            "yes_price": 44,
            "no_price": 56,
            "taker_side": "no"
        },
        {
            "trade_id": "012dfc8b-0c1a-44fe-9300-1d97772da969",
            "ticker": "HIGHNY-24SEP17-B76.5",
            "count": 200,
            "created_time": "2024-09-17T14:00:22.273193Z",
            "yes_price": 41,
            "no_price": 59,
            "taker_side": "no"
        },
        {
            "trade_id": "d80f66d6-a35c-4527-b263-7b13caca42bf",
            "ticker": "HIGHNY-24SEP17-B76.5",
            "count": 200,
            "created_time": "2024-09-17T13:54:01.669492Z",
            "yes_price": 44,
            "no_price": 56,
            "taker_side": "yes"
        },
        {
            "trade_id": "a76683d9-7b27-4004-a080-2bc3cbe7343d",
            "ticker": "HIGHNY-24SEP17-B76.5",
            "count": 100,
            "created_time": "2024-09-17T13:54:01.669492Z",
            "yes_price": 40,
            "no_price": 60,
            "taker_side": "yes"
        },
        {
            "trade_id": "6cd1120f-2cd6-42d5-858d-c4eb67570ad0",
            "ticker": "HIGHNY-24SEP17-B76.5",
            "count": 200,
            "created_time": "2024-09-17T13:54:01.669492Z",
            "yes_price": 46,
            "no_price": 54,
            "taker_side": "yes"
        },
        {
            "trade_id": "6383ff77-a1ec-469e-b2d6-ceb34de0d168",
            "ticker": "HIGHNY-24SEP17-B76.5",
            "count": 100,
            "created_time": "2024-09-17T13:54:01.669492Z",
            "yes_price": 41,
            "no_price": 59,
            "taker_side": "yes"
        },
        {
            "trade_id": "6163eef1-2521-4d55-9bad-3c9d88d8de19",
            "ticker": "HIGHNY-24SEP17-B76.5",
            "count": 2,
            "created_time": "2024-09-17T13:48:01.41753Z",
            "yes_price": 38,
            "no_price": 62,
            "taker_side": "no"
        },
        {
            "trade_id": "4f52423c-5ab3-4486-acb7-03802b4e11c9",
            "ticker": "HIGHNY-24SEP17-B76.5",
            "count": 1,
            "created_time": "2024-09-17T13:48:01.41753Z",
            "yes_price": 38,
            "no_price": 62,
            "taker_side": "no"
        },
        {
            "trade_id": "08648af6-34d8-47be-bf03-516ff0e0cde7",
            "ticker": "HIGHNY-24SEP17-B76.5",
            "count": 40,
            "created_time": "2024-09-17T13:48:01.41753Z",
            "yes_price": 33,
            "no_price": 67,
            "taker_side": "no"
        },
        {
            "trade_id": "d7ec7877-e2fd-4e10-bee9-2c34c7c074cb",
            "ticker": "HIGHNY-24SEP17-B76.5",
            "count": 1,
            "created_time": "2024-09-17T13:00:07.431686Z",
            "yes_price": 46,
            "no_price": 54,
            "taker_side": "yes"
        },
        {
            "trade_id": "937ddbf2-0702-48e5-adfe-d9d0a7a47c0d",
            "ticker": "HIGHNY-24SEP17-B76.5",
            "count": 171,
            "created_time": "2024-09-17T13:00:07.431686Z",
            "yes_price": 48,
            "no_price": 52,
            "taker_side": "yes"
        },
        {
            "trade_id": "75474633-8b66-4ee1-bf8a-6acf787a34da",
            "ticker": "HIGHNY-24SEP17-B76.5",
            "count": 20,
            "created_time": "2024-09-17T13:00:07.431686Z",
            "yes_price": 45,
            "no_price": 55,
            "taker_side": "yes"
        },
        {
            "trade_id": "ad542a8f-f763-4029-98be-e1d6f6ada26c",
            "ticker": "HIGHNY-24SEP17-B76.5",
            "count": 100,
            "created_time": "2024-09-17T12:19:45.41003Z",
            "yes_price": 43,
            "no_price": 57,
            "taker_side": "yes"
        },
        {
            "trade_id": "aa2d317b-b8d9-4aeb-b514-ffe5e7745f99",
            "ticker": "HIGHNY-24SEP17-B76.5",
            "count": 50,
            "created_time": "2024-09-17T12:19:45.41003Z",
            "yes_price": 42,
            "no_price": 58,
            "taker_side": "yes"
        },
        {
            "trade_id": "57050aab-03b6-4146-a9ac-827cb2eac262",
            "ticker": "HIGHNY-24SEP17-B76.5",
            "count": 1,
            "created_time": "2024-09-17T12:19:45.41003Z",
            "yes_price": 42,
            "no_price": 58,
            "taker_side": "yes"
        },
        {
            "trade_id": "468e0425-433e-4d09-86a1-ee0a44f37216",
            "ticker": "HIGHNY-24SEP17-B76.5",
            "count": 186,
            "created_time": "2024-09-17T12:19:45.41003Z",
            "yes_price": 45,
            "no_price": 55,
            "taker_side": "yes"
        },
        {
            "trade_id": "422728c7-a48e-4fc1-b5d0-8c900810239c",
            "ticker": "HIGHNY-24SEP17-B76.5",
            "count": 100,
            "created_time": "2024-09-17T12:19:45.41003Z",
            "yes_price": 44,
            "no_price": 56,
            "taker_side": "yes"
        },
        {
            "trade_id": "742553f4-a93a-4a00-823c-097497f73f9e",
            "ticker": "HIGHNY-24SEP17-B76.5",
            "count": 100,
            "created_time": "2024-09-17T12:00:21.7441Z",
            "yes_price": 36,
            "no_price": 64,
            "taker_side": "yes"
        },
        {
            "trade_id": "c169014d-6425-4d18-bb85-6424ec6fea7d",
            "ticker": "HIGHNY-24SEP17-B76.5",
            "count": 12,
            "created_time": "2024-09-17T12:00:21.720597Z",
            "yes_price": 29,
            "no_price": 71,
            "taker_side": "yes"
        },
        {
            "trade_id": "877a7c03-9425-42c3-acb1-8d15afa14d2c",
            "ticker": "HIGHNY-24SEP17-B76.5",
            "count": 140,
            "created_time": "2024-09-17T03:02:18.404374Z",
            "yes_price": 24,
            "no_price": 76,
            "taker_side": "no"
        },
        {
            "trade_id": "73ed899c-bdcc-457d-86be-2b9d05f0184f",
            "ticker": "HIGHNY-24SEP17-B76.5",
            "count": 1,
            "created_time": "2024-09-17T03:00:04.723316Z",
            "yes_price": 25,
            "no_price": 75,
            "taker_side": "yes"
        },
        {
            "trade_id": "90c57a80-3266-406f-91dd-f5a012948308",
            "ticker": "HIGHNY-24SEP17-B76.5",
            "count": 20,
            "created_time": "2024-09-17T02:56:36.289168Z",
            "yes_price": 24,
            "no_price": 76,
            "taker_side": "no"
        },
        {
            "trade_id": "512677de-cc4b-4b0d-bffe-1d445152cd50",
            "ticker": "HIGHNY-24SEP17-B76.5",
            "count": 120,
            "created_time": "2024-09-17T02:13:09.119965Z",
            "yes_price": 24,
            "no_price": 76,
            "taker_side": "yes"
        },
        {
            "trade_id": "0327f9cc-6d9b-4003-9914-e22eef5cbf07",
            "ticker": "HIGHNY-24SEP17-B76.5",
            "count": 20,
            "created_time": "2024-09-17T02:11:41.202645Z",
            "yes_price": 22,
            "no_price": 78,
            "taker_side": "no"
        },
        {
            "trade_id": "03839684-6c75-452a-92ab-f6c9f8ed42c2",
            "ticker": "HIGHNY-24SEP17-B76.5",
            "count": 100,
            "created_time": "2024-09-17T02:10:25.465164Z",
            "yes_price": 22,
            "no_price": 78,
            "taker_side": "yes"
        },
        {
            "trade_id": "09ab1038-cbc7-4adb-b0bf-4b5bc3e3580a",
            "ticker": "HIGHNY-24SEP17-B76.5",
            "count": 35,
            "created_time": "2024-09-17T01:11:55.226847Z",
            "yes_price": 20,
            "no_price": 80,
            "taker_side": "no"
        },
        {
            "trade_id": "7e7e14f7-392e-4404-89aa-d4557e1fa2f9",
            "ticker": "HIGHNY-24SEP17-B76.5",
            "count": 200,
            "created_time": "2024-09-17T00:40:38.755098Z",
            "yes_price": 20,
            "no_price": 80,
            "taker_side": "no"
        },
        {
            "trade_id": "b68d000c-9dbe-4bbd-830f-4c1f20d01f7e",
            "ticker": "HIGHNY-24SEP17-B76.5",
            "count": 52,
            "created_time": "2024-09-17T00:40:38.734671Z",
            "yes_price": 22,
            "no_price": 78,
            "taker_side": "no"
        },
        {
            "trade_id": "a91235f4-9233-4d14-b624-d3360ae3324a",
            "ticker": "HIGHNY-24SEP17-B76.5",
            "count": 2,
            "created_time": "2024-09-17T00:40:38.734671Z",
            "yes_price": 21,
            "no_price": 79,
            "taker_side": "no"
        },
        {
            "trade_id": "63a83285-795c-4f23-9b10-60a64bb7f6d0",
            "ticker": "HIGHNY-24SEP17-B76.5",
            "count": 65,
            "created_time": "2024-09-17T00:40:38.734671Z",
            "yes_price": 20,
            "no_price": 80,
            "taker_side": "no"
        },
        {
            "trade_id": "18aaf452-0a99-4bda-99ff-f57a2b2fddc9",
            "ticker": "HIGHNY-24SEP17-B76.5",
            "count": 1,
            "created_time": "2024-09-17T00:40:38.734671Z",
            "yes_price": 22,
            "no_price": 78,
            "taker_side": "no"
        },
        {
            "trade_id": "7cbf6bb9-6cd0-4b64-9b7a-042415d5f7fc",
            "ticker": "HIGHNY-24SEP17-B76.5",
            "count": 198,
            "created_time": "2024-09-17T00:40:38.713923Z",
            "yes_price": 22,
            "no_price": 78,
            "taker_side": "no"
        },
        {
            "trade_id": "7be47854-a6f8-4066-b668-9005f2431441",
            "ticker": "HIGHNY-24SEP17-B76.5",
            "count": 2,
            "created_time": "2024-09-17T00:40:38.713923Z",
            "yes_price": 23,
            "no_price": 77,
            "taker_side": "no"
        },
        {
            "trade_id": "f9ff5a93-969f-449c-a532-b8274cf9fabb",
            "ticker": "HIGHNY-24SEP17-B76.5",
            "count": 20,
            "created_time": "2024-09-17T00:23:40.834484Z",
            "yes_price": 32,
            "no_price": 68,
            "taker_side": "no"
        },
        {
            "trade_id": "f27df98e-b26b-451e-acee-bdfd6784f759",
            "ticker": "HIGHNY-24SEP17-B76.5",
            "count": 1,
            "created_time": "2024-09-17T00:23:40.834484Z",
            "yes_price": 32,
            "no_price": 68,
            "taker_side": "no"
        },
        {
            "trade_id": "b97f9021-008a-4202-9667-be41e52b3c8c",
            "ticker": "HIGHNY-24SEP17-B76.5",
            "count": 200,
            "created_time": "2024-09-17T00:23:40.834484Z",
            "yes_price": 30,
            "no_price": 70,
            "taker_side": "no"
        },
        {
            "trade_id": "594ec76d-a10f-4b2a-bddc-0e56e2583cda",
            "ticker": "HIGHNY-24SEP17-B76.5",
            "count": 297,
            "created_time": "2024-09-17T00:23:40.834484Z",
            "yes_price": 29,
            "no_price": 71,
            "taker_side": "no"
        },
        {
            "trade_id": "bb076b4f-a60e-4b3e-a014-3bdd33d3f13e",
            "ticker": "HIGHNY-24SEP17-B76.5",
            "count": 3,
            "created_time": "2024-09-16T22:13:03.241751Z",
            "yes_price": 34,
            "no_price": 66,
            "taker_side": "no"
        },
        {
            "trade_id": "5f123fe8-9e36-4196-a5f2-01b8e99519a5",
            "ticker": "HIGHNY-24SEP17-B76.5",
            "count": 100,
            "created_time": "2024-09-16T22:13:03.241751Z",
            "yes_price": 33,
            "no_price": 67,
            "taker_side": "no"
        },
        {
            "trade_id": "504f231f-1674-41f1-b5bb-d32184a076e8",
            "ticker": "HIGHNY-24SEP17-B76.5",
            "count": 4,
            "created_time": "2024-09-16T22:13:03.241751Z",
            "yes_price": 36,
            "no_price": 64,
            "taker_side": "no"
        },
        {
            "trade_id": "40ae29b3-2ced-4190-8f10-3bb8eb856c69",
            "ticker": "HIGHNY-24SEP17-B76.5",
            "count": 40,
            "created_time": "2024-09-16T22:13:03.241751Z",
            "yes_price": 35,
            "no_price": 65,
            "taker_side": "no"
        },
        {
            "trade_id": "11e0a624-2acc-4ba5-99f0-7551032585e0",
            "ticker": "HIGHNY-24SEP17-B76.5",
            "count": 10,
            "created_time": "2024-09-16T21:36:35.273165Z",
            "yes_price": 37,
            "no_price": 63,
            "taker_side": "yes"
        },
        {
            "trade_id": "49612e56-9cd8-4c89-8efb-792d15e3425d",
            "ticker": "HIGHNY-24SEP17-B76.5",
            "count": 120,
            "created_time": "2024-09-16T21:08:01.233869Z",
            "yes_price": 29,
            "no_price": 71,
            "taker_side": "no"
        },
        {
            "trade_id": "d958e5e0-4eff-4f01-9ab6-1525937e66b0",
            "ticker": "HIGHNY-24SEP17-B76.5",
            "count": 100,
            "created_time": "2024-09-16T21:07:50.819551Z",
            "yes_price": 28,
            "no_price": 72,
            "taker_side": "no"
        },
        {
            "trade_id": "945155ee-3a70-4306-83c8-92ffcb55e8db",
            "ticker": "HIGHNY-24SEP17-B76.5",
            "count": 1,
            "created_time": "2024-09-16T21:07:46.946643Z",
            "yes_price": 28,
            "no_price": 72,
            "taker_side": "yes"
        },
        {
            "trade_id": "27434212-8186-4793-a3c5-97adedd82d5b",
            "ticker": "HIGHNY-24SEP17-B76.5",
            "count": 120,
            "created_time": "2024-09-16T21:07:41.123197Z",
            "yes_price": 27,
            "no_price": 73,
            "taker_side": "no"
        },
        {
            "trade_id": "76bf5fc8-9e76-4a40-bfd8-fcebd4b133f8",
            "ticker": "HIGHNY-24SEP17-B76.5",
            "count": 120,
            "created_time": "2024-09-16T21:07:30.89395Z",
            "yes_price": 26,
            "no_price": 74,
            "taker_side": "no"
        },
        {
            "trade_id": "6a3097c2-f67f-47e9-b2b0-0dced20d33f9",
            "ticker": "HIGHNY-24SEP17-B76.5",
            "count": 40,
            "created_time": "2024-09-16T21:07:15.68377Z",
            "yes_price": 25,
            "no_price": 75,
            "taker_side": "yes"
        },
        {
            "trade_id": "eba9297e-cf14-4a67-8f4f-2aa2f7841c2c",
            "ticker": "HIGHNY-24SEP17-B76.5",
            "count": 100,
            "created_time": "2024-09-16T19:50:47.558388Z",
            "yes_price": 21,
            "no_price": 79,
            "taker_side": "no"
        },
        {
            "trade_id": "e56f6db8-68af-4752-888d-3c592a0784be",
            "ticker": "HIGHNY-24SEP17-B76.5",
            "count": 1,
            "created_time": "2024-09-16T19:50:47.558388Z",
            "yes_price": 23,
            "no_price": 77,
            "taker_side": "no"
        },
        {
            "trade_id": "962945d1-a66d-48e1-ab22-2ab947df870b",
            "ticker": "HIGHNY-24SEP17-B76.5",
            "count": 21,
            "created_time": "2024-09-16T19:50:47.558388Z",
            "yes_price": 19,
            "no_price": 81,
            "taker_side": "no"
        },
        {
            "trade_id": "405bff96-5573-47e4-947e-94a5518ac2bb",
            "ticker": "HIGHNY-24SEP17-B76.5",
            "count": 1,
            "created_time": "2024-09-16T19:50:47.558388Z",
            "yes_price": 25,
            "no_price": 75,
            "taker_side": "no"
        },
        {
            "trade_id": "19a304d3-0af1-46e9-8c5e-ac268f456aab",
            "ticker": "HIGHNY-24SEP17-B76.5",
            "count": 1,
            "created_time": "2024-09-16T19:50:47.558388Z",
            "yes_price": 21,
            "no_price": 79,
            "taker_side": "no"
        },
        {
            "trade_id": "02bd908c-27c7-4bc7-9aae-017e2e52f47b",
            "ticker": "HIGHNY-24SEP17-B76.5",
            "count": 50,
            "created_time": "2024-09-16T17:11:58.065589Z",
            "yes_price": 42,
            "no_price": 58,
            "taker_side": "no"
        },
        {
            "trade_id": "d2f9fd06-574b-499f-bccb-376c63edc683",
            "ticker": "HIGHNY-24SEP17-B76.5",
            "count": 200,
            "created_time": "2024-09-16T17:11:30.052847Z",
            "yes_price": 42,
            "no_price": 58,
            "taker_side": "no"
        },
        {
            "trade_id": "93a46a02-19dc-45c1-b776-ff7e4e9f74b8",
            "ticker": "HIGHNY-24SEP17-B76.5",
            "count": 7,
            "created_time": "2024-09-16T17:11:30.052847Z",
            "yes_price": 41,
            "no_price": 59,
            "taker_side": "no"
        },
        {
            "trade_id": "8a3886dd-7119-4746-bba5-075c5ea96152",
            "ticker": "HIGHNY-24SEP17-B76.5",
            "count": 40,
            "created_time": "2024-09-16T17:11:30.052847Z",
            "yes_price": 45,
            "no_price": 55,
            "taker_side": "no"
        }
    ],
    "HIGHNY-24SEP17-B78.5": [
        {
            "trade_id": "584e05ab-1b51-435c-b60d-c5e8a7d7d521",
            "ticker": "HIGHNY-24SEP17-B78.5",
            "count": 244,
            "created_time": "2024-09-18T02:02:17.052418Z",
            "yes_price": 99,
            "no_price": 1,
            "taker_side": "no"
        },
        {
            "trade_id": "67cf00af-bb12-4ff7-83ba-29e9490d38dd",
            "ticker": "HIGHNY-24SEP17-B78.5",
            "count": 10,
            "created_time": "2024-09-18T02:00:22.687995Z",
            "yes_price": 99,
            "no_price": 1,
            "taker_side": "no"
        },
        {
            "trade_id": "f0b38689-6894-41a9-9c16-3aff4e1cbf16",
            "ticker": "HIGHNY-24SEP17-B78.5",
            "count": 41,
            "created_time": "2024-09-18T01:16:55.715693Z",
            "yes_price": 99,
            "no_price": 1,
            "taker_side": "no"
        },
        {
            "trade_id": "0e63b5cf-122c-4dfd-bba8-d7acc3920267",
            "ticker": "HIGHNY-24SEP17-B78.5",
            "count": 360,
            "created_time": "2024-09-17T23:32:53.52159Z",
            "yes_price": 99,
            "no_price": 1,
            "taker_side": "no"
        },
        {
            "trade_id": "9a648add-d071-449e-8aa0-079edff68f98",
            "ticker": "HIGHNY-24SEP17-B78.5",
            "count": 10,
            "created_time": "2024-09-17T21:21:46.724617Z",
            "yes_price": 90,
            "no_price": 10,
            "taker_side": "no"
        },
        {
            "trade_id": "998382f6-cc5b-4c9f-8a86-90c2b3faad26",
            "ticker": "HIGHNY-24SEP17-B78.5",
            "count": 9,
            "created_time": "2024-09-17T20:10:26.548721Z",
            "yes_price": 99,
            "no_price": 1,
            "taker_side": "yes"
        },
        {
            "trade_id": "9887c315-1b42-420d-9034-df1c046fba72",
            "ticker": "HIGHNY-24SEP17-B78.5",
            "count": 50,
            "created_time": "2024-09-17T20:10:26.548721Z",
            "yes_price": 99,
            "no_price": 1,
            "taker_side": "yes"
        },
        {
            "trade_id": "934efe80-7c94-4d20-9950-728493125c8d",
            "ticker": "HIGHNY-24SEP17-B78.5",
            "count": 25,
            "created_time": "2024-09-17T19:59:46.106249Z",
            "yes_price": 97,
            "no_price": 3,
            "taker_side": "yes"
        },
        {
            "trade_id": "4801d947-f7a2-44d6-a42b-4d5de8e3785d",
            "ticker": "HIGHNY-24SEP17-B78.5",
            "count": 1,
            "created_time": "2024-09-17T18:08:49.903499Z",
            "yes_price": 85,
            "no_price": 15,
            "taker_side": "yes"
        },
        {
            "trade_id": "96c37b23-c859-4087-8b82-f760c386906b",
            "ticker": "HIGHNY-24SEP17-B78.5",
            "count": 1,
            "created_time": "2024-09-17T18:06:27.278951Z",
            "yes_price": 85,
            "no_price": 15,
            "taker_side": "no"
        },
        {
            "trade_id": "177373de-c3c7-43ea-b5c4-77460305cc13",
            "ticker": "HIGHNY-24SEP17-B78.5",
            "count": 1,
            "created_time": "2024-09-17T18:06:17.356747Z",
            "yes_price": 85,
            "no_price": 15,
            "taker_side": "no"
        },
        {
            "trade_id": "b61d1dc9-5e0c-41ea-a796-6a5fab0e02f3",
            "ticker": "HIGHNY-24SEP17-B78.5",
            "count": 4,
            "created_time": "2024-09-17T18:06:13.277661Z",
            "yes_price": 85,
            "no_price": 15,
            "taker_side": "yes"
        },
        {
            "trade_id": "81ef894f-4494-4918-8380-5b0227992806",
            "ticker": "HIGHNY-24SEP17-B78.5",
            "count": 7,
            "created_time": "2024-09-17T18:06:01.928079Z",
            "yes_price": 85,
            "no_price": 15,
            "taker_side": "yes"
        },
        {
            "trade_id": "9f4f7736-2803-4d39-8001-1a7a4e5a4948",
            "ticker": "HIGHNY-24SEP17-B78.5",
            "count": 13,
            "created_time": "2024-09-17T18:05:54.023089Z",
            "yes_price": 85,
            "no_price": 15,
            "taker_side": "yes"
        },
        {
            "trade_id": "1911992c-a048-4a6b-8855-6b7280bd9971",
            "ticker": "HIGHNY-24SEP17-B78.5",
            "count": 23,
            "created_time": "2024-09-17T18:05:05.266627Z",
            "yes_price": 85,
            "no_price": 15,
            "taker_side": "yes"
        },
        {
            "trade_id": "16693539-4e13-4903-87be-4f3ac80b6404",
            "ticker": "HIGHNY-24SEP17-B78.5",
            "count": 1,
            "created_time": "2024-09-17T18:05:05.266627Z",
            "yes_price": 85,
            "no_price": 15,
            "taker_side": "yes"
        },
        {
            "trade_id": "b4734464-4db4-4428-8b63-769e1a06fb20",
            "ticker": "HIGHNY-24SEP17-B78.5",
            "count": 1,
            "created_time": "2024-09-17T15:56:40.151614Z",
            "yes_price": 64,
            "no_price": 36,
            "taker_side": "yes"
        },
        {
            "trade_id": "fe4f33b3-c156-468f-bd5d-3007edbff11d",
            "ticker": "HIGHNY-24SEP17-B78.5",
            "count": 4,
            "created_time": "2024-09-17T14:02:30.581563Z",
            "yes_price": 49,
            "no_price": 51,
            "taker_side": "yes"
        },
        {
            "trade_id": "c2c67788-0ffa-4fc2-89fa-fb6d113c6e29",
            "ticker": "HIGHNY-24SEP17-B78.5",
            "count": 1,
            "created_time": "2024-09-17T13:54:05.797719Z",
            "yes_price": 50,
            "no_price": 50,
            "taker_side": "no"
        },
        {
            "trade_id": "b38e10a3-aba9-4a89-be56-715a3a3332b7",
            "ticker": "HIGHNY-24SEP17-B78.5",
            "count": 88,
            "created_time": "2024-09-17T13:54:05.797719Z",
            "yes_price": 50,
            "no_price": 50,
            "taker_side": "no"
        },
        {
            "trade_id": "89b9dfaf-e9b0-40f0-91f4-0208921d10cf",
            "ticker": "HIGHNY-24SEP17-B78.5",
            "count": 40,
            "created_time": "2024-09-17T13:54:05.797719Z",
            "yes_price": 53,
            "no_price": 47,
            "taker_side": "no"
        },
        {
            "trade_id": "766be7c2-140e-4622-b316-6bf8294f980f",
            "ticker": "HIGHNY-24SEP17-B78.5",
            "count": 200,
            "created_time": "2024-09-17T13:54:05.797719Z",
            "yes_price": 50,
            "no_price": 50,
            "taker_side": "no"
        },
        {
            "trade_id": "e43811c9-87e7-44c5-a669-ca46755b1a16",
            "ticker": "HIGHNY-24SEP17-B78.5",
            "count": 1,
            "created_time": "2024-09-17T13:11:58.233637Z",
            "yes_price": 57,
            "no_price": 43,
            "taker_side": "yes"
        },
        {
            "trade_id": "d29245ff-d39c-4484-adac-9742b544e56d",
            "ticker": "HIGHNY-24SEP17-B78.5",
            "count": 90,
            "created_time": "2024-09-17T13:11:58.233637Z",
            "yes_price": 58,
            "no_price": 42,
            "taker_side": "yes"
        },
        {
            "trade_id": "ca41a74f-6878-4a30-9dc0-d1e3cd62afb9",
            "ticker": "HIGHNY-24SEP17-B78.5",
            "count": 80,
            "created_time": "2024-09-17T13:11:58.233637Z",
            "yes_price": 55,
            "no_price": 45,
            "taker_side": "yes"
        },
        {
            "trade_id": "20682f6a-aee6-4c7b-991f-dc76d6e105de",
            "ticker": "HIGHNY-24SEP17-B78.5",
            "count": 10,
            "created_time": "2024-09-17T13:10:49.59045Z",
            "yes_price": 55,
            "no_price": 45,
            "taker_side": "yes"
        },
        {
            "trade_id": "b374e324-09ad-4995-9ecc-6f8d57acd512",
            "ticker": "HIGHNY-24SEP17-B78.5",
            "count": 43,
            "created_time": "2024-09-17T13:00:46.517596Z",
            "yes_price": 59,
            "no_price": 41,
            "taker_side": "yes"
        },
        {
            "trade_id": "4e24d699-fb87-4ba4-ab18-0b4cac9bc946",
            "ticker": "HIGHNY-24SEP17-B78.5",
            "count": 1,
            "created_time": "2024-09-17T13:00:46.517596Z",
            "yes_price": 59,
            "no_price": 41,
            "taker_side": "yes"
        },
        {
            "trade_id": "0c22d96f-77e7-4b99-b353-110d9990dd4c",
            "ticker": "HIGHNY-24SEP17-B78.5",
            "count": 40,
            "created_time": "2024-09-17T13:00:46.517596Z",
            "yes_price": 56,
            "no_price": 44,
            "taker_side": "yes"
        },
        {
            "trade_id": "6588f3a5-6c2a-4f29-8265-2386aa69a441",
            "ticker": "HIGHNY-24SEP17-B78.5",
            "count": 1,
            "created_time": "2024-09-17T12:36:27.665543Z",
            "yes_price": 53,
            "no_price": 47,
            "taker_side": "no"
        },
        {
            "trade_id": "640eaa2a-5767-4543-a387-bd8c5a10977f",
            "ticker": "HIGHNY-24SEP17-B78.5",
            "count": 12,
            "created_time": "2024-09-17T12:36:27.665543Z",
            "yes_price": 50,
            "no_price": 50,
            "taker_side": "no"
        },
        {
            "trade_id": "2ec9f2a1-df36-4fe4-ae89-41f418a3eeff",
            "ticker": "HIGHNY-24SEP17-B78.5",
            "count": 50,
            "created_time": "2024-09-17T12:19:45.564412Z",
            "yes_price": 53,
            "no_price": 47,
            "taker_side": "no"
        },
        {
            "trade_id": "d654bdb5-9775-4e49-b4f7-9d233e53323c",
            "ticker": "HIGHNY-24SEP17-B78.5",
            "count": 6,
            "created_time": "2024-09-17T12:00:21.840007Z",
            "yes_price": 57,
            "no_price": 43,
            "taker_side": "no"
        },
        {
            "trade_id": "9bf0a396-33a5-42fe-8404-59cae256bbb8",
            "ticker": "HIGHNY-24SEP17-B78.5",
            "count": 80,
            "created_time": "2024-09-17T03:12:11.791756Z",
            "yes_price": 59,
            "no_price": 41,
            "taker_side": "yes"
        },
        {
            "trade_id": "4e87ab43-2a20-4abf-bcd9-3160ab64d7d1",
            "ticker": "HIGHNY-24SEP17-B78.5",
            "count": 200,
            "created_time": "2024-09-17T03:12:11.791756Z",
            "yes_price": 61,
            "no_price": 39,
            "taker_side": "yes"
        },
        {
            "trade_id": "eb83129e-fad7-4000-905b-91482965b760",
            "ticker": "HIGHNY-24SEP17-B78.5",
            "count": 59,
            "created_time": "2024-09-17T03:04:22.115827Z",
            "yes_price": 58,
            "no_price": 42,
            "taker_side": "yes"
        },
        {
            "trade_id": "75154fce-1d34-47a9-904a-eed5c0499068",
            "ticker": "HIGHNY-24SEP17-B78.5",
            "count": 60,
            "created_time": "2024-09-17T03:04:22.115827Z",
            "yes_price": 58,
            "no_price": 42,
            "taker_side": "yes"
        },
        {
            "trade_id": "1f42c98f-2631-4de5-aa7f-c488b72a8bdc",
            "ticker": "HIGHNY-24SEP17-B78.5",
            "count": 2,
            "created_time": "2024-09-17T03:04:22.115827Z",
            "yes_price": 57,
            "no_price": 43,
            "taker_side": "yes"
        },
        {
            "trade_id": "0e3e1637-279a-4152-b8b2-b02120bb313a",
            "ticker": "HIGHNY-24SEP17-B78.5",
            "count": 4,
            "created_time": "2024-09-17T03:04:22.115827Z",
            "yes_price": 57,
            "no_price": 43,
            "taker_side": "yes"
        },
        {
            "trade_id": "e4e69069-48db-4c24-a995-b31917b89c1d",
            "ticker": "HIGHNY-24SEP17-B78.5",
            "count": 41,
            "created_time": "2024-09-17T02:27:48.006696Z",
            "yes_price": 58,
            "no_price": 42,
            "taker_side": "yes"
        },
        {
            "trade_id": "d25e0be5-c5f9-4284-8175-6c8b24a81a7e",
            "ticker": "HIGHNY-24SEP17-B78.5",
            "count": 500,
            "created_time": "2024-09-17T02:11:33.27822Z",
            "yes_price": 57,
            "no_price": 43,
            "taker_side": "yes"
        },
        {
            "trade_id": "06454372-1c71-457b-9466-dade8ba8bf94",
            "ticker": "HIGHNY-24SEP17-B78.5",
            "count": 40,
            "created_time": "2024-09-17T01:56:34.622486Z",
            "yes_price": 51,
            "no_price": 49,
            "taker_side": "yes"
        },
        {
            "trade_id": "72ba628f-9f91-4aa5-9d17-0869af1c0ac9",
            "ticker": "HIGHNY-24SEP17-B78.5",
            "count": 40,
            "created_time": "2024-09-17T01:56:25.38626Z",
            "yes_price": 51,
            "no_price": 49,
            "taker_side": "no"
        },
        {
            "trade_id": "d19df17f-cfed-4118-905c-54084241a32e",
            "ticker": "HIGHNY-24SEP17-B78.5",
            "count": 39,
            "created_time": "2024-09-17T00:32:29.925953Z",
            "yes_price": 63,
            "no_price": 37,
            "taker_side": "yes"
        },
        {
            "trade_id": "c302b1c4-b162-4811-a3b4-3b2b049ff284",
            "ticker": "HIGHNY-24SEP17-B78.5",
            "count": 100,
            "created_time": "2024-09-17T00:32:29.925953Z",
            "yes_price": 63,
            "no_price": 37,
            "taker_side": "yes"
        },
        {
            "trade_id": "4ac5b333-609b-4da8-b284-076a3d6a53de",
            "ticker": "HIGHNY-24SEP17-B78.5",
            "count": 60,
            "created_time": "2024-09-17T00:27:36.657343Z",
            "yes_price": 57,
            "no_price": 43,
            "taker_side": "yes"
        },
        {
            "trade_id": "46edcffe-ab51-4801-96d0-f1fab2780667",
            "ticker": "HIGHNY-24SEP17-B78.5",
            "count": 6,
            "created_time": "2024-09-17T00:08:43.388045Z",
            "yes_price": 52,
            "no_price": 48,
            "taker_side": "no"
        },
        {
            "trade_id": "a8cf02e6-9203-4124-99a1-1ef33e419373",
            "ticker": "HIGHNY-24SEP17-B78.5",
            "count": 32,
            "created_time": "2024-09-16T23:54:46.600164Z",
            "yes_price": 55,
            "no_price": 45,
            "taker_side": "yes"
        },
        {
            "trade_id": "25453983-513e-40d2-97a2-7905c665c5d8",
            "ticker": "HIGHNY-24SEP17-B78.5",
            "count": 1,
            "created_time": "2024-09-16T23:54:46.600164Z",
            "yes_price": 54,
            "no_price": 46,
            "taker_side": "yes"
        },
        {
            "trade_id": "2137ec12-02b8-44b3-96a3-142ba9b635f0",
            "ticker": "HIGHNY-24SEP17-B78.5",
            "count": 1,
            "created_time": "2024-09-16T23:54:46.600164Z",
            "yes_price": 54,
            "no_price": 46,
            "taker_side": "yes"
        },
        {
            "trade_id": "12b5f013-c0fd-4efc-bbb8-ec62988ffa56",
            "ticker": "HIGHNY-24SEP17-B78.5",
            "count": 1,
            "created_time": "2024-09-16T23:54:46.600164Z",
            "yes_price": 53,
            "no_price": 47,
            "taker_side": "yes"
        },
        {
            "trade_id": "cf2f5b95-2ed3-4f6a-965c-d8374f904caf",
            "ticker": "HIGHNY-24SEP17-B78.5",
            "count": 4,
            "created_time": "2024-09-16T23:01:19.897339Z",
            "yes_price": 50,
            "no_price": 50,
            "taker_side": "yes"
        },
        {
            "trade_id": "67e81130-f349-41c9-abf6-312293a730c9",
            "ticker": "HIGHNY-24SEP17-B78.5",
            "count": 46,
            "created_time": "2024-09-16T23:01:19.897339Z",
            "yes_price": 51,
            "no_price": 49,
            "taker_side": "yes"
        },
        {
            "trade_id": "962797de-f271-4e4a-b2bf-280f12054853",
            "ticker": "HIGHNY-24SEP17-B78.5",
            "count": 20,
            "created_time": "2024-09-16T16:13:45.330553Z",
            "yes_price": 44,
            "no_price": 56,
            "taker_side": "yes"
        },
        {
            "trade_id": "23eaee2d-6ec4-46b1-a26b-336bc46635e7",
            "ticker": "HIGHNY-24SEP17-B78.5",
            "count": 31,
            "created_time": "2024-09-16T16:13:45.330553Z",
            "yes_price": 46,
            "no_price": 54,
            "taker_side": "yes"
        },
        {
            "trade_id": "c52855a6-67a4-4f2b-993b-a7b316cf9da4",
            "ticker": "HIGHNY-24SEP17-B78.5",
            "count": 2,
            "created_time": "2024-09-16T15:08:30.348222Z",
            "yes_price": 48,
            "no_price": 52,
            "taker_side": "no"
        }
    ],
    "HIGHNY-24SEP17-B80.5": [
        {
            "trade_id": "20debd95-ed9a-403a-8163-3cd5e5122419",
            "ticker": "HIGHNY-24SEP17-B80.5",
            "count": 50,
            "created_time": "2024-09-17T21:33:59.141535Z",
            "yes_price": 1,
            "no_price": 99,
            "taker_side": "no"
        },
        {
            "trade_id": "cd18e199-e3d8-47e9-b56e-4cd264323869",
            "ticker": "HIGHNY-24SEP17-B80.5",
            "count": 9,
            "created_time": "2024-09-17T20:10:26.674385Z",
            "yes_price": 2,
            "no_price": 98,
            "taker_side": "no"
        },
        {
            "trade_id": "518df03f-e87e-40c7-8323-5102e2178850",
            "ticker": "HIGHNY-24SEP17-B80.5",
            "count": 3,
            "created_time": "2024-09-17T16:21:30.936837Z",
            "yes_price": 25,
            "no_price": 75,
            "taker_side": "yes"
        },
        {
            "trade_id": "9d1f65dc-38ab-4492-9aca-398d2f6e3fc8",
            "ticker": "HIGHNY-24SEP17-B80.5",
            "count": 10,
            "created_time": "2024-09-17T15:08:24.933905Z",
            "yes_price": 25,
            "no_price": 75,
            "taker_side": "yes"
        },
        {
            "trade_id": "8da55ffa-578f-4ffc-bc15-eab7b8c9e520",
            "ticker": "HIGHNY-24SEP17-B80.5",
            "count": 28,
            "created_time": "2024-09-17T14:32:41.976306Z",
            "yes_price": 10,
            "no_price": 90,
            "taker_side": "yes"
        },
        {
            "trade_id": "eb485e73-0806-4a35-b3a3-704ca6d3103a",
            "ticker": "HIGHNY-24SEP17-B80.5",
            "count": 60,
            "created_time": "2024-09-17T14:32:41.955222Z",
            "yes_price": 10,
            "no_price": 90,
            "taker_side": "yes"
        },
        {
            "trade_id": "0284831c-89b1-46b3-a022-fa8a76f0f72d",
            "ticker": "HIGHNY-24SEP17-B80.5",
            "count": 4,
            "created_time": "2024-09-17T14:07:51.322411Z",
            "yes_price": 2,
            "no_price": 98,
            "taker_side": "no"
        },
        {
            "trade_id": "80b447d1-6424-4f80-a57f-f4f4ab9f2e7d",
            "ticker": "HIGHNY-24SEP17-B80.5",
            "count": 11,
            "created_time": "2024-09-17T12:42:27.60411Z",
            "yes_price": 6,
            "no_price": 94,
            "taker_side": "no"
        },
        {
            "trade_id": "6a649575-d4a7-487d-b77a-48fd375b2682",
            "ticker": "HIGHNY-24SEP17-B80.5",
            "count": 191,
            "created_time": "2024-09-17T12:36:14.357227Z",
            "yes_price": 6,
            "no_price": 94,
            "taker_side": "no"
        },
        {
            "trade_id": "98993afb-4698-450b-bf93-299d6273e105",
            "ticker": "HIGHNY-24SEP17-B80.5",
            "count": 48,
            "created_time": "2024-09-17T12:19:45.547838Z",
            "yes_price": 6,
            "no_price": 94,
            "taker_side": "no"
        },
        {
            "trade_id": "6a3fbfe6-3376-4a22-b902-070487835b25",
            "ticker": "HIGHNY-24SEP17-B80.5",
            "count": 2,
            "created_time": "2024-09-17T12:19:45.547838Z",
            "yes_price": 6,
            "no_price": 94,
            "taker_side": "no"
        },
        {
            "trade_id": "d558f6a9-2dab-4a9f-b7d9-4a6ffecdc0cc",
            "ticker": "HIGHNY-24SEP17-B80.5",
            "count": 1,
            "created_time": "2024-09-17T03:15:40.536351Z",
            "yes_price": 20,
            "no_price": 80,
            "taker_side": "yes"
        },
        {
            "trade_id": "ac487fdc-11bb-44bb-9bf9-25188549666e",
            "ticker": "HIGHNY-24SEP17-B80.5",
            "count": 440,
            "created_time": "2024-09-17T03:15:40.536351Z",
            "yes_price": 20,
            "no_price": 80,
            "taker_side": "yes"
        },
        {
            "trade_id": "57cf6b7f-b493-460f-9748-7ecc68dfb7f6",
            "ticker": "HIGHNY-24SEP17-B80.5",
            "count": 60,
            "created_time": "2024-09-17T02:12:07.646369Z",
            "yes_price": 20,
            "no_price": 80,
            "taker_side": "no"
        },
        {
            "trade_id": "fe97674f-75e0-4cb2-88bc-298cc2baf0bf",
            "ticker": "HIGHNY-24SEP17-B80.5",
            "count": 100,
            "created_time": "2024-09-17T02:09:14.606872Z",
            "yes_price": 21,
            "no_price": 79,
            "taker_side": "no"
        },
        {
            "trade_id": "61760023-f769-4de9-98c1-e4711616b72d",
            "ticker": "HIGHNY-24SEP17-B80.5",
            "count": 140,
            "created_time": "2024-09-17T02:08:53.260852Z",
            "yes_price": 22,
            "no_price": 78,
            "taker_side": "no"
        },
        {
            "trade_id": "b665f877-0469-4760-bdc8-f7cf29943e69",
            "ticker": "HIGHNY-24SEP17-B80.5",
            "count": 32,
            "created_time": "2024-09-16T19:50:07.001429Z",
            "yes_price": 21,
            "no_price": 79,
            "taker_side": "yes"
        },
        {
            "trade_id": "9bb29a2d-69b5-446c-a4fa-efb704961c24",
            "ticker": "HIGHNY-24SEP17-B80.5",
            "count": 120,
            "created_time": "2024-09-16T19:50:07.001429Z",
            "yes_price": 19,
            "no_price": 81,
            "taker_side": "yes"
        },
        {
            "trade_id": "18dd54ff-9738-4f43-b19b-8fe06a8fc3a5",
            "ticker": "HIGHNY-24SEP17-B80.5",
            "count": 39,
            "created_time": "2024-09-16T19:50:07.001429Z",
            "yes_price": 21,
            "no_price": 79,
            "taker_side": "yes"
        }
    ],
    "HIGHNY-24SEP17-T81": [
        {
            "trade_id": "346f93d1-4897-43f8-b8f0-9f145f5b9786",
            "ticker": "HIGHNY-24SEP17-T81",
            "count": 50,
            "created_time": "2024-09-17T12:19:45.527525Z",
            "yes_price": 1,
            "no_price": 99,
            "taker_side": "no"
        }
    ]
}