{
    "HIGHNY-24JAN25-T48": [
        {
            "trade_id": "330e0e94-4223-4d1f-85ea-d2e0f51dd1c6",
            "ticker": "HIGHNY-24JAN25-T48",
            "count": 1,
            "created_time": "2024-01-24T18:02:19.330687Z",
            "yes_price": 10,
            "no_price": 90,
            "taker_side": "yes"
        },
        {
            "trade_id": "cba2aa39-4dc1-42e3-b30c-ce7be6ffa511",
            "ticker": "HIGHNY-24JAN25-T48",
            "count": 1,
            "created_time": "2024-01-24T17:30:25.335341Z",
            "yes_price": 10,
            "no_price": 90,
            "taker_side": "yes"
        }
    ],
    "HIGHNY-24JAN25-B48.5": [
        {
            "trade_id": "928d930c-8148-4bec-a0b1-57620d295118",
            "ticker": "HIGHNY-24JAN25-B48.5",
            "count": 1,
            "created_time": "2024-01-24T18:02:21.784006Z",
            "yes_price": 12,
            "no_price": 88,
            "taker_side": "yes"
        },
        {
            "trade_id": "7de94d07-faea-4da2-ac51-c1870f95428b",
            "ticker": "HIGHNY-24JAN25-B48.5",
            "count": 1,
            "created_time": "2024-01-24T17:30:26.144066Z",
            "yes_price": 12,
            "no_price": 88,
            "taker_side": "yes"
        }
    ],
    "HIGHNY-24JAN25-B50.5": [
        {
            "trade_id": "3a60d616-392d-41b6-968a-db04c2637d2b",
            "ticker": "HIGHNY-24JAN25-B50.5",
            "count": 330,
            "created_time": "2024-01-25T16:52:51.293409Z",
            "yes_price": 1,
            "no_price": 99,
            "taker_side": "yes"
        },
        {
            "trade_id": "737d9d47-c92b-42f0-8892-04309224414e",
            "ticker": "HIGHNY-24JAN25-B50.5",
            "count": 30,
            "created_time": "2024-01-25T03:06:26.687755Z",
            "yes_price": 13,
            "no_price": 87,
            "taker_side": "no"
        },
        {
            "trade_id": "667f1991-7e35-4268-b4f7-e834586511d7",
            "ticker": "HIGHNY-24JAN25-B50.5",
            "count": 15,
            "created_time": "2024-01-25T03:04:32.853027Z",
            "yes_price": 13,
            "no_price": 87,
            "taker_side": "no"
        },
        {
            "trade_id": "ca4a0e78-0a19-457b-beb3-7e659ebfb600",
            "ticker": "HIGHNY-24JAN25-B50.5",
            "count": 45,
            "created_time": "2024-01-25T03:03:48.670352Z",
            "yes_price": 15,
            "no_price": 85,
            "taker_side": "no"
        },
        {
            "trade_id": "85197472-fcf4-4645-82a6-c388365fe586",
            "ticker": "HIGHNY-24JAN25-B50.5",
            "count": 33,
            "created_time": "2024-01-25T03:03:33.690046Z",
            "yes_price": 16,
            "no_price": 84,
            "taker_side": "no"
        },
        {
            "trade_id": "c46b2880-03e8-4581-aabb-5304fcf35faa",
            "ticker": "HIGHNY-24JAN25-B50.5",
            "count": 50,
            "created_time": "2024-01-25T03:03:21.15123Z",
            "yes_price": 16,
            "no_price": 84,
            "taker_side": "no"
        },
        {
            "trade_id": "052a3eb2-e25c-44e9-8509-f110fb5be651",
            "ticker": "HIGHNY-24JAN25-B50.5",
            "count": 16,
            "created_time": "2024-01-25T03:03:21.15123Z",
            "yes_price": 18,
            "no_price": 82,
            "taker_side": "no"
        },
        {
            "trade_id": "9cfc25f9-1cee-4c91-9bd0-603d211e3942",
            "ticker": "HIGHNY-24JAN25-B50.5",
            "count": 57,
            "created_time": "2024-01-25T03:02:56.632531Z",
            "yes_price": 17,
            "no_price": 83,
            "taker_side": "no"
        },
        {
            "trade_id": "0e28af6e-e4ef-4653-94ad-22484cadcfae",
            "ticker": "HIGHNY-24JAN25-B50.5",
            "count": 28,
            "created_time": "2024-01-25T03:02:56.632531Z",
            "yes_price": 20,
            "no_price": 80,
            "taker_side": "no"
        },
        {
            "trade_id": "01e10730-f9d8-46af-9f47-c2bc5cc0bd01",
            "ticker": "HIGHNY-24JAN25-B50.5",
            "count": 56,
            "created_time": "2024-01-25T03:02:56.632531Z",
            "yes_price": 18,
            "no_price": 82,
            "taker_side": "no"
        },
        {
            "trade_id": "cbe64cca-b8f9-4d0a-999a-72747d817188",
            "ticker": "HIGHNY-24JAN25-B50.5",
            "count": 40,
            "created_time": "2024-01-25T02:14:19.926808Z",
            "yes_price": 24,
            "no_price": 76,
            "taker_side": "yes"
        },
        {
            "trade_id": "8f913d4c-4c60-49af-ba84-ba7ce1898bdf",
            "ticker": "HIGHNY-24JAN25-B50.5",
            "count": 34,
            "created_time": "2024-01-25T02:14:07.495941Z",
            "yes_price": 23,
            "no_price": 77,
            "taker_side": "yes"
        },
        {
            "trade_id": "7d0d2b95-ea9b-4dfd-b701-a91ba482c926",
            "ticker": "HIGHNY-24JAN25-B50.5",
            "count": 40,
            "created_time": "2024-01-25T02:14:00.517455Z",
            "yes_price": 22,
            "no_price": 78,
            "taker_side": "yes"
        },
        {
            "trade_id": "338ba742-5159-4fe5-8af5-a7eff8ce4cac",
            "ticker": "HIGHNY-24JAN25-B50.5",
            "count": 5,
            "created_time": "2024-01-25T02:14:00.517455Z",
            "yes_price": 22,
            "no_price": 78,
            "taker_side": "yes"
        },
        {
            "trade_id": "28674af5-b494-4f41-823b-62fb1c0dd6b4",
            "ticker": "HIGHNY-24JAN25-B50.5",
            "count": 17,
            "created_time": "2024-01-25T02:13:54.28538Z",
            "yes_price": 21,
            "no_price": 79,
            "taker_side": "yes"
        },
        {
            "trade_id": "fe477392-d78e-465c-ae4f-c2831747da3e",
            "ticker": "HIGHNY-24JAN25-B50.5",
            "count": 121,
            "created_time": "2024-01-24T17:35:42.15069Z",
            "yes_price": 10,
            "no_price": 90,
            "taker_side": "no"
        }
    ],
    "HIGHNY-24JAN25-B52.5": [
        {
            "trade_id": "576bb229-3748-46b7-8bfc-ce8344917342",
            "ticker": "HIGHNY-24JAN25-B52.5",
            "count": 935,
            "created_time": "2024-01-25T21:09:22.906663Z",
            "yes_price": 1,
            "no_price": 99,
            "taker_side": "yes"
        },
        {
            "trade_id": "a735b81e-cb53-4d50-a295-083d6a5910e0",
            "ticker": "HIGHNY-24JAN25-B52.5",
            "count": 609,
            "created_time": "2024-01-25T16:53:03.536295Z",
            "yes_price": 1,
            "no_price": 99,
            "taker_side": "yes"
        },
        {
            "trade_id": "09415630-8f9c-42d2-a7ee-8173750ef464",
            "ticker": "HIGHNY-24JAN25-B52.5",
            "count": 67,
            "created_time": "2024-01-25T15:10:48.684585Z",
            "yes_price": 1,
            "no_price": 99,
            "taker_side": "yes"
        },
        {
            "trade_id": "9a744b74-13d9-4c10-83ea-11de16f66b82",
            "ticker": "HIGHNY-24JAN25-B52.5",
            "count": 10,
            "created_time": "2024-01-25T14:54:53.494031Z",
            "yes_price": 14,
            "no_price": 86,
            "taker_side": "no"
        },
        {
            "trade_id": "8cf05ee3-1643-4c94-9d2b-6dd667f63a86",
            "ticker": "HIGHNY-24JAN25-B52.5",
            "count": 10,
            "created_time": "2024-01-25T14:54:53.494031Z",
            "yes_price": 12,
            "no_price": 88,
            "taker_side": "no"
        },
        {
            "trade_id": "9298f213-312e-4584-a6be-74f24e43e2ef",
            "ticker": "HIGHNY-24JAN25-B52.5",
            "count": 10,
            "created_time": "2024-01-25T14:54:40.979499Z",
            "yes_price": 15,
            "no_price": 85,
            "taker_side": "no"
        },
        {
            "trade_id": "2f7f77ec-0744-4cdf-a6ae-b8f74bddb7be",
            "ticker": "HIGHNY-24JAN25-B52.5",
            "count": 10,
            "created_time": "2024-01-25T14:54:40.979499Z",
            "yes_price": 14,
            "no_price": 86,
            "taker_side": "no"
        },
        {
            "trade_id": "dfd2aae8-6662-47c0-907a-4026fdd3338d",
            "ticker": "HIGHNY-24JAN25-B52.5",
            "count": 10,
            "created_time": "2024-01-25T14:54:29.602899Z",
            "yes_price": 17,
            "no_price": 83,
            "taker_side": "no"
        },
        {
            "trade_id": "7ee37fec-ac32-46cc-bdc8-bd363fe43d2d",
            "ticker": "HIGHNY-24JAN25-B52.5",
            "count": 10,
            "created_time": "2024-01-25T14:54:29.602899Z",
            "yes_price": 18,
            "no_price": 82,
            "taker_side": "no"
        },
        {
            "trade_id": "45517684-c4f0-49d5-952b-babad6020f1d",
            "ticker": "HIGHNY-24JAN25-B52.5",
            "count": 10,
            "created_time": "2024-01-25T14:54:17.400491Z",
            "yes_price": 17,
            "no_price": 83,
            "taker_side": "no"
        },
        {
            "trade_id": "1c3e6b53-064a-4d51-b5b0-6db3fe057a95",
            "ticker": "HIGHNY-24JAN25-B52.5",
            "count": 10,
            "created_time": "2024-01-25T14:54:17.400491Z",
            "yes_price": 19,
            "no_price": 81,
            "taker_side": "no"
        },
        {
            "trade_id": "90d17483-e1dd-460c-9102-6e091c275c6e",
            "ticker": "HIGHNY-24JAN25-B52.5",
            "count": 18,
            "created_time": "2024-01-25T14:54:04.314547Z",
            "yes_price": 25,
            "no_price": 75,
            "taker_side": "no"
        },
        {
            "trade_id": "9051e836-7cc5-4a9a-bedd-4a578ba6ded7",
            "ticker": "HIGHNY-24JAN25-B52.5",
            "count": 18,
            "created_time": "2024-01-25T14:54:04.314547Z",
            "yes_price": 23,
            "no_price": 77,
            "taker_side": "no"
        },
        {
            "trade_id": "a28fca63-1400-4b17-a50b-d626e32a874a",
            "ticker": "HIGHNY-24JAN25-B52.5",
            "count": 18,
            "created_time": "2024-01-25T14:53:58.610594Z",
            "yes_price": 28,
            "no_price": 72,
            "taker_side": "no"
        },
        {
            "trade_id": "7b859854-e866-484f-9d74-77794087c630",
            "ticker": "HIGHNY-24JAN25-B52.5",
            "count": 18,
            "created_time": "2024-01-25T14:53:58.610594Z",
            "yes_price": 27,
            "no_price": 73,
            "taker_side": "no"
        },
        {
            "trade_id": "43e126b6-dfd5-42ff-adb2-a138df5e3c37",
            "ticker": "HIGHNY-24JAN25-B52.5",
            "count": 22,
            "created_time": "2024-01-25T14:53:49.754607Z",
            "yes_price": 32,
            "no_price": 68,
            "taker_side": "no"
        },
        {
            "trade_id": "1587ee19-df66-4b74-88f9-fcd268f58507",
            "ticker": "HIGHNY-24JAN25-B52.5",
            "count": 22,
            "created_time": "2024-01-25T14:53:49.754607Z",
            "yes_price": 34,
            "no_price": 66,
            "taker_side": "no"
        },
        {
            "trade_id": "2ef096a5-cd38-498e-bae9-cfb7dfee8131",
            "ticker": "HIGHNY-24JAN25-B52.5",
            "count": 4,
            "created_time": "2024-01-25T14:36:52.40778Z",
            "yes_price": 42,
            "no_price": 58,
            "taker_side": "yes"
        },
        {
            "trade_id": "acaac26e-89d8-4008-b6b3-cc9269fb749d",
            "ticker": "HIGHNY-24JAN25-B52.5",
            "count": 22,
            "created_time": "2024-01-25T13:43:31.453842Z",
            "yes_price": 43,
            "no_price": 57,
            "taker_side": "yes"
        },
        {
            "trade_id": "7fe448f4-ecf6-4337-bf64-8df4d0576026",
            "ticker": "HIGHNY-24JAN25-B52.5",
            "count": 48,
            "created_time": "2024-01-25T13:32:06.234067Z",
            "yes_price": 33,
            "no_price": 67,
            "taker_side": "no"
        },
        {
            "trade_id": "67f2958f-ad9e-41f3-a84c-55e2b68d4624",
            "ticker": "HIGHNY-24JAN25-B52.5",
            "count": 19,
            "created_time": "2024-01-25T13:32:06.234067Z",
            "yes_price": 35,
            "no_price": 65,
            "taker_side": "no"
        },
        {
            "trade_id": "c150aa23-9e76-453d-a173-7818ebc0c93e",
            "ticker": "HIGHNY-24JAN25-B52.5",
            "count": 48,
            "created_time": "2024-01-25T13:12:23.321703Z",
            "yes_price": 27,
            "no_price": 73,
            "taker_side": "no"
        },
        {
            "trade_id": "32834484-8f69-4e3e-951a-dae09ff474fd",
            "ticker": "HIGHNY-24JAN25-B52.5",
            "count": 52,
            "created_time": "2024-01-25T13:12:23.321703Z",
            "yes_price": 28,
            "no_price": 72,
            "taker_side": "no"
        },
        {
            "trade_id": "5871f284-c865-4264-9ffc-f7a36b1c4a00",
            "ticker": "HIGHNY-24JAN25-B52.5",
            "count": 26,
            "created_time": "2024-01-25T04:43:38.105616Z",
            "yes_price": 31,
            "no_price": 69,
            "taker_side": "no"
        },
        {
            "trade_id": "ac355e6a-d3cf-47f3-9430-31b3088b4473",
            "ticker": "HIGHNY-24JAN25-B52.5",
            "count": 10,
            "created_time": "2024-01-25T04:43:21.161361Z",
            "yes_price": 32,
            "no_price": 68,
            "taker_side": "no"
        },
        {
            "trade_id": "2753db2e-d991-44c3-9770-b43102753351",
            "ticker": "HIGHNY-24JAN25-B52.5",
            "count": 31,
            "created_time": "2024-01-25T04:42:40.047371Z",
            "yes_price": 32,
            "no_price": 68,
            "taker_side": "no"
        },
        {
            "trade_id": "68013594-eddc-4db0-913d-3ee60c974160",
            "ticker": "HIGHNY-24JAN25-B52.5",
            "count": 21,
            "created_time": "2024-01-25T04:42:25.850048Z",
            "yes_price": 33,
            "no_price": 67,
            "taker_side": "no"
        },
        {
            "trade_id": "b934c8a1-0677-4b92-b6cc-e8a9801dddc2",
            "ticker": "HIGHNY-24JAN25-B52.5",
            "count": 10,
            "created_time": "2024-01-25T04:40:21.693187Z",
            "yes_price": 33,
            "no_price": 67,
            "taker_side": "no"
        },
        {
            "trade_id": "46b49588-e2a0-41c6-8972-1b830e70458d",
            "ticker": "HIGHNY-24JAN25-B52.5",
            "count": 15,
            "created_time": "2024-01-25T04:39:59.590541Z",
            "yes_price": 33,
            "no_price": 67,
            "taker_side": "no"
        },
        {
            "trade_id": "7b1b0347-d55a-43eb-8cbb-6360bffdf4a7",
            "ticker": "HIGHNY-24JAN25-B52.5",
            "count": 11,
            "created_time": "2024-01-25T03:05:03.885468Z",
            "yes_price": 32,
            "no_price": 68,
            "taker_side": "no"
        },
        {
            "trade_id": "a3cffa0d-8f4c-4634-af1d-e58168cb63cb",
            "ticker": "HIGHNY-24JAN25-B52.5",
            "count": 11,
            "created_time": "2024-01-25T03:03:09.077249Z",
            "yes_price": 37,
            "no_price": 63,
            "taker_side": "no"
        },
        {
            "trade_id": "54adc0ec-2f0a-426f-8e94-8f0bec7cf9d1",
            "ticker": "HIGHNY-24JAN25-B52.5",
            "count": 56,
            "created_time": "2024-01-25T03:03:09.077249Z",
            "yes_price": 35,
            "no_price": 65,
            "taker_side": "no"
        },
        {
            "trade_id": "1dbad5d5-039f-4f35-91a8-44c6a8914458",
            "ticker": "HIGHNY-24JAN25-B52.5",
            "count": 57,
            "created_time": "2024-01-25T03:03:09.077249Z",
            "yes_price": 33,
            "no_price": 67,
            "taker_side": "no"
        },
        {
            "trade_id": "700839ac-d990-4158-a755-90712afd5546",
            "ticker": "HIGHNY-24JAN25-B52.5",
            "count": 60,
            "created_time": "2024-01-24T20:10:24.223947Z",
            "yes_price": 25,
            "no_price": 75,
            "taker_side": "no"
        },
        {
            "trade_id": "276e87a7-eae4-4cfa-a960-d9af6b0ca992",
            "ticker": "HIGHNY-24JAN25-B52.5",
            "count": 38,
            "created_time": "2024-01-24T20:10:24.223947Z",
            "yes_price": 25,
            "no_price": 75,
            "taker_side": "no"
        },
        {
            "trade_id": "c94f22a9-b10f-4e35-ac0a-e74bbe12ccaf",
            "ticker": "HIGHNY-24JAN25-B52.5",
            "count": 12,
            "created_time": "2024-01-24T18:44:25.859592Z",
            "yes_price": 25,
            "no_price": 75,
            "taker_side": "no"
        },
        {
            "trade_id": "d2bfba5e-0f1f-48ed-b131-5a5baa3a4e71",
            "ticker": "HIGHNY-24JAN25-B52.5",
            "count": 1,
            "created_time": "2024-01-24T18:02:24.738436Z",
            "yes_price": 27,
            "no_price": 73,
            "taker_side": "no"
        },
        {
            "trade_id": "6e10b558-1ee8-4838-9ba5-676152c167c7",
            "ticker": "HIGHNY-24JAN25-B52.5",
            "count": 1,
            "created_time": "2024-01-24T17:30:27.298634Z",
            "yes_price": 27,
            "no_price": 73,
            "taker_side": "no"
        },
        {
            "trade_id": "1a72ea8e-d61f-4642-b5a0-da15f646b4d9",
            "ticker": "HIGHNY-24JAN25-B52.5",
            "count": 24,
            "created_time": "2024-01-24T17:17:03.853013Z",
            "yes_price": 27,
            "no_price": 73,
            "taker_side": "no"
        },
        {
            "trade_id": "14aeaf7a-93bc-4318-b89e-87c1e8604942",
            "ticker": "HIGHNY-24JAN25-B52.5",
            "count": 50,
            "created_time": "2024-01-24T17:17:03.853013Z",
            "yes_price": 26,
            "no_price": 74,
            "taker_side": "no"
        },
        {
            "trade_id": "eec819cb-c963-43c5-8f62-9418e4e59d55",
            "ticker": "HIGHNY-24JAN25-B52.5",
            "count": 60,
            "created_time": "2024-01-24T17:16:02.281489Z",
            "yes_price": 31,
            "no_price": 69,
            "taker_side": "no"
        },
        {
            "trade_id": "94e23d4c-f756-4469-be8f-e7bd29d76837",
            "ticker": "HIGHNY-24JAN25-B52.5",
            "count": 121,
            "created_time": "2024-01-24T17:16:02.281489Z",
            "yes_price": 27,
            "no_price": 73,
            "taker_side": "no"
        },
        {
            "trade_id": "3a1d8cc3-1b3d-4453-8b1a-90efbc173e59",
            "ticker": "HIGHNY-24JAN25-B52.5",
            "count": 121,
            "created_time": "2024-01-24T17:16:02.281489Z",
            "yes_price": 28,
            "no_price": 72,
            "taker_side": "no"
        }
    ],
    "HIGHNY-24JAN25-B54.5": [
        {
            "trade_id": "c297543a-22c7-47bb-9003-87076b58eb29",
            "ticker": "HIGHNY-24JAN25-B54.5",
            "count": 1870,
            "created_time": "2024-01-25T21:10:21.250127Z",
            "yes_price": 1,
            "no_price": 99,
            "taker_side": "yes"
        },
        {
            "trade_id": "f1e206a0-d2ea-4d5f-a173-252f7118c7f2",
            "ticker": "HIGHNY-24JAN25-B54.5",
            "count": 1,
            "created_time": "2024-01-25T15:34:32.696224Z",
            "yes_price": 1,
            "no_price": 99,
            "taker_side": "yes"
        },
        {
            "trade_id": "12cf08a5-2401-4943-8955-d3100641c6da",
            "ticker": "HIGHNY-24JAN25-B54.5",
            "count": 1,
            "created_time": "2024-01-25T15:30:16.914446Z",
            "yes_price": 1,
            "no_price": 99,
            "taker_side": "yes"
        },
        {
            "trade_id": "f6e9daca-decd-4b40-bd08-f557b3f4c26b",
            "ticker": "HIGHNY-24JAN25-B54.5",
            "count": 1,
            "created_time": "2024-01-25T14:55:57.192967Z",
            "yes_price": 64,
            "no_price": 36,
            "taker_side": "no"
        },
        {
            "trade_id": "6ae92da5-8c68-4f3a-91d7-08db7e74b97a",
            "ticker": "HIGHNY-24JAN25-B54.5",
            "count": 1,
            "created_time": "2024-01-25T14:55:24.915875Z",
            "yes_price": 64,
            "no_price": 36,
            "taker_side": "no"
        },
        {
            "trade_id": "a47cbad0-7a2e-4643-ab84-857ab5659e6d",
            "ticker": "HIGHNY-24JAN25-B54.5",
            "count": 1,
            "created_time": "2024-01-25T14:55:06.922818Z",
            "yes_price": 65,
            "no_price": 35,
            "taker_side": "no"
        },
        {
            "trade_id": "82fa57be-3580-4b67-bf7c-30983fa0f27d",
            "ticker": "HIGHNY-24JAN25-B54.5",
            "count": 1,
            "created_time": "2024-01-25T14:54:47.543891Z",
            "yes_price": 63,
            "no_price": 37,
            "taker_side": "no"
        },
        {
            "trade_id": "7094c91d-c45e-414b-b24e-56f7de7ba4ca",
            "ticker": "HIGHNY-24JAN25-B54.5",
            "count": 10,
            "created_time": "2024-01-25T14:54:25.531693Z",
            "yes_price": 59,
            "no_price": 41,
            "taker_side": "no"
        },
        {
            "trade_id": "28cdab8a-8c5f-4167-bb68-f6358ec5b0cd",
            "ticker": "HIGHNY-24JAN25-B54.5",
            "count": 10,
            "created_time": "2024-01-25T14:54:25.531693Z",
            "yes_price": 62,
            "no_price": 38,
            "taker_side": "no"
        },
        {
            "trade_id": "e0eefa38-ebe5-48dc-b2c0-c47863ae99d0",
            "ticker": "HIGHNY-24JAN25-B54.5",
            "count": 1,
            "created_time": "2024-01-25T14:37:20.692093Z",
            "yes_price": 49,
            "no_price": 51,
            "taker_side": "no"
        },
        {
            "trade_id": "3a9400e4-2d63-41ad-adcd-f506e218d5c5",
            "ticker": "HIGHNY-24JAN25-B54.5",
            "count": 4,
            "created_time": "2024-01-25T14:36:52.476787Z",
            "yes_price": 49,
            "no_price": 51,
            "taker_side": "no"
        },
        {
            "trade_id": "87450337-cb71-4f09-95c0-715def5e6798",
            "ticker": "HIGHNY-24JAN25-B54.5",
            "count": 22,
            "created_time": "2024-01-25T13:43:31.51237Z",
            "yes_price": 49,
            "no_price": 51,
            "taker_side": "no"
        },
        {
            "trade_id": "628edb20-1b1a-48a4-a2e4-3de0369248e3",
            "ticker": "HIGHNY-24JAN25-B54.5",
            "count": 31,
            "created_time": "2024-01-25T04:44:03.374949Z",
            "yes_price": 30,
            "no_price": 70,
            "taker_side": "no"
        },
        {
            "trade_id": "93701a37-c3ba-48d5-a4e2-af8993aee36e",
            "ticker": "HIGHNY-24JAN25-B54.5",
            "count": 15,
            "created_time": "2024-01-25T04:43:48.476091Z",
            "yes_price": 31,
            "no_price": 69,
            "taker_side": "no"
        },
        {
            "trade_id": "376428be-4357-4c24-b919-6a721f378327",
            "ticker": "HIGHNY-24JAN25-B54.5",
            "count": 26,
            "created_time": "2024-01-25T04:42:50.786745Z",
            "yes_price": 31,
            "no_price": 69,
            "taker_side": "no"
        },
        {
            "trade_id": "0c6ab506-d0a1-46a7-b588-3f5f82b886c5",
            "ticker": "HIGHNY-24JAN25-B54.5",
            "count": 31,
            "created_time": "2024-01-25T04:41:15.159701Z",
            "yes_price": 31,
            "no_price": 69,
            "taker_side": "no"
        },
        {
            "trade_id": "e95dd8d8-96fa-41fd-b148-0468a7ff1f3e",
            "ticker": "HIGHNY-24JAN25-B54.5",
            "count": 10,
            "created_time": "2024-01-25T04:40:37.599663Z",
            "yes_price": 32,
            "no_price": 68,
            "taker_side": "no"
        },
        {
            "trade_id": "7c159e07-0821-4536-83c0-51601ef13e52",
            "ticker": "HIGHNY-24JAN25-B54.5",
            "count": 16,
            "created_time": "2024-01-25T04:40:14.145813Z",
            "yes_price": 32,
            "no_price": 68,
            "taker_side": "no"
        },
        {
            "trade_id": "21ecf634-2a61-44d4-92a5-e5af31aaf499",
            "ticker": "HIGHNY-24JAN25-B54.5",
            "count": 5,
            "created_time": "2024-01-25T04:34:17.217037Z",
            "yes_price": 32,
            "no_price": 68,
            "taker_side": "no"
        },
        {
            "trade_id": "52e3ab01-ef0f-4541-a9fe-2c621be56a08",
            "ticker": "HIGHNY-24JAN25-B54.5",
            "count": 11,
            "created_time": "2024-01-25T03:06:56.209677Z",
            "yes_price": 39,
            "no_price": 61,
            "taker_side": "yes"
        },
        {
            "trade_id": "de97f490-642e-4d13-928a-fbfbfe8b6440",
            "ticker": "HIGHNY-24JAN25-B54.5",
            "count": 56,
            "created_time": "2024-01-25T03:04:04.174178Z",
            "yes_price": 36,
            "no_price": 64,
            "taker_side": "yes"
        },
        {
            "trade_id": "795ade36-dc2e-4f31-af4f-78e113f62494",
            "ticker": "HIGHNY-24JAN25-B54.5",
            "count": 5,
            "created_time": "2024-01-25T03:04:04.174178Z",
            "yes_price": 34,
            "no_price": 66,
            "taker_side": "yes"
        },
        {
            "trade_id": "2a2d28d8-254e-4413-9917-72bd16e38713",
            "ticker": "HIGHNY-24JAN25-B54.5",
            "count": 1,
            "created_time": "2024-01-25T03:04:04.174178Z",
            "yes_price": 31,
            "no_price": 69,
            "taker_side": "yes"
        },
        {
            "trade_id": "1f17c73a-27b0-47ef-ac01-44b8b633bda0",
            "ticker": "HIGHNY-24JAN25-B54.5",
            "count": 56,
            "created_time": "2024-01-25T03:04:04.174178Z",
            "yes_price": 38,
            "no_price": 62,
            "taker_side": "yes"
        },
        {
            "trade_id": "6c4a31d5-0133-46ca-ae7c-2b93ea2099bb",
            "ticker": "HIGHNY-24JAN25-B54.5",
            "count": 1,
            "created_time": "2024-01-24T18:02:26.575993Z",
            "yes_price": 36,
            "no_price": 64,
            "taker_side": "no"
        },
        {
            "trade_id": "14ab6916-c676-44aa-925d-ee2a0a4dbd37",
            "ticker": "HIGHNY-24JAN25-B54.5",
            "count": 1,
            "created_time": "2024-01-24T17:30:28.174504Z",
            "yes_price": 35,
            "no_price": 65,
            "taker_side": "no"
        },
        {
            "trade_id": "3d5be9ef-414f-4301-8b8f-54d7687c8e94",
            "ticker": "HIGHNY-24JAN25-B54.5",
            "count": 5,
            "created_time": "2024-01-24T15:15:39.379615Z",
            "yes_price": 36,
            "no_price": 64,
            "taker_side": "no"
        }
    ],
    "HIGHNY-24JAN25-T55": [
        {
            "trade_id": "fdc17561-ab3d-4451-97fd-02321ff0526b",
            "ticker": "HIGHNY-24JAN25-T55",
            "count": 20,
            "created_time": "2024-01-25T15:29:08.467526Z",
            "yes_price": 99,
            "no_price": 1,
            "taker_side": "yes"
        },
        {
            "trade_id": "c79dc80e-503b-48fd-b335-11f71395b744",
            "ticker": "HIGHNY-24JAN25-T55",
            "count": 1,
            "created_time": "2024-01-25T15:06:36.634441Z",
            "yes_price": 33,
            "no_price": 67,
            "taker_side": "no"
        },
        {
            "trade_id": "6c485cda-727d-4248-b390-55bc68605b7e",
            "ticker": "HIGHNY-24JAN25-T55",
            "count": 4,
            "created_time": "2024-01-25T14:36:52.4787Z",
            "yes_price": 15,
            "no_price": 85,
            "taker_side": "no"
        },
        {
            "trade_id": "7e30ac65-81f6-4bd8-a5f5-5af28cf68cd1",
            "ticker": "HIGHNY-24JAN25-T55",
            "count": 22,
            "created_time": "2024-01-25T13:43:31.518496Z",
            "yes_price": 15,
            "no_price": 85,
            "taker_side": "no"
        },
        {
            "trade_id": "f31c7acd-3c21-459c-b14f-14efed6a49a8",
            "ticker": "HIGHNY-24JAN25-T55",
            "count": 121,
            "created_time": "2024-01-24T21:49:28.057126Z",
            "yes_price": 14,
            "no_price": 86,
            "taker_side": "no"
        },
        {
            "trade_id": "ef5142b9-4308-4db8-80c4-acb309f1a871",
            "ticker": "HIGHNY-24JAN25-T55",
            "count": 12,
            "created_time": "2024-01-24T21:49:28.057126Z",
            "yes_price": 17,
            "no_price": 83,
            "taker_side": "no"
        },
        {
            "trade_id": "3addccae-8073-4852-8a5e-34d980829cf2",
            "ticker": "HIGHNY-24JAN25-T55",
            "count": 121,
            "created_time": "2024-01-24T21:49:28.057126Z",
            "yes_price": 15,
            "no_price": 85,
            "taker_side": "no"
        },
        {
            "trade_id": "f64a6078-c69e-477b-93ab-5d0157eb551f",
            "ticker": "HIGHNY-24JAN25-T55",
            "count": 121,
            "created_time": "2024-01-24T21:49:12.655173Z",
            "yes_price": 17,
            "no_price": 83,
            "taker_side": "no"
        },
        {
            "trade_id": "38728a1d-9936-4e74-b296-917dd705f830",
            "ticker": "HIGHNY-24JAN25-T55",
            "count": 121,
            "created_time": "2024-01-24T21:49:12.655173Z",
            "yes_price": 18,
            "no_price": 82,
            "taker_side": "no"
        },
        {
            "trade_id": "064158a6-d6c4-4ca7-9c6b-841c3c785267",
            "ticker": "HIGHNY-24JAN25-T55",
            "count": 72,
            "created_time": "2024-01-24T21:49:12.655173Z",
            "yes_price": 20,
            "no_price": 80,
            "taker_side": "no"
        },
        {
            "trade_id": "34ae50c1-857e-480b-b007-a6a53cb57afe",
            "ticker": "HIGHNY-24JAN25-T55",
            "count": 10,
            "created_time": "2024-01-24T18:44:52.162764Z",
            "yes_price": 34,
            "no_price": 66,
            "taker_side": "yes"
        },
        {
            "trade_id": "94b370ea-fdd0-446b-bd1c-fdb6b1b3ffa0",
            "ticker": "HIGHNY-24JAN25-T55",
            "count": 5,
            "created_time": "2024-01-24T18:36:32.420583Z",
            "yes_price": 27,
            "no_price": 73,
            "taker_side": "yes"
        },
        {
            "trade_id": "e806eb26-c9de-4e0b-b80e-ba9b4e0568f0",
            "ticker": "HIGHNY-24JAN25-T55",
            "count": 72,
            "created_time": "2024-01-24T18:31:29.640123Z",
            "yes_price": 26,
            "no_price": 74,
            "taker_side": "yes"
        },
        {
            "trade_id": "17575227-ef25-4883-ae3e-be652293c50c",
            "ticker": "HIGHNY-24JAN25-T55",
            "count": 72,
            "created_time": "2024-01-24T18:31:20.530059Z",
            "yes_price": 25,
            "no_price": 75,
            "taker_side": "yes"
        },
        {
            "trade_id": "6b903e49-23b3-4f2c-8ca8-022285446be2",
            "ticker": "HIGHNY-24JAN25-T55",
            "count": 72,
            "created_time": "2024-01-24T18:31:12.346776Z",
            "yes_price": 24,
            "no_price": 76,
            "taker_side": "yes"
        },
        {
            "trade_id": "3a26b873-8e02-4b78-ac66-31a92edcd843",
            "ticker": "HIGHNY-24JAN25-T55",
            "count": 84,
            "created_time": "2024-01-24T18:31:03.305558Z",
            "yes_price": 23,
            "no_price": 77,
            "taker_side": "yes"
        },
        {
            "trade_id": "693377d7-0f4a-4667-bb7b-b11c113006c7",
            "ticker": "HIGHNY-24JAN25-T55",
            "count": 84,
            "created_time": "2024-01-24T18:30:54.436018Z",
            "yes_price": 22,
            "no_price": 78,
            "taker_side": "yes"
        },
        {
            "trade_id": "8755acf8-0d21-4c46-8918-6fced14912a9",
            "ticker": "HIGHNY-24JAN25-T55",
            "count": 84,
            "created_time": "2024-01-24T18:30:46.186884Z",
            "yes_price": 21,
            "no_price": 79,
            "taker_side": "yes"
        },
        {
            "trade_id": "9d9ec61c-b339-44a3-ae3d-e1f110b1f80b",
            "ticker": "HIGHNY-24JAN25-T55",
            "count": 72,
            "created_time": "2024-01-24T18:30:37.50974Z",
            "yes_price": 20,
            "no_price": 80,
            "taker_side": "yes"
        },
        {
            "trade_id": "51c5f215-6a5e-4a00-8f94-cb58bd20db56",
            "ticker": "HIGHNY-24JAN25-T55",
            "count": 1,
            "created_time": "2024-01-24T18:20:32.062148Z",
            "yes_price": 20,
            "no_price": 80,
            "taker_side": "yes"
        },
        {
            "trade_id": "98ffe32d-1a97-4095-9199-766226af04c0",
            "ticker": "HIGHNY-24JAN25-T55",
            "count": 1,
            "created_time": "2024-01-24T18:02:28.580696Z",
            "yes_price": 14,
            "no_price": 86,
            "taker_side": "no"
        },
        {
            "trade_id": "f2815c8d-b4a0-4a55-a621-7decbc3e18e5",
            "ticker": "HIGHNY-24JAN25-T55",
            "count": 15,
            "created_time": "2024-01-24T17:35:45.767539Z",
            "yes_price": 15,
            "no_price": 85,
            "taker_side": "yes"
        },
        {
            "trade_id": "6e63ef71-8b87-468c-a6b4-29508c1e4e6d",
            "ticker": "HIGHNY-24JAN25-T55",
            "count": 35,
            "created_time": "2024-01-24T17:35:34.994259Z",
            "yes_price": 15,
            "no_price": 85,
            "taker_side": "no"
        },
        {
            "trade_id": "a5866eae-d619-4fe1-b02b-3958ade2eb54",
            "ticker": "HIGHNY-24JAN25-T55",
            "count": 1,
            "created_time": "2024-01-24T17:30:28.914743Z",
            "yes_price": 15,
            "no_price": 85,
            "taker_side": "no"
        }
    ]
}