{
    "HIGHNY-24FEB04-T40": [
        {
            "trade_id": "7607714f-0c19-4138-8453-97b1c4d31b13",
            "ticker": "HIGHNY-24FEB04-T40",
            "count": 1,
            "created_time": "2024-02-03T17:30:21.261946Z",
            "yes_price": 9,
            "no_price": 91,
            "taker_side": "yes"
        }
    ],
    "HIGHNY-24FEB04-B40.5": [],
    "HIGHNY-24FEB04-B42.5": [
        {
            "trade_id": "223f96c5-1df7-4e64-879d-ddb936c6cc80",
            "ticker": "HIGHNY-24FEB04-B42.5",
            "count": 569,
            "created_time": "2024-02-04T19:00:59.425571Z",
            "yes_price": 1,
            "no_price": 99,
            "taker_side": "yes"
        },
        {
            "trade_id": "8ab3795d-f902-4171-94c5-ccf3e5e277f3",
            "ticker": "HIGHNY-24FEB04-B42.5",
            "count": 76,
            "created_time": "2024-02-04T02:35:13.91714Z",
            "yes_price": 12,
            "no_price": 88,
            "taker_side": "no"
        },
        {
            "trade_id": "dd599953-791d-4350-bafe-cf448bf4e6d2",
            "ticker": "HIGHNY-24FEB04-B42.5",
            "count": 90,
            "created_time": "2024-02-03T18:09:05.069963Z",
            "yes_price": 11,
            "no_price": 89,
            "taker_side": "no"
        },
        {
            "trade_id": "0d5f1ca4-d30b-4ffb-b7c7-f3282076b920",
            "ticker": "HIGHNY-24FEB04-B42.5",
            "count": 112,
            "created_time": "2024-02-03T18:07:55.956562Z",
            "yes_price": 12,
            "no_price": 88,
            "taker_side": "no"
        },
        {
            "trade_id": "a3cf0411-ef1a-44a2-8118-098ca0180398",
            "ticker": "HIGHNY-24FEB04-B42.5",
            "count": 101,
            "created_time": "2024-02-03T17:47:52.88773Z",
            "yes_price": 14,
            "no_price": 86,
            "taker_side": "no"
        },
        {
            "trade_id": "b9b42447-bb32-4766-a59c-38e23d56bbb9",
            "ticker": "HIGHNY-24FEB04-B42.5",
            "count": 67,
            "created_time": "2024-02-03T17:27:45.824109Z",
            "yes_price": 15,
            "no_price": 85,
            "taker_side": "no"
        },
        {
            "trade_id": "b1feacdf-bea7-4420-9b16-15cb13a07b36",
            "ticker": "HIGHNY-24FEB04-B42.5",
            "count": 11,
            "created_time": "2024-02-03T17:17:10.32373Z",
            "yes_price": 17,
            "no_price": 83,
            "taker_side": "no"
        },
        {
            "trade_id": "6f79f013-2db5-4f0e-aeaa-648383ff9363",
            "ticker": "HIGHNY-24FEB04-B42.5",
            "count": 112,
            "created_time": "2024-02-03T17:17:10.32373Z",
            "yes_price": 15,
            "no_price": 85,
            "taker_side": "no"
        }
    ],
    "HIGHNY-24FEB04-B44.5": [
        {
            "trade_id": "bc4df5cd-7f1e-4d2b-895e-d29dd5a0479d",
            "ticker": "HIGHNY-24FEB04-B44.5",
            "count": 7,
            "created_time": "2024-02-04T15:10:25.612824Z",
            "yes_price": 67,
            "no_price": 33,
            "taker_side": "yes"
        },
        {
            "trade_id": "b9eb2359-49b1-4d84-9396-c01e19a0fbbe",
            "ticker": "HIGHNY-24FEB04-B44.5",
            "count": 32,
            "created_time": "2024-02-04T13:54:36.381265Z",
            "yes_price": 64,
            "no_price": 36,
            "taker_side": "yes"
        },
        {
            "trade_id": "9e21f516-d931-40ef-bf27-4949f791f3a3",
            "ticker": "HIGHNY-24FEB04-B44.5",
            "count": 23,
            "created_time": "2024-02-04T13:54:36.381265Z",
            "yes_price": 66,
            "no_price": 34,
            "taker_side": "yes"
        },
        {
            "trade_id": "500d2290-e62c-44ca-8e50-e8ebe0fa66d5",
            "ticker": "HIGHNY-24FEB04-B44.5",
            "count": 98,
            "created_time": "2024-02-04T13:54:36.381265Z",
            "yes_price": 63,
            "no_price": 37,
            "taker_side": "yes"
        },
        {
            "trade_id": "3319eb5f-92b0-4a83-b48b-103a1fd91812",
            "ticker": "HIGHNY-24FEB04-B44.5",
            "count": 30,
            "created_time": "2024-02-04T13:42:05.949394Z",
            "yes_price": 63,
            "no_price": 37,
            "taker_side": "yes"
        },
        {
            "trade_id": "a2723ea5-a867-4908-91e9-a9afff9a2142",
            "ticker": "HIGHNY-24FEB04-B44.5",
            "count": 7,
            "created_time": "2024-02-04T01:54:31.921843Z",
            "yes_price": 53,
            "no_price": 47,
            "taker_side": "yes"
        },
        {
            "trade_id": "bbada119-8c53-433d-b070-fc83db4ac71e",
            "ticker": "HIGHNY-24FEB04-B44.5",
            "count": 45,
            "created_time": "2024-02-04T00:18:37.487748Z",
            "yes_price": 48,
            "no_price": 52,
            "taker_side": "yes"
        },
        {
            "trade_id": "da7297e6-19ca-4e43-9933-e683534f6c84",
            "ticker": "HIGHNY-24FEB04-B44.5",
            "count": 45,
            "created_time": "2024-02-03T20:47:50.749884Z",
            "yes_price": 44,
            "no_price": 56,
            "taker_side": "yes"
        },
        {
            "trade_id": "86e70f09-fcac-46c1-957f-76098422d115",
            "ticker": "HIGHNY-24FEB04-B44.5",
            "count": 45,
            "created_time": "2024-02-03T20:28:24.243339Z",
            "yes_price": 44,
            "no_price": 56,
            "taker_side": "yes"
        },
        {
            "trade_id": "c7863e27-cf07-46f8-a5bd-cd83386a2fa9",
            "ticker": "HIGHNY-24FEB04-B44.5",
            "count": 112,
            "created_time": "2024-02-03T20:27:00.577182Z",
            "yes_price": 43,
            "no_price": 57,
            "taker_side": "yes"
        },
        {
            "trade_id": "586d74ce-37af-4203-aebf-95770c43fa77",
            "ticker": "HIGHNY-24FEB04-B44.5",
            "count": 11,
            "created_time": "2024-02-03T20:27:00.577182Z",
            "yes_price": 40,
            "no_price": 60,
            "taker_side": "yes"
        },
        {
            "trade_id": "4d02296a-0dfa-4048-b7bf-a0f5a088b9bd",
            "ticker": "HIGHNY-24FEB04-B44.5",
            "count": 22,
            "created_time": "2024-02-03T17:52:16.041241Z",
            "yes_price": 49,
            "no_price": 51,
            "taker_side": "yes"
        },
        {
            "trade_id": "d3fe0686-f305-4623-a0d5-3e7c1e02b4b7",
            "ticker": "HIGHNY-24FEB04-B44.5",
            "count": 1,
            "created_time": "2024-02-03T17:30:22.341567Z",
            "yes_price": 45,
            "no_price": 55,
            "taker_side": "no"
        },
        {
            "trade_id": "f4d789e0-0806-4ce2-b59e-f4a815f8d55f",
            "ticker": "HIGHNY-24FEB04-B44.5",
            "count": 112,
            "created_time": "2024-02-03T16:56:07.857084Z",
            "yes_price": 50,
            "no_price": 50,
            "taker_side": "yes"
        },
        {
            "trade_id": "b81759dd-7d8e-49a4-94ed-c983afffbd7d",
            "ticker": "HIGHNY-24FEB04-B44.5",
            "count": 56,
            "created_time": "2024-02-03T16:56:07.857084Z",
            "yes_price": 45,
            "no_price": 55,
            "taker_side": "yes"
        },
        {
            "trade_id": "94052bcb-2e20-4310-a146-f37bd57b1be1",
            "ticker": "HIGHNY-24FEB04-B44.5",
            "count": 112,
            "created_time": "2024-02-03T16:56:07.857084Z",
            "yes_price": 48,
            "no_price": 52,
            "taker_side": "yes"
        },
        {
            "trade_id": "24bc0c2e-4324-4779-ae48-5a1398928be9",
            "ticker": "HIGHNY-24FEB04-B44.5",
            "count": 5,
            "created_time": "2024-02-03T16:56:07.857084Z",
            "yes_price": 48,
            "no_price": 52,
            "taker_side": "yes"
        }
    ],
    "HIGHNY-24FEB04-B46.5": [
        {
            "trade_id": "2308cf44-80fd-4db9-b6fa-8d79abbb91a3",
            "ticker": "HIGHNY-24FEB04-B46.5",
            "count": 10,
            "created_time": "2024-02-05T02:25:35.607919Z",
            "yes_price": 99,
            "no_price": 1,
            "taker_side": "no"
        },
        {
            "trade_id": "84936cfe-560f-4712-b1f0-a116306007bb",
            "ticker": "HIGHNY-24FEB04-B46.5",
            "count": 10,
            "created_time": "2024-02-04T19:02:58.351362Z",
            "yes_price": 71,
            "no_price": 29,
            "taker_side": "yes"
        },
        {
            "trade_id": "14ebdb3a-2555-44f1-b863-6b1bcd8d269e",
            "ticker": "HIGHNY-24FEB04-B46.5",
            "count": 2,
            "created_time": "2024-02-04T18:53:04.238126Z",
            "yes_price": 89,
            "no_price": 11,
            "taker_side": "yes"
        },
        {
            "trade_id": "3b705413-a231-4c77-805f-6161a29e66da",
            "ticker": "HIGHNY-24FEB04-B46.5",
            "count": 12,
            "created_time": "2024-02-04T18:49:54.25171Z",
            "yes_price": 61,
            "no_price": 39,
            "taker_side": "no"
        },
        {
            "trade_id": "b374a299-4e72-4c23-a71f-006e1ea67f77",
            "ticker": "HIGHNY-24FEB04-B46.5",
            "count": 1,
            "created_time": "2024-02-04T17:53:16.555209Z",
            "yes_price": 56,
            "no_price": 44,
            "taker_side": "yes"
        },
        {
            "trade_id": "1a1a2094-2ad0-465e-88fe-a5837df57fb4",
            "ticker": "HIGHNY-24FEB04-B46.5",
            "count": 1,
            "created_time": "2024-02-04T16:53:48.602881Z",
            "yes_price": 37,
            "no_price": 63,
            "taker_side": "yes"
        },
        {
            "trade_id": "68cd1ecb-93bd-4f36-ba48-abccf8401d13",
            "ticker": "HIGHNY-24FEB04-B46.5",
            "count": 98,
            "created_time": "2024-02-04T13:54:36.439922Z",
            "yes_price": 38,
            "no_price": 62,
            "taker_side": "no"
        },
        {
            "trade_id": "ccaddded-6b8b-4902-a69e-1dc970d3727a",
            "ticker": "HIGHNY-24FEB04-B46.5",
            "count": 66,
            "created_time": "2024-02-04T01:19:58.693898Z",
            "yes_price": 30,
            "no_price": 70,
            "taker_side": "yes"
        },
        {
            "trade_id": "9f4d3cf9-af65-4caa-bbac-1e7eab60b21b",
            "ticker": "HIGHNY-24FEB04-B46.5",
            "count": 55,
            "created_time": "2024-02-04T01:19:14.199175Z",
            "yes_price": 29,
            "no_price": 71,
            "taker_side": "yes"
        },
        {
            "trade_id": "297f41cd-ee52-422b-bff3-2e51f1a4ab0f",
            "ticker": "HIGHNY-24FEB04-B46.5",
            "count": 66,
            "created_time": "2024-02-04T01:19:07.960767Z",
            "yes_price": 28,
            "no_price": 72,
            "taker_side": "yes"
        },
        {
            "trade_id": "32ed2db6-7dca-4011-b023-5cc51737e0a7",
            "ticker": "HIGHNY-24FEB04-B46.5",
            "count": 33,
            "created_time": "2024-02-04T01:19:01.333183Z",
            "yes_price": 27,
            "no_price": 73,
            "taker_side": "yes"
        },
        {
            "trade_id": "d9ed12fb-a223-4b2f-be59-7ce1914b4e47",
            "ticker": "HIGHNY-24FEB04-B46.5",
            "count": 1,
            "created_time": "2024-02-03T23:06:37.036642Z",
            "yes_price": 43,
            "no_price": 57,
            "taker_side": "yes"
        },
        {
            "trade_id": "46cc4a41-17c4-4507-91ad-a956b2dfa885",
            "ticker": "HIGHNY-24FEB04-B46.5",
            "count": 45,
            "created_time": "2024-02-03T18:09:16.725105Z",
            "yes_price": 34,
            "no_price": 66,
            "taker_side": "yes"
        },
        {
            "trade_id": "30464e44-658c-48a0-b090-c741d5aef1fe",
            "ticker": "HIGHNY-24FEB04-B46.5",
            "count": 45,
            "created_time": "2024-02-03T18:08:44.384252Z",
            "yes_price": 33,
            "no_price": 67,
            "taker_side": "yes"
        },
        {
            "trade_id": "dad35f0e-31a8-42b4-8c11-e0de65ded8cc",
            "ticker": "HIGHNY-24FEB04-B46.5",
            "count": 56,
            "created_time": "2024-02-03T18:08:16.466101Z",
            "yes_price": 33,
            "no_price": 67,
            "taker_side": "yes"
        },
        {
            "trade_id": "0ddd4e00-eaeb-4516-bf8d-0ccb7920c896",
            "ticker": "HIGHNY-24FEB04-B46.5",
            "count": 112,
            "created_time": "2024-02-03T18:08:16.466101Z",
            "yes_price": 35,
            "no_price": 65,
            "taker_side": "yes"
        },
        {
            "trade_id": "59e4b794-4f3d-4c76-8244-496a146f73b8",
            "ticker": "HIGHNY-24FEB04-B46.5",
            "count": 33,
            "created_time": "2024-02-03T17:49:03.622014Z",
            "yes_price": 28,
            "no_price": 72,
            "taker_side": "yes"
        },
        {
            "trade_id": "526f5558-8ba7-472a-afb7-a1a11fe79700",
            "ticker": "HIGHNY-24FEB04-B46.5",
            "count": 112,
            "created_time": "2024-02-03T17:49:03.622014Z",
            "yes_price": 32,
            "no_price": 68,
            "taker_side": "yes"
        },
        {
            "trade_id": "1fdaaffd-26c6-407f-8b97-de5f531cfcac",
            "ticker": "HIGHNY-24FEB04-B46.5",
            "count": 112,
            "created_time": "2024-02-03T17:49:03.622014Z",
            "yes_price": 30,
            "no_price": 70,
            "taker_side": "yes"
        },
        {
            "trade_id": "fa7f0768-fd75-4252-99c0-e48a6e3a0e4f",
            "ticker": "HIGHNY-24FEB04-B46.5",
            "count": 1,
            "created_time": "2024-02-03T17:30:22.917763Z",
            "yes_price": 22,
            "no_price": 78,
            "taker_side": "no"
        },
        {
            "trade_id": "6d1e333c-abf1-4656-845e-8e43cea4c9c7",
            "ticker": "HIGHNY-24FEB04-B46.5",
            "count": 22,
            "created_time": "2024-02-03T16:25:22.607777Z",
            "yes_price": 25,
            "no_price": 75,
            "taker_side": "no"
        },
        {
            "trade_id": "4e5c4eb6-8077-4b8f-a139-f5777ad77755",
            "ticker": "HIGHNY-24FEB04-B46.5",
            "count": 6,
            "created_time": "2024-02-03T16:25:22.607777Z",
            "yes_price": 23,
            "no_price": 77,
            "taker_side": "no"
        },
        {
            "trade_id": "c5e2940e-b069-4333-bfb0-2b949dcbfa8d",
            "ticker": "HIGHNY-24FEB04-B46.5",
            "count": 5,
            "created_time": "2024-02-03T15:15:38.206503Z",
            "yes_price": 25,
            "no_price": 75,
            "taker_side": "no"
        }
    ],
    "HIGHNY-24FEB04-T47": [
        {
            "trade_id": "e9f838ca-fd4a-483e-b064-8a98ea815e8a",
            "ticker": "HIGHNY-24FEB04-T47",
            "count": 1,
            "created_time": "2024-02-04T18:53:04.193112Z",
            "yes_price": 7,
            "no_price": 93,
            "taker_side": "yes"
        },
        {
            "trade_id": "6ab6c7eb-f608-4c27-ad15-dde5a1f881d4",
            "ticker": "HIGHNY-24FEB04-T47",
            "count": 1,
            "created_time": "2024-02-04T18:53:04.193112Z",
            "yes_price": 7,
            "no_price": 93,
            "taker_side": "yes"
        },
        {
            "trade_id": "9e25f8e4-f704-4270-957a-e55019d114ef",
            "ticker": "HIGHNY-24FEB04-T47",
            "count": 8,
            "created_time": "2024-02-03T23:52:45.738165Z",
            "yes_price": 11,
            "no_price": 89,
            "taker_side": "no"
        }
    ]
}