{
    "HIGHNY-24AUG30-T71": [
        {
            "trade_id": "f1e1fe6c-da20-44d2-b333-486cec56bce3",
            "ticker": "HIGHNY-24AUG30-T71",
            "count": 97,
            "created_time": "2024-08-30T19:15:11.388829Z",
            "yes_price": 1,
            "no_price": 99,
            "taker_side": "yes"
        },
        {
            "trade_id": "c6de2cf1-86d4-4a35-86d2-677265198d65",
            "ticker": "HIGHNY-24AUG30-T71",
            "count": 21,
            "created_time": "2024-08-30T19:15:11.388829Z",
            "yes_price": 1,
            "no_price": 99,
            "taker_side": "yes"
        },
        {
            "trade_id": "6ceedfc0-90b3-4c3f-848e-60ff2886e61b",
            "ticker": "HIGHNY-24AUG30-T71",
            "count": 97,
            "created_time": "2024-08-30T19:15:11.388829Z",
            "yes_price": 1,
            "no_price": 99,
            "taker_side": "yes"
        },
        {
            "trade_id": "130eb29f-166e-4c47-a2ec-2a236ce8d51b",
            "ticker": "HIGHNY-24AUG30-T71",
            "count": 47,
            "created_time": "2024-08-30T19:15:11.388829Z",
            "yes_price": 1,
            "no_price": 99,
            "taker_side": "yes"
        },
        {
            "trade_id": "caf5fc89-c25f-4e29-955c-2e65f0fdba50",
            "ticker": "HIGHNY-24AUG30-T71",
            "count": 50,
            "created_time": "2024-08-30T19:14:40.496834Z",
            "yes_price": 1,
            "no_price": 99,
            "taker_side": "yes"
        },
        {
            "trade_id": "69b3c600-9e4e-453c-a8e3-9a4904d1600d",
            "ticker": "HIGHNY-24AUG30-T71",
            "count": 150,
            "created_time": "2024-08-30T19:14:40.496834Z",
            "yes_price": 1,
            "no_price": 99,
            "taker_side": "yes"
        },
        {
            "trade_id": "9a0d05ea-22cc-41e5-a4c2-117bab4900b9",
            "ticker": "HIGHNY-24AUG30-T71",
            "count": 32,
            "created_time": "2024-08-30T16:29:17.108269Z",
            "yes_price": 1,
            "no_price": 99,
            "taker_side": "no"
        },
        {
            "trade_id": "2418e8e6-0ee6-4996-8be7-18535e0450ba",
            "ticker": "HIGHNY-24AUG30-T71",
            "count": 18,
            "created_time": "2024-08-30T15:07:17.864577Z",
            "yes_price": 15,
            "no_price": 85,
            "taker_side": "no"
        },
        {
            "trade_id": "09ba1421-7005-400e-abe6-ef102365ddfa",
            "ticker": "HIGHNY-24AUG30-T71",
            "count": 180,
            "created_time": "2024-08-30T15:07:17.864577Z",
            "yes_price": 14,
            "no_price": 86,
            "taker_side": "no"
        },
        {
            "trade_id": "945cf398-08d6-495d-8417-506e34667c12",
            "ticker": "HIGHNY-24AUG30-T71",
            "count": 180,
            "created_time": "2024-08-30T15:00:59.577165Z",
            "yes_price": 21,
            "no_price": 79,
            "taker_side": "no"
        },
        {
            "trade_id": "179ef823-ecdf-4f13-a1ff-d6b212bded8e",
            "ticker": "HIGHNY-24AUG30-T71",
            "count": 18,
            "created_time": "2024-08-30T15:00:59.577165Z",
            "yes_price": 23,
            "no_price": 77,
            "taker_side": "no"
        },
        {
            "trade_id": "3d39ff72-4cd3-4a16-9d85-767788a1d813",
            "ticker": "HIGHNY-24AUG30-T71",
            "count": 180,
            "created_time": "2024-08-30T14:57:14.639893Z",
            "yes_price": 25,
            "no_price": 75,
            "taker_side": "no"
        },
        {
            "trade_id": "383f5018-5322-411f-8ee9-2be181d15aaa",
            "ticker": "HIGHNY-24AUG30-T71",
            "count": 90,
            "created_time": "2024-08-30T14:57:14.639893Z",
            "yes_price": 27,
            "no_price": 73,
            "taker_side": "no"
        },
        {
            "trade_id": "2fa7b07a-bd75-45fd-b208-f462d6ba0fc4",
            "ticker": "HIGHNY-24AUG30-T71",
            "count": 55,
            "created_time": "2024-08-30T14:46:01.857548Z",
            "yes_price": 32,
            "no_price": 68,
            "taker_side": "yes"
        },
        {
            "trade_id": "e257ba60-4b15-452d-a725-0e46287cdcb3",
            "ticker": "HIGHNY-24AUG30-T71",
            "count": 18,
            "created_time": "2024-08-30T13:41:58.013943Z",
            "yes_price": 11,
            "no_price": 89,
            "taker_side": "no"
        },
        {
            "trade_id": "c84c5c26-9b7f-472d-8dc8-038fc46dda6b",
            "ticker": "HIGHNY-24AUG30-T71",
            "count": 180,
            "created_time": "2024-08-30T13:41:58.013943Z",
            "yes_price": 10,
            "no_price": 90,
            "taker_side": "no"
        },
        {
            "trade_id": "1c1cb3fc-bbda-4124-82ab-2df668519c1f",
            "ticker": "HIGHNY-24AUG30-T71",
            "count": 95,
            "created_time": "2024-08-30T13:41:58.013943Z",
            "yes_price": 9,
            "no_price": 91,
            "taker_side": "no"
        },
        {
            "trade_id": "dbe4071d-e95e-43f1-9ec5-ba36db445a03",
            "ticker": "HIGHNY-24AUG30-T71",
            "count": 30,
            "created_time": "2024-08-30T12:43:41.717004Z",
            "yes_price": 13,
            "no_price": 87,
            "taker_side": "no"
        },
        {
            "trade_id": "75f28c71-e8c1-4a26-9983-d9f31cdd8e71",
            "ticker": "HIGHNY-24AUG30-T71",
            "count": 18,
            "created_time": "2024-08-30T12:01:01.132613Z",
            "yes_price": 11,
            "no_price": 89,
            "taker_side": "no"
        },
        {
            "trade_id": "87a61c90-fc3f-43f1-adaf-52ed8738c340",
            "ticker": "HIGHNY-24AUG30-T71",
            "count": 180,
            "created_time": "2024-08-30T01:54:32.382599Z",
            "yes_price": 19,
            "no_price": 81,
            "taker_side": "yes"
        },
        {
            "trade_id": "485442c2-bb6b-4a83-b209-809ab5a20c70",
            "ticker": "HIGHNY-24AUG30-T71",
            "count": 90,
            "created_time": "2024-08-30T01:54:32.382599Z",
            "yes_price": 17,
            "no_price": 83,
            "taker_side": "yes"
        },
        {
            "trade_id": "33fc1658-9c3b-4a85-9cf5-e41c81ce9e99",
            "ticker": "HIGHNY-24AUG30-T71",
            "count": 180,
            "created_time": "2024-08-30T01:54:32.382599Z",
            "yes_price": 18,
            "no_price": 82,
            "taker_side": "yes"
        },
        {
            "trade_id": "f2a7f2cf-f725-434d-81ff-78ec2083c593",
            "ticker": "HIGHNY-24AUG30-T71",
            "count": 180,
            "created_time": "2024-08-30T01:30:52.328637Z",
            "yes_price": 15,
            "no_price": 85,
            "taker_side": "yes"
        },
        {
            "trade_id": "ef40b535-d487-4b9c-afc4-a0b4e61d5ddb",
            "ticker": "HIGHNY-24AUG30-T71",
            "count": 126,
            "created_time": "2024-08-30T01:30:52.328637Z",
            "yes_price": 14,
            "no_price": 86,
            "taker_side": "yes"
        },
        {
            "trade_id": "9f75db00-a4e7-46fc-bbc8-e9c1c309d1c8",
            "ticker": "HIGHNY-24AUG30-T71",
            "count": 18,
            "created_time": "2024-08-30T01:30:52.328637Z",
            "yes_price": 14,
            "no_price": 86,
            "taker_side": "yes"
        },
        {
            "trade_id": "49d936ef-006d-483b-80cb-1c2abef623a3",
            "ticker": "HIGHNY-24AUG30-T71",
            "count": 180,
            "created_time": "2024-08-30T01:30:52.328637Z",
            "yes_price": 16,
            "no_price": 84,
            "taker_side": "yes"
        },
        {
            "trade_id": "f17bf8a4-874a-42a0-99db-e85ece125e7b",
            "ticker": "HIGHNY-24AUG30-T71",
            "count": 180,
            "created_time": "2024-08-30T01:30:32.542629Z",
            "yes_price": 12,
            "no_price": 88,
            "taker_side": "yes"
        },
        {
            "trade_id": "ba7aa628-7f71-41fa-8ccf-2751b72be421",
            "ticker": "HIGHNY-24AUG30-T71",
            "count": 180,
            "created_time": "2024-08-30T01:30:32.542629Z",
            "yes_price": 13,
            "no_price": 87,
            "taker_side": "yes"
        },
        {
            "trade_id": "b4ae0b4e-db3f-4a71-86a2-c0ad7489ac31",
            "ticker": "HIGHNY-24AUG30-T71",
            "count": 162,
            "created_time": "2024-08-30T01:30:32.542629Z",
            "yes_price": 11,
            "no_price": 89,
            "taker_side": "yes"
        },
        {
            "trade_id": "6ce3f821-3519-4b39-93ae-12aa26f20002",
            "ticker": "HIGHNY-24AUG30-T71",
            "count": 32,
            "created_time": "2024-08-30T01:30:32.542629Z",
            "yes_price": 10,
            "no_price": 90,
            "taker_side": "yes"
        },
        {
            "trade_id": "22d4bdde-f289-46c8-8dca-a74725bd478b",
            "ticker": "HIGHNY-24AUG30-T71",
            "count": 18,
            "created_time": "2024-08-29T20:55:02.504645Z",
            "yes_price": 1,
            "no_price": 99,
            "taker_side": "no"
        },
        {
            "trade_id": "09dfb4b2-1f50-43da-986f-8b490672c9ef",
            "ticker": "HIGHNY-24AUG30-T71",
            "count": 18,
            "created_time": "2024-08-29T19:46:12.135714Z",
            "yes_price": 19,
            "no_price": 81,
            "taker_side": "no"
        },
        {
            "trade_id": "4821fecf-c097-4ffe-8653-0a9ee7f4bbd1",
            "ticker": "HIGHNY-24AUG30-T71",
            "count": 36,
            "created_time": "2024-08-29T19:39:36.139635Z",
            "yes_price": 23,
            "no_price": 77,
            "taker_side": "no"
        },
        {
            "trade_id": "ece7eb24-93de-4056-81b9-1f508520d126",
            "ticker": "HIGHNY-24AUG30-T71",
            "count": 66,
            "created_time": "2024-08-29T19:39:16.480602Z",
            "yes_price": 22,
            "no_price": 78,
            "taker_side": "no"
        },
        {
            "trade_id": "5560e4be-858f-46fa-ba42-bab15f1936b8",
            "ticker": "HIGHNY-24AUG30-T71",
            "count": 54,
            "created_time": "2024-08-29T19:39:16.480602Z",
            "yes_price": 24,
            "no_price": 76,
            "taker_side": "no"
        },
        {
            "trade_id": "ac75b098-deee-4703-8e62-52c05573a134",
            "ticker": "HIGHNY-24AUG30-T71",
            "count": 18,
            "created_time": "2024-08-29T18:16:50.798551Z",
            "yes_price": 10,
            "no_price": 90,
            "taker_side": "no"
        },
        {
            "trade_id": "dcf8c34d-713d-487c-a939-69576ee83e02",
            "ticker": "HIGHNY-24AUG30-T71",
            "count": 90,
            "created_time": "2024-08-29T18:16:21.849672Z",
            "yes_price": 10,
            "no_price": 90,
            "taker_side": "no"
        },
        {
            "trade_id": "74423bf3-eb16-419d-a269-d1f43291345a",
            "ticker": "HIGHNY-24AUG30-T71",
            "count": 180,
            "created_time": "2024-08-29T18:16:21.849672Z",
            "yes_price": 9,
            "no_price": 91,
            "taker_side": "no"
        },
        {
            "trade_id": "fc3ee0c4-fd0c-4493-9f86-6745916b08ce",
            "ticker": "HIGHNY-24AUG30-T71",
            "count": 16,
            "created_time": "2024-08-29T14:40:06.555834Z",
            "yes_price": 20,
            "no_price": 80,
            "taker_side": "no"
        },
        {
            "trade_id": "9cf4f839-5528-4307-af4f-8e5d6081d63a",
            "ticker": "HIGHNY-24AUG30-T71",
            "count": 18,
            "created_time": "2024-08-29T14:40:06.555834Z",
            "yes_price": 21,
            "no_price": 79,
            "taker_side": "no"
        }
    ],
    "HIGHNY-24AUG30-B71.5": [
        {
            "trade_id": "271b6ea1-5e29-42a9-b961-bc1f1cef4e18",
            "ticker": "HIGHNY-24AUG30-B71.5",
            "count": 275,
            "created_time": "2024-08-30T19:41:04.468314Z",
            "yes_price": 1,
            "no_price": 99,
            "taker_side": "yes"
        },
        {
            "trade_id": "0eb9ecac-3f0f-4a3d-aa49-536ad674527e",
            "ticker": "HIGHNY-24AUG30-B71.5",
            "count": 262,
            "created_time": "2024-08-30T19:15:02.350551Z",
            "yes_price": 1,
            "no_price": 99,
            "taker_side": "yes"
        },
        {
            "trade_id": "ed698313-bd62-4fbe-9f7c-3777de123d86",
            "ticker": "HIGHNY-24AUG30-B71.5",
            "count": 200,
            "created_time": "2024-08-30T19:14:51.110198Z",
            "yes_price": 1,
            "no_price": 99,
            "taker_side": "yes"
        },
        {
            "trade_id": "261536af-14c9-4fe4-bd99-ba97584af921",
            "ticker": "HIGHNY-24AUG30-B71.5",
            "count": 50,
            "created_time": "2024-08-30T18:52:55.818611Z",
            "yes_price": 1,
            "no_price": 99,
            "taker_side": "no"
        },
        {
            "trade_id": "9b9be37e-09ab-455c-8a56-a32636e002d7",
            "ticker": "HIGHNY-24AUG30-B71.5",
            "count": 75,
            "created_time": "2024-08-30T16:29:53.38886Z",
            "yes_price": 18,
            "no_price": 82,
            "taker_side": "no"
        },
        {
            "trade_id": "75e1ffa7-0185-441d-970e-57671ba6391d",
            "ticker": "HIGHNY-24AUG30-B71.5",
            "count": 8,
            "created_time": "2024-08-30T15:52:44.892609Z",
            "yes_price": 29,
            "no_price": 71,
            "taker_side": "no"
        },
        {
            "trade_id": "a8cbf53a-e15b-40b3-b17e-0fa3f6822c81",
            "ticker": "HIGHNY-24AUG30-B71.5",
            "count": 72,
            "created_time": "2024-08-30T15:52:38.542584Z",
            "yes_price": 29,
            "no_price": 71,
            "taker_side": "no"
        },
        {
            "trade_id": "4d14485d-e9a0-4da4-a859-ed35c8aaadd5",
            "ticker": "HIGHNY-24AUG30-B71.5",
            "count": 20,
            "created_time": "2024-08-30T15:43:34.993854Z",
            "yes_price": 29,
            "no_price": 71,
            "taker_side": "no"
        },
        {
            "trade_id": "8cd12619-620c-4eb4-8270-9b9c4efc5867",
            "ticker": "HIGHNY-24AUG30-B71.5",
            "count": 25,
            "created_time": "2024-08-30T14:55:20.890899Z",
            "yes_price": 38,
            "no_price": 62,
            "taker_side": "yes"
        },
        {
            "trade_id": "006768cb-f914-46da-8467-6ba1e5dc742e",
            "ticker": "HIGHNY-24AUG30-B71.5",
            "count": 23,
            "created_time": "2024-08-30T14:53:17.344979Z",
            "yes_price": 40,
            "no_price": 60,
            "taker_side": "yes"
        },
        {
            "trade_id": "9ab69f8f-7052-4d28-b017-ec74a1744aec",
            "ticker": "HIGHNY-24AUG30-B71.5",
            "count": 20,
            "created_time": "2024-08-30T14:52:58.491768Z",
            "yes_price": 40,
            "no_price": 60,
            "taker_side": "yes"
        },
        {
            "trade_id": "b458f11a-15ac-4304-a1e9-e048ec3a5ef2",
            "ticker": "HIGHNY-24AUG30-B71.5",
            "count": 6,
            "created_time": "2024-08-30T14:32:28.865891Z",
            "yes_price": 40,
            "no_price": 60,
            "taker_side": "yes"
        },
        {
            "trade_id": "1bb156a8-807b-46cb-800b-2d34f942ae45",
            "ticker": "HIGHNY-24AUG30-B71.5",
            "count": 18,
            "created_time": "2024-08-30T14:32:28.865891Z",
            "yes_price": 38,
            "no_price": 62,
            "taker_side": "yes"
        },
        {
            "trade_id": "de3b0f96-3735-40b7-80a8-d2996822168e",
            "ticker": "HIGHNY-24AUG30-B71.5",
            "count": 18,
            "created_time": "2024-08-30T14:24:35.391347Z",
            "yes_price": 31,
            "no_price": 69,
            "taker_side": "yes"
        },
        {
            "trade_id": "cac51691-295f-4874-98eb-20b0e39afaa4",
            "ticker": "HIGHNY-24AUG30-B71.5",
            "count": 12,
            "created_time": "2024-08-30T14:24:35.391347Z",
            "yes_price": 33,
            "no_price": 67,
            "taker_side": "yes"
        },
        {
            "trade_id": "eb7faa7b-3232-4e2a-abbd-6b221c7cfd23",
            "ticker": "HIGHNY-24AUG30-B71.5",
            "count": 29,
            "created_time": "2024-08-30T14:07:28.568714Z",
            "yes_price": 32,
            "no_price": 68,
            "taker_side": "yes"
        },
        {
            "trade_id": "c87428eb-3bb2-49cc-a146-deaade9858c2",
            "ticker": "HIGHNY-24AUG30-B71.5",
            "count": 18,
            "created_time": "2024-08-30T14:07:11.04484Z",
            "yes_price": 31,
            "no_price": 69,
            "taker_side": "yes"
        },
        {
            "trade_id": "b74af763-1d3e-4f4d-a9eb-97fbfc18cc12",
            "ticker": "HIGHNY-24AUG30-B71.5",
            "count": 12,
            "created_time": "2024-08-30T14:07:11.04484Z",
            "yes_price": 33,
            "no_price": 67,
            "taker_side": "yes"
        },
        {
            "trade_id": "0f1836f8-c906-4d33-9d66-afecd98f0164",
            "ticker": "HIGHNY-24AUG30-B71.5",
            "count": 1,
            "created_time": "2024-08-30T13:10:03.194445Z",
            "yes_price": 25,
            "no_price": 75,
            "taker_side": "no"
        },
        {
            "trade_id": "a4bd08bb-1a16-418c-8665-1284411d00f1",
            "ticker": "HIGHNY-24AUG30-B71.5",
            "count": 9,
            "created_time": "2024-08-30T13:09:38.776046Z",
            "yes_price": 25,
            "no_price": 75,
            "taker_side": "no"
        },
        {
            "trade_id": "779b753d-3e89-4b4b-a70e-fb2f321ed958",
            "ticker": "HIGHNY-24AUG30-B71.5",
            "count": 13,
            "created_time": "2024-08-30T12:40:17.585694Z",
            "yes_price": 25,
            "no_price": 75,
            "taker_side": "no"
        },
        {
            "trade_id": "f8863cb0-67ea-4b85-b777-c537e68c9b0c",
            "ticker": "HIGHNY-24AUG30-B71.5",
            "count": 180,
            "created_time": "2024-08-30T12:04:09.936589Z",
            "yes_price": 28,
            "no_price": 72,
            "taker_side": "no"
        },
        {
            "trade_id": "dec9de4f-42ea-458f-abaf-8da60ec2928f",
            "ticker": "HIGHNY-24AUG30-B71.5",
            "count": 5,
            "created_time": "2024-08-30T12:04:09.936589Z",
            "yes_price": 27,
            "no_price": 73,
            "taker_side": "no"
        },
        {
            "trade_id": "298be1bc-bc6c-4581-97f8-e176ed5de2c1",
            "ticker": "HIGHNY-24AUG30-B71.5",
            "count": 90,
            "created_time": "2024-08-30T12:04:09.936589Z",
            "yes_price": 31,
            "no_price": 69,
            "taker_side": "no"
        },
        {
            "trade_id": "4db3ae41-df66-4427-ad3b-298b21e06fb5",
            "ticker": "HIGHNY-24AUG30-B71.5",
            "count": 24,
            "created_time": "2024-08-30T12:01:08.449322Z",
            "yes_price": 39,
            "no_price": 61,
            "taker_side": "yes"
        },
        {
            "trade_id": "6b88e8e5-8ad5-4806-8026-1a73a32f34f2",
            "ticker": "HIGHNY-24AUG30-B71.5",
            "count": 90,
            "created_time": "2024-08-30T01:54:54.240675Z",
            "yes_price": 34,
            "no_price": 66,
            "taker_side": "yes"
        },
        {
            "trade_id": "029908a1-7f65-43a4-8213-d578f2f3bebc",
            "ticker": "HIGHNY-24AUG30-B71.5",
            "count": 108,
            "created_time": "2024-08-30T01:52:46.402798Z",
            "yes_price": 34,
            "no_price": 66,
            "taker_side": "yes"
        },
        {
            "trade_id": "c3c8fc39-6eed-41b5-b2c0-206f479e713c",
            "ticker": "HIGHNY-24AUG30-B71.5",
            "count": 28,
            "created_time": "2024-08-30T01:37:04.829977Z",
            "yes_price": 33,
            "no_price": 67,
            "taker_side": "yes"
        },
        {
            "trade_id": "d5280646-3be7-4255-a065-5ff758a3f8b7",
            "ticker": "HIGHNY-24AUG30-B71.5",
            "count": 18,
            "created_time": "2024-08-30T01:30:52.443685Z",
            "yes_price": 28,
            "no_price": 72,
            "taker_side": "no"
        },
        {
            "trade_id": "e3cf2c56-77b7-44d9-be2e-cbc4c2a539b0",
            "ticker": "HIGHNY-24AUG30-B71.5",
            "count": 32,
            "created_time": "2024-08-30T01:30:32.738357Z",
            "yes_price": 28,
            "no_price": 72,
            "taker_side": "no"
        },
        {
            "trade_id": "943ca62a-de45-476b-b275-465a91f2b9a0",
            "ticker": "HIGHNY-24AUG30-B71.5",
            "count": 90,
            "created_time": "2024-08-30T00:43:20.849806Z",
            "yes_price": 31,
            "no_price": 69,
            "taker_side": "yes"
        },
        {
            "trade_id": "e616e472-ad04-4b7c-a641-0e0dbcb1af9e",
            "ticker": "HIGHNY-24AUG30-B71.5",
            "count": 108,
            "created_time": "2024-08-30T00:42:58.658925Z",
            "yes_price": 30,
            "no_price": 70,
            "taker_side": "yes"
        },
        {
            "trade_id": "d670c735-b612-4db2-9980-05e15f2633d0",
            "ticker": "HIGHNY-24AUG30-B71.5",
            "count": 90,
            "created_time": "2024-08-30T00:42:37.75643Z",
            "yes_price": 29,
            "no_price": 71,
            "taker_side": "yes"
        },
        {
            "trade_id": "83bed07a-9273-4fc9-89a5-70f4f3dcc327",
            "ticker": "HIGHNY-24AUG30-B71.5",
            "count": 90,
            "created_time": "2024-08-30T00:42:22.884309Z",
            "yes_price": 28,
            "no_price": 72,
            "taker_side": "yes"
        },
        {
            "trade_id": "0204eacb-fdeb-4e1a-bec0-7de0098e8f5b",
            "ticker": "HIGHNY-24AUG30-B71.5",
            "count": 49,
            "created_time": "2024-08-29T20:56:22.543664Z",
            "yes_price": 19,
            "no_price": 81,
            "taker_side": "yes"
        },
        {
            "trade_id": "be4d4820-a03d-45e3-afd6-c45da16cd27a",
            "ticker": "HIGHNY-24AUG30-B71.5",
            "count": 18,
            "created_time": "2024-08-29T20:55:02.468301Z",
            "yes_price": 12,
            "no_price": 88,
            "taker_side": "no"
        },
        {
            "trade_id": "b702181a-5d1f-4f61-82f3-0f935597246c",
            "ticker": "HIGHNY-24AUG30-B71.5",
            "count": 18,
            "created_time": "2024-08-29T19:46:18.580284Z",
            "yes_price": 25,
            "no_price": 75,
            "taker_side": "no"
        },
        {
            "trade_id": "bd1975fe-be2c-462b-b56f-dc6f2a6262ad",
            "ticker": "HIGHNY-24AUG30-B71.5",
            "count": 36,
            "created_time": "2024-08-29T19:39:43.122494Z",
            "yes_price": 31,
            "no_price": 69,
            "taker_side": "no"
        },
        {
            "trade_id": "7d5878e6-5087-4427-bf86-870a1ed0e3bb",
            "ticker": "HIGHNY-24AUG30-B71.5",
            "count": 72,
            "created_time": "2024-08-29T19:39:24.910828Z",
            "yes_price": 32,
            "no_price": 68,
            "taker_side": "no"
        },
        {
            "trade_id": "45e83887-8608-4e98-be8c-25e91833ac62",
            "ticker": "HIGHNY-24AUG30-B71.5",
            "count": 48,
            "created_time": "2024-08-29T19:39:24.910828Z",
            "yes_price": 30,
            "no_price": 70,
            "taker_side": "no"
        },
        {
            "trade_id": "8cea1e50-7ecc-4ae0-a86d-1f4ea77b507d",
            "ticker": "HIGHNY-24AUG30-B71.5",
            "count": 18,
            "created_time": "2024-08-29T18:16:30.638711Z",
            "yes_price": 27,
            "no_price": 73,
            "taker_side": "no"
        },
        {
            "trade_id": "6bb09a0a-9cb3-4387-8c5a-04aad78faa79",
            "ticker": "HIGHNY-24AUG30-B71.5",
            "count": 90,
            "created_time": "2024-08-29T18:15:59.900922Z",
            "yes_price": 28,
            "no_price": 72,
            "taker_side": "no"
        },
        {
            "trade_id": "0681a6e5-dd2d-4d3d-8849-7f9cf3a958d3",
            "ticker": "HIGHNY-24AUG30-B71.5",
            "count": 180,
            "created_time": "2024-08-29T18:15:59.900922Z",
            "yes_price": 27,
            "no_price": 73,
            "taker_side": "no"
        },
        {
            "trade_id": "aa1f7ebb-33b9-41a6-8753-f955eddb7c6d",
            "ticker": "HIGHNY-24AUG30-B71.5",
            "count": 28,
            "created_time": "2024-08-29T14:40:06.951323Z",
            "yes_price": 40,
            "no_price": 60,
            "taker_side": "no"
        }
    ],
    "HIGHNY-24AUG30-B73.5": [
        {
            "trade_id": "f59c2b8c-ae64-4520-99ca-f12317151b4f",
            "ticker": "HIGHNY-24AUG30-B73.5",
            "count": 300,
            "created_time": "2024-08-31T03:33:57.567746Z",
            "yes_price": 99,
            "no_price": 1,
            "taker_side": "no"
        },
        {
            "trade_id": "c99ce478-de41-474d-a200-ff00c8561349",
            "ticker": "HIGHNY-24AUG30-B73.5",
            "count": 100,
            "created_time": "2024-08-31T01:28:14.588496Z",
            "yes_price": 99,
            "no_price": 1,
            "taker_side": "no"
        },
        {
            "trade_id": "bf115b19-953a-49ec-b9f1-f76ec1e11ad6",
            "ticker": "HIGHNY-24AUG30-B73.5",
            "count": 266,
            "created_time": "2024-08-31T01:22:41.565999Z",
            "yes_price": 99,
            "no_price": 1,
            "taker_side": "no"
        },
        {
            "trade_id": "8e152ce9-f7cd-4803-a3e4-69074e3cc2c3",
            "ticker": "HIGHNY-24AUG30-B73.5",
            "count": 50,
            "created_time": "2024-08-30T23:54:50.485557Z",
            "yes_price": 99,
            "no_price": 1,
            "taker_side": "yes"
        },
        {
            "trade_id": "376b082e-bfe1-47f5-be6d-b15dab64433c",
            "ticker": "HIGHNY-24AUG30-B73.5",
            "count": 20,
            "created_time": "2024-08-30T23:54:50.485557Z",
            "yes_price": 98,
            "no_price": 2,
            "taker_side": "yes"
        },
        {
            "trade_id": "74ee3249-4d33-4cbc-922c-d992a4c6a2fd",
            "ticker": "HIGHNY-24AUG30-B73.5",
            "count": 25,
            "created_time": "2024-08-30T21:55:05.996984Z",
            "yes_price": 97,
            "no_price": 3,
            "taker_side": "yes"
        },
        {
            "trade_id": "e4d273df-3d04-4f2f-8d64-40ded3bd5ad5",
            "ticker": "HIGHNY-24AUG30-B73.5",
            "count": 375,
            "created_time": "2024-08-30T20:45:07.613621Z",
            "yes_price": 96,
            "no_price": 4,
            "taker_side": "yes"
        },
        {
            "trade_id": "a097b665-0fb2-4f8d-afd8-838c8379a12c",
            "ticker": "HIGHNY-24AUG30-B73.5",
            "count": 143,
            "created_time": "2024-08-30T18:17:40.918905Z",
            "yes_price": 35,
            "no_price": 65,
            "taker_side": "yes"
        },
        {
            "trade_id": "4bd87255-a71e-47bb-8a6a-e2b86546ea11",
            "ticker": "HIGHNY-24AUG30-B73.5",
            "count": 100,
            "created_time": "2024-08-30T18:09:39.337784Z",
            "yes_price": 35,
            "no_price": 65,
            "taker_side": "yes"
        },
        {
            "trade_id": "cc2d720d-269f-4680-b3cf-f5afeeff4c5e",
            "ticker": "HIGHNY-24AUG30-B73.5",
            "count": 57,
            "created_time": "2024-08-30T17:53:43.407769Z",
            "yes_price": 20,
            "no_price": 80,
            "taker_side": "no"
        },
        {
            "trade_id": "45a620d9-eeaf-42d8-af8a-18599abd85ab",
            "ticker": "HIGHNY-24AUG30-B73.5",
            "count": 150,
            "created_time": "2024-08-30T17:53:43.407769Z",
            "yes_price": 22,
            "no_price": 78,
            "taker_side": "no"
        },
        {
            "trade_id": "1a908cc3-edec-428c-a30f-1c323bf7de4d",
            "ticker": "HIGHNY-24AUG30-B73.5",
            "count": 98,
            "created_time": "2024-08-30T17:53:43.407769Z",
            "yes_price": 25,
            "no_price": 75,
            "taker_side": "no"
        },
        {
            "trade_id": "85af10a5-cc9b-4dbb-90a4-82ce2b881cb0",
            "ticker": "HIGHNY-24AUG30-B73.5",
            "count": 51,
            "created_time": "2024-08-30T17:25:57.432Z",
            "yes_price": 20,
            "no_price": 80,
            "taker_side": "no"
        },
        {
            "trade_id": "6ce4fe7b-2346-4e6a-8393-2995dbedc35b",
            "ticker": "HIGHNY-24AUG30-B73.5",
            "count": 7,
            "created_time": "2024-08-30T17:25:57.432Z",
            "yes_price": 21,
            "no_price": 79,
            "taker_side": "no"
        },
        {
            "trade_id": "1c59c1ba-91ea-4a03-b4fb-15a0a6fab6f5",
            "ticker": "HIGHNY-24AUG30-B73.5",
            "count": 4,
            "created_time": "2024-08-30T15:14:04.806863Z",
            "yes_price": 53,
            "no_price": 47,
            "taker_side": "yes"
        },
        {
            "trade_id": "e60f0996-2823-4d7b-bd8b-e01764c93408",
            "ticker": "HIGHNY-24AUG30-B73.5",
            "count": 72,
            "created_time": "2024-08-30T15:09:16.222524Z",
            "yes_price": 52,
            "no_price": 48,
            "taker_side": "yes"
        },
        {
            "trade_id": "8017d905-c1f5-47e7-81fd-a2fd54a40bf8",
            "ticker": "HIGHNY-24AUG30-B73.5",
            "count": 27,
            "created_time": "2024-08-30T14:55:27.780776Z",
            "yes_price": 35,
            "no_price": 65,
            "taker_side": "yes"
        },
        {
            "trade_id": "ba44e1b3-a42c-45ec-ada3-e45f2b77dfb2",
            "ticker": "HIGHNY-24AUG30-B73.5",
            "count": 27,
            "created_time": "2024-08-30T14:55:12.681797Z",
            "yes_price": 35,
            "no_price": 65,
            "taker_side": "yes"
        },
        {
            "trade_id": "e7eb161e-70cf-4973-9ec9-5d48a1a4e64b",
            "ticker": "HIGHNY-24AUG30-B73.5",
            "count": 180,
            "created_time": "2024-08-30T14:54:25.703092Z",
            "yes_price": 32,
            "no_price": 68,
            "taker_side": "yes"
        },
        {
            "trade_id": "dc5015d4-f13b-44b2-8b32-eee0f414bf65",
            "ticker": "HIGHNY-24AUG30-B73.5",
            "count": 90,
            "created_time": "2024-08-30T14:54:25.703092Z",
            "yes_price": 30,
            "no_price": 70,
            "taker_side": "yes"
        },
        {
            "trade_id": "706c45bb-9100-46e1-95fb-40fd3db47c7a",
            "ticker": "HIGHNY-24AUG30-B73.5",
            "count": 180,
            "created_time": "2024-08-30T14:54:25.703092Z",
            "yes_price": 34,
            "no_price": 66,
            "taker_side": "yes"
        },
        {
            "trade_id": "79103610-b117-4848-9d5d-8f2ebdd6e4d6",
            "ticker": "HIGHNY-24AUG30-B73.5",
            "count": 72,
            "created_time": "2024-08-30T14:43:07.088193Z",
            "yes_price": 28,
            "no_price": 72,
            "taker_side": "no"
        },
        {
            "trade_id": "48691f08-1aca-4d46-ba89-14a8550474ad",
            "ticker": "HIGHNY-24AUG30-B73.5",
            "count": 108,
            "created_time": "2024-08-30T14:39:56.995957Z",
            "yes_price": 28,
            "no_price": 72,
            "taker_side": "no"
        },
        {
            "trade_id": "3f06c714-24c8-403d-a622-0706c28a2883",
            "ticker": "HIGHNY-24AUG30-B73.5",
            "count": 98,
            "created_time": "2024-08-30T14:32:38.782264Z",
            "yes_price": 47,
            "no_price": 53,
            "taker_side": "no"
        },
        {
            "trade_id": "4ec0c14b-863c-466b-8ed9-9ff7d2897f8a",
            "ticker": "HIGHNY-24AUG30-B73.5",
            "count": 16,
            "created_time": "2024-08-30T14:13:59.852422Z",
            "yes_price": 54,
            "no_price": 46,
            "taker_side": "yes"
        },
        {
            "trade_id": "fb7a186d-f395-4364-92b0-65acda9bc392",
            "ticker": "HIGHNY-24AUG30-B73.5",
            "count": 18,
            "created_time": "2024-08-30T14:07:37.234652Z",
            "yes_price": 53,
            "no_price": 47,
            "taker_side": "yes"
        },
        {
            "trade_id": "f5f3601b-cf33-47bc-8f9d-062a3b03e1a7",
            "ticker": "HIGHNY-24AUG30-B73.5",
            "count": 18,
            "created_time": "2024-08-30T14:07:05.013547Z",
            "yes_price": 53,
            "no_price": 47,
            "taker_side": "yes"
        },
        {
            "trade_id": "fa947472-1f7d-47e6-80f6-9be4c7725b60",
            "ticker": "HIGHNY-24AUG30-B73.5",
            "count": 180,
            "created_time": "2024-08-30T13:29:41.369784Z",
            "yes_price": 49,
            "no_price": 51,
            "taker_side": "yes"
        },
        {
            "trade_id": "9dd693af-82c3-4015-91aa-39bd409df3dd",
            "ticker": "HIGHNY-24AUG30-B73.5",
            "count": 18,
            "created_time": "2024-08-30T13:29:41.369784Z",
            "yes_price": 47,
            "no_price": 53,
            "taker_side": "yes"
        },
        {
            "trade_id": "cd5378b2-3b6a-4f15-b39e-fb12ccaf4db2",
            "ticker": "HIGHNY-24AUG30-B73.5",
            "count": 2,
            "created_time": "2024-08-30T13:04:15.316017Z",
            "yes_price": 48,
            "no_price": 52,
            "taker_side": "yes"
        },
        {
            "trade_id": "48814219-bce2-475b-8e62-9995fcd277e0",
            "ticker": "HIGHNY-24AUG30-B73.5",
            "count": 18,
            "created_time": "2024-08-30T13:04:15.316017Z",
            "yes_price": 46,
            "no_price": 54,
            "taker_side": "yes"
        },
        {
            "trade_id": "d5ab9e12-cdf5-4e0c-aa96-2366e275644a",
            "ticker": "HIGHNY-24AUG30-B73.5",
            "count": 5,
            "created_time": "2024-08-30T13:02:56.106421Z",
            "yes_price": 46,
            "no_price": 54,
            "taker_side": "yes"
        },
        {
            "trade_id": "e18d23d2-001d-4a0a-a765-b85e20b5389f",
            "ticker": "HIGHNY-24AUG30-B73.5",
            "count": 20,
            "created_time": "2024-08-30T12:22:36.101914Z",
            "yes_price": 46,
            "no_price": 54,
            "taker_side": "yes"
        },
        {
            "trade_id": "5fdae385-45f0-42cc-b09d-9a03101fface",
            "ticker": "HIGHNY-24AUG30-B73.5",
            "count": 21,
            "created_time": "2024-08-30T12:10:55.696628Z",
            "yes_price": 45,
            "no_price": 55,
            "taker_side": "yes"
        },
        {
            "trade_id": "751306eb-8361-4b54-a9dc-120909b09eac",
            "ticker": "HIGHNY-24AUG30-B73.5",
            "count": 18,
            "created_time": "2024-08-30T12:02:52.138698Z",
            "yes_price": 41,
            "no_price": 59,
            "taker_side": "yes"
        },
        {
            "trade_id": "473d715b-e40f-4201-b706-51705edb0383",
            "ticker": "HIGHNY-24AUG30-B73.5",
            "count": 5,
            "created_time": "2024-08-30T12:02:52.138698Z",
            "yes_price": 44,
            "no_price": 56,
            "taker_side": "yes"
        },
        {
            "trade_id": "5d5cbd01-708a-4feb-8107-a03e5c91064b",
            "ticker": "HIGHNY-24AUG30-B73.5",
            "count": 22,
            "created_time": "2024-08-30T12:01:37.928908Z",
            "yes_price": 43,
            "no_price": 57,
            "taker_side": "yes"
        },
        {
            "trade_id": "7033ac18-a4a0-4697-a457-3eb2fd5328a9",
            "ticker": "HIGHNY-24AUG30-B73.5",
            "count": 22,
            "created_time": "2024-08-30T12:01:20.655577Z",
            "yes_price": 43,
            "no_price": 57,
            "taker_side": "yes"
        },
        {
            "trade_id": "c7e49641-8d7f-4eb7-9cb8-b1004b3b55ed",
            "ticker": "HIGHNY-24AUG30-B73.5",
            "count": 18,
            "created_time": "2024-08-30T12:00:57.514827Z",
            "yes_price": 41,
            "no_price": 59,
            "taker_side": "yes"
        },
        {
            "trade_id": "6d2cb248-3255-4da2-a3aa-54969df5b1ba",
            "ticker": "HIGHNY-24AUG30-B73.5",
            "count": 5,
            "created_time": "2024-08-30T12:00:57.514827Z",
            "yes_price": 44,
            "no_price": 56,
            "taker_side": "yes"
        },
        {
            "trade_id": "e9e60881-ea0f-4efa-b668-b857145ecd82",
            "ticker": "HIGHNY-24AUG30-B73.5",
            "count": 20,
            "created_time": "2024-08-30T01:37:14.430996Z",
            "yes_price": 47,
            "no_price": 53,
            "taker_side": "yes"
        },
        {
            "trade_id": "40a02963-971f-4376-a8d6-b4ed3910a50d",
            "ticker": "HIGHNY-24AUG30-B73.5",
            "count": 18,
            "created_time": "2024-08-30T01:30:52.449958Z",
            "yes_price": 42,
            "no_price": 58,
            "taker_side": "no"
        },
        {
            "trade_id": "6a968ae4-277f-4788-93a9-e925866ca0f8",
            "ticker": "HIGHNY-24AUG30-B73.5",
            "count": 32,
            "created_time": "2024-08-30T01:30:32.731042Z",
            "yes_price": 43,
            "no_price": 57,
            "taker_side": "no"
        },
        {
            "trade_id": "b665a497-bbca-4ff9-a8d0-f6cfb4f5361b",
            "ticker": "HIGHNY-24AUG30-B73.5",
            "count": 90,
            "created_time": "2024-08-29T23:49:41.922077Z",
            "yes_price": 47,
            "no_price": 53,
            "taker_side": "yes"
        },
        {
            "trade_id": "405a3348-b127-4b22-b211-746e09b8a2e9",
            "ticker": "HIGHNY-24AUG30-B73.5",
            "count": 72,
            "created_time": "2024-08-29T23:49:22.163454Z",
            "yes_price": 46,
            "no_price": 54,
            "taker_side": "yes"
        },
        {
            "trade_id": "c5ee7812-aaaa-4027-a850-c8f77d79e2e3",
            "ticker": "HIGHNY-24AUG30-B73.5",
            "count": 72,
            "created_time": "2024-08-29T23:48:48.843992Z",
            "yes_price": 45,
            "no_price": 55,
            "taker_side": "yes"
        },
        {
            "trade_id": "c38bdb2a-fc51-4edf-b398-8a14328ddfb5",
            "ticker": "HIGHNY-24AUG30-B73.5",
            "count": 180,
            "created_time": "2024-08-29T23:48:28.106618Z",
            "yes_price": 44,
            "no_price": 56,
            "taker_side": "yes"
        },
        {
            "trade_id": "4eb9ab1d-2b78-42c9-abe4-858d6ea4228d",
            "ticker": "HIGHNY-24AUG30-B73.5",
            "count": 54,
            "created_time": "2024-08-29T23:48:28.106618Z",
            "yes_price": 43,
            "no_price": 57,
            "taker_side": "yes"
        },
        {
            "trade_id": "49c899f3-016d-40f6-bb6a-2bcce9a1ae9c",
            "ticker": "HIGHNY-24AUG30-B73.5",
            "count": 9,
            "created_time": "2024-08-29T21:12:23.62236Z",
            "yes_price": 38,
            "no_price": 62,
            "taker_side": "no"
        },
        {
            "trade_id": "316ad0e3-85bd-4e3b-adfa-0ad4f82a3dcc",
            "ticker": "HIGHNY-24AUG30-B73.5",
            "count": 72,
            "created_time": "2024-08-29T21:11:54.135233Z",
            "yes_price": 39,
            "no_price": 61,
            "taker_side": "no"
        },
        {
            "trade_id": "e9b7b53d-5df9-4245-8ec4-856c48171f92",
            "ticker": "HIGHNY-24AUG30-B73.5",
            "count": 100,
            "created_time": "2024-08-29T21:11:38.67966Z",
            "yes_price": 41,
            "no_price": 59,
            "taker_side": "no"
        },
        {
            "trade_id": "81011a29-64c5-41c0-8f78-ba024be6f6ed",
            "ticker": "HIGHNY-24AUG30-B73.5",
            "count": 180,
            "created_time": "2024-08-29T21:11:38.67966Z",
            "yes_price": 40,
            "no_price": 60,
            "taker_side": "no"
        },
        {
            "trade_id": "7ee5f461-cd4b-4062-88af-c648f7ebc74d",
            "ticker": "HIGHNY-24AUG30-B73.5",
            "count": 36,
            "created_time": "2024-08-29T21:11:38.67966Z",
            "yes_price": 42,
            "no_price": 58,
            "taker_side": "no"
        },
        {
            "trade_id": "81a8df70-45d0-46ef-9303-addb65462240",
            "ticker": "HIGHNY-24AUG30-B73.5",
            "count": 180,
            "created_time": "2024-08-29T21:05:31.016122Z",
            "yes_price": 49,
            "no_price": 51,
            "taker_side": "no"
        },
        {
            "trade_id": "64b1b182-b22e-4458-b2c0-2013a3973cbc",
            "ticker": "HIGHNY-24AUG30-B73.5",
            "count": 180,
            "created_time": "2024-08-29T21:05:31.016122Z",
            "yes_price": 51,
            "no_price": 49,
            "taker_side": "no"
        },
        {
            "trade_id": "1c9244b4-4c30-4df1-b512-d0898e93d33d",
            "ticker": "HIGHNY-24AUG30-B73.5",
            "count": 54,
            "created_time": "2024-08-29T21:05:31.016122Z",
            "yes_price": 54,
            "no_price": 46,
            "taker_side": "no"
        },
        {
            "trade_id": "e7d3df3f-3bf2-4e6e-9748-af80f5b28fb0",
            "ticker": "HIGHNY-24AUG30-B73.5",
            "count": 36,
            "created_time": "2024-08-29T21:04:45.391592Z",
            "yes_price": 59,
            "no_price": 41,
            "taker_side": "no"
        },
        {
            "trade_id": "7121e7f9-74a8-4b8b-a210-bef98ce5338f",
            "ticker": "HIGHNY-24AUG30-B73.5",
            "count": 180,
            "created_time": "2024-08-29T21:04:45.391592Z",
            "yes_price": 56,
            "no_price": 44,
            "taker_side": "no"
        },
        {
            "trade_id": "5aa8f0fa-46ad-4c84-aa18-ca242ecd14ae",
            "ticker": "HIGHNY-24AUG30-B73.5",
            "count": 180,
            "created_time": "2024-08-29T21:04:45.391592Z",
            "yes_price": 54,
            "no_price": 46,
            "taker_side": "no"
        },
        {
            "trade_id": "c6ac6168-9925-4376-bb75-3652e248777d",
            "ticker": "HIGHNY-24AUG30-B73.5",
            "count": 18,
            "created_time": "2024-08-29T20:55:02.481856Z",
            "yes_price": 60,
            "no_price": 40,
            "taker_side": "no"
        },
        {
            "trade_id": "51f94b62-2847-48a3-b43c-09e718d7935e",
            "ticker": "HIGHNY-24AUG30-B73.5",
            "count": 28,
            "created_time": "2024-08-29T20:32:39.480372Z",
            "yes_price": 51,
            "no_price": 49,
            "taker_side": "yes"
        },
        {
            "trade_id": "afb7cbaa-09b1-47e8-a06a-16a10dc9135f",
            "ticker": "HIGHNY-24AUG30-B73.5",
            "count": 2,
            "created_time": "2024-08-29T20:08:41.497001Z",
            "yes_price": 45,
            "no_price": 55,
            "taker_side": "yes"
        },
        {
            "trade_id": "8d7c525f-089c-457b-94f5-8b787851dbc1",
            "ticker": "HIGHNY-24AUG30-B73.5",
            "count": 50,
            "created_time": "2024-08-29T19:38:19.222329Z",
            "yes_price": 35,
            "no_price": 65,
            "taker_side": "yes"
        },
        {
            "trade_id": "673c7015-d913-43f6-875a-7d43bff104ae",
            "ticker": "HIGHNY-24AUG30-B73.5",
            "count": 90,
            "created_time": "2024-08-29T19:38:19.222329Z",
            "yes_price": 35,
            "no_price": 65,
            "taker_side": "yes"
        },
        {
            "trade_id": "b3d904c4-d723-4399-9e5d-352afd52c948",
            "ticker": "HIGHNY-24AUG30-B73.5",
            "count": 18,
            "created_time": "2024-08-29T19:37:59.757013Z",
            "yes_price": 34,
            "no_price": 66,
            "taker_side": "yes"
        },
        {
            "trade_id": "865ad4ad-f905-420a-a6ea-2ca82262bc02",
            "ticker": "HIGHNY-24AUG30-B73.5",
            "count": 18,
            "created_time": "2024-08-29T19:37:06.167748Z",
            "yes_price": 32,
            "no_price": 68,
            "taker_side": "yes"
        },
        {
            "trade_id": "38890933-b48b-4c4a-a3e7-38081e8a44ca",
            "ticker": "HIGHNY-24AUG30-B73.5",
            "count": 180,
            "created_time": "2024-08-29T19:37:06.167748Z",
            "yes_price": 34,
            "no_price": 66,
            "taker_side": "yes"
        },
        {
            "trade_id": "addc96eb-ed92-489a-a83e-7ae532a3734d",
            "ticker": "HIGHNY-24AUG30-B73.5",
            "count": 18,
            "created_time": "2024-08-29T19:36:20.198066Z",
            "yes_price": 32,
            "no_price": 68,
            "taker_side": "yes"
        },
        {
            "trade_id": "819fefb1-80ba-44b5-926d-3be940eb117a",
            "ticker": "HIGHNY-24AUG30-B73.5",
            "count": 180,
            "created_time": "2024-08-29T19:36:20.198066Z",
            "yes_price": 36,
            "no_price": 64,
            "taker_side": "yes"
        },
        {
            "trade_id": "57d7c258-a038-4981-979a-ecc84d7cff43",
            "ticker": "HIGHNY-24AUG30-B73.5",
            "count": 180,
            "created_time": "2024-08-29T19:36:20.198066Z",
            "yes_price": 34,
            "no_price": 66,
            "taker_side": "yes"
        },
        {
            "trade_id": "3c5da4ef-85d1-46f4-83dc-7389d1458cba",
            "ticker": "HIGHNY-24AUG30-B73.5",
            "count": 1,
            "created_time": "2024-08-29T16:09:33.719634Z",
            "yes_price": 44,
            "no_price": 56,
            "taker_side": "no"
        },
        {
            "trade_id": "96ae18e4-79a9-49cb-8d7a-083b5ca6509d",
            "ticker": "HIGHNY-24AUG30-B73.5",
            "count": 2,
            "created_time": "2024-08-29T16:09:14.569531Z",
            "yes_price": 44,
            "no_price": 56,
            "taker_side": "no"
        },
        {
            "trade_id": "ae706486-d994-4337-9211-7e8be08ff2e1",
            "ticker": "HIGHNY-24AUG30-B73.5",
            "count": 2,
            "created_time": "2024-08-29T16:08:47.336381Z",
            "yes_price": 44,
            "no_price": 56,
            "taker_side": "no"
        },
        {
            "trade_id": "95a77524-b234-4a8d-a8c4-22d86b4f3bf8",
            "ticker": "HIGHNY-24AUG30-B73.5",
            "count": 2,
            "created_time": "2024-08-29T16:08:37.033586Z",
            "yes_price": 44,
            "no_price": 56,
            "taker_side": "yes"
        },
        {
            "trade_id": "0c9a8805-074c-4d40-9cf6-8915f90d295b",
            "ticker": "HIGHNY-24AUG30-B73.5",
            "count": 5,
            "created_time": "2024-08-29T14:49:18.971812Z",
            "yes_price": 27,
            "no_price": 73,
            "taker_side": "yes"
        },
        {
            "trade_id": "89172629-613b-4f34-9b78-4d5c787524c1",
            "ticker": "HIGHNY-24AUG30-B73.5",
            "count": 108,
            "created_time": "2024-08-29T14:48:46.259898Z",
            "yes_price": 26,
            "no_price": 74,
            "taker_side": "no"
        },
        {
            "trade_id": "17eee6c4-6942-4e07-8691-6f8fb6724397",
            "ticker": "HIGHNY-24AUG30-B73.5",
            "count": 90,
            "created_time": "2024-08-29T14:48:36.471321Z",
            "yes_price": 26,
            "no_price": 74,
            "taker_side": "no"
        },
        {
            "trade_id": "f170b089-2eb8-40df-a3bd-a908dac09b95",
            "ticker": "HIGHNY-24AUG30-B73.5",
            "count": 5,
            "created_time": "2024-08-29T14:48:09.545694Z",
            "yes_price": 26,
            "no_price": 74,
            "taker_side": "yes"
        },
        {
            "trade_id": "f0d590be-b8b7-4a5d-bde8-f7890ef726f3",
            "ticker": "HIGHNY-24AUG30-B73.5",
            "count": 90,
            "created_time": "2024-08-29T14:48:09.545694Z",
            "yes_price": 27,
            "no_price": 73,
            "taker_side": "yes"
        },
        {
            "trade_id": "818592b3-bce8-480b-981b-2252a728553f",
            "ticker": "HIGHNY-24AUG30-B73.5",
            "count": 180,
            "created_time": "2024-08-29T14:48:09.545694Z",
            "yes_price": 29,
            "no_price": 71,
            "taker_side": "yes"
        },
        {
            "trade_id": "ef24435c-db92-4911-b1d8-d5c6c5ebc0bd",
            "ticker": "HIGHNY-24AUG30-B73.5",
            "count": 2,
            "created_time": "2024-08-29T14:19:32.063887Z",
            "yes_price": 35,
            "no_price": 65,
            "taker_side": "yes"
        },
        {
            "trade_id": "839d60b4-27ca-4f3b-be96-2b1c98b0317a",
            "ticker": "HIGHNY-24AUG30-B73.5",
            "count": 2,
            "created_time": "2024-08-29T14:12:08.476244Z",
            "yes_price": 25,
            "no_price": 75,
            "taker_side": "yes"
        }
    ],
    "HIGHNY-24AUG30-B75.5": [
        {
            "trade_id": "e2b749ca-46fc-4a9a-b423-5a4330b81c8d",
            "ticker": "HIGHNY-24AUG30-B75.5",
            "count": 116,
            "created_time": "2024-08-31T00:17:35.648321Z",
            "yes_price": 1,
            "no_price": 99,
            "taker_side": "yes"
        },
        {
            "trade_id": "e006f8ae-9036-4e5a-b420-54f7865f2e72",
            "ticker": "HIGHNY-24AUG30-B75.5",
            "count": 4,
            "created_time": "2024-08-30T23:54:46.637269Z",
            "yes_price": 1,
            "no_price": 99,
            "taker_side": "no"
        },
        {
            "trade_id": "bbec05fd-a509-46aa-81a9-930e371ce698",
            "ticker": "HIGHNY-24AUG30-B75.5",
            "count": 8,
            "created_time": "2024-08-30T23:54:46.637269Z",
            "yes_price": 1,
            "no_price": 99,
            "taker_side": "no"
        },
        {
            "trade_id": "b0d08e0f-0101-405c-817a-ba4b5c33eb71",
            "ticker": "HIGHNY-24AUG30-B75.5",
            "count": 50,
            "created_time": "2024-08-30T23:54:46.637269Z",
            "yes_price": 1,
            "no_price": 99,
            "taker_side": "no"
        },
        {
            "trade_id": "ae207785-e469-43dc-bc87-db9605669af3",
            "ticker": "HIGHNY-24AUG30-B75.5",
            "count": 4,
            "created_time": "2024-08-30T23:54:46.637269Z",
            "yes_price": 1,
            "no_price": 99,
            "taker_side": "no"
        },
        {
            "trade_id": "014427da-2e38-4706-b42e-c05c33f0f242",
            "ticker": "HIGHNY-24AUG30-B75.5",
            "count": 52,
            "created_time": "2024-08-30T23:29:23.197745Z",
            "yes_price": 9,
            "no_price": 91,
            "taker_side": "yes"
        },
        {
            "trade_id": "d4057643-5dd4-424a-a180-982a1293eb41",
            "ticker": "HIGHNY-24AUG30-B75.5",
            "count": 16,
            "created_time": "2024-08-30T20:47:43.317025Z",
            "yes_price": 10,
            "no_price": 90,
            "taker_side": "yes"
        },
        {
            "trade_id": "15a0f513-6f64-4256-9e62-ab73abd91bb6",
            "ticker": "HIGHNY-24AUG30-B75.5",
            "count": 78,
            "created_time": "2024-08-30T20:00:32.789925Z",
            "yes_price": 15,
            "no_price": 85,
            "taker_side": "no"
        },
        {
            "trade_id": "4228fc4f-ef20-410f-8094-f33c018a021d",
            "ticker": "HIGHNY-24AUG30-B75.5",
            "count": 116,
            "created_time": "2024-08-30T19:57:46.036734Z",
            "yes_price": 15,
            "no_price": 85,
            "taker_side": "no"
        },
        {
            "trade_id": "74c726dd-3c4a-4ab0-8759-d49b3c242428",
            "ticker": "HIGHNY-24AUG30-B75.5",
            "count": 52,
            "created_time": "2024-08-30T19:56:21.154304Z",
            "yes_price": 75,
            "no_price": 25,
            "taker_side": "no"
        },
        {
            "trade_id": "8c5a5cfc-f6a8-443e-a2c9-071217ac13b3",
            "ticker": "HIGHNY-24AUG30-B75.5",
            "count": 28,
            "created_time": "2024-08-30T19:55:58.733272Z",
            "yes_price": 55,
            "no_price": 45,
            "taker_side": "yes"
        },
        {
            "trade_id": "faa6bc1d-f900-47d1-b70b-61f4a739607c",
            "ticker": "HIGHNY-24AUG30-B75.5",
            "count": 4,
            "created_time": "2024-08-30T18:25:41.641643Z",
            "yes_price": 18,
            "no_price": 82,
            "taker_side": "yes"
        },
        {
            "trade_id": "e9ae6137-acc6-41b6-970f-e33f78212088",
            "ticker": "HIGHNY-24AUG30-B75.5",
            "count": 18,
            "created_time": "2024-08-30T01:30:52.442597Z",
            "yes_price": 18,
            "no_price": 82,
            "taker_side": "no"
        },
        {
            "trade_id": "e8d6aaa5-189a-419d-b544-a72159d68d57",
            "ticker": "HIGHNY-24AUG30-B75.5",
            "count": 32,
            "created_time": "2024-08-30T01:30:32.737567Z",
            "yes_price": 18,
            "no_price": 82,
            "taker_side": "no"
        },
        {
            "trade_id": "ff765ac2-1fbe-4154-8895-32afdf99f1fb",
            "ticker": "HIGHNY-24AUG30-B75.5",
            "count": 41,
            "created_time": "2024-08-29T20:55:18.076788Z",
            "yes_price": 23,
            "no_price": 77,
            "taker_side": "yes"
        },
        {
            "trade_id": "996b70d4-ec99-4ee6-9b24-286dd206e4d2",
            "ticker": "HIGHNY-24AUG30-B75.5",
            "count": 18,
            "created_time": "2024-08-29T20:55:02.476231Z",
            "yes_price": 11,
            "no_price": 89,
            "taker_side": "no"
        },
        {
            "trade_id": "9c4544d5-76ec-4c35-9321-fb55efb13b03",
            "ticker": "HIGHNY-24AUG30-B75.5",
            "count": 2,
            "created_time": "2024-08-29T18:17:11.808395Z",
            "yes_price": 20,
            "no_price": 80,
            "taker_side": "yes"
        },
        {
            "trade_id": "60efc4e7-7a3d-424f-acdb-302ba693ace4",
            "ticker": "HIGHNY-24AUG30-B75.5",
            "count": 180,
            "created_time": "2024-08-29T18:17:11.808395Z",
            "yes_price": 23,
            "no_price": 77,
            "taker_side": "yes"
        },
        {
            "trade_id": "2f1a53bf-ea10-493a-a83c-0a1d0714c1cf",
            "ticker": "HIGHNY-24AUG30-B75.5",
            "count": 36,
            "created_time": "2024-08-29T18:17:11.808395Z",
            "yes_price": 22,
            "no_price": 78,
            "taker_side": "yes"
        },
        {
            "trade_id": "f1f4a74f-1016-4305-9917-4e09bd6338bb",
            "ticker": "HIGHNY-24AUG30-B75.5",
            "count": 108,
            "created_time": "2024-08-29T18:15:24.100287Z",
            "yes_price": 17,
            "no_price": 83,
            "taker_side": "yes"
        },
        {
            "trade_id": "c8f9985c-941e-48df-af45-cca669dd76a4",
            "ticker": "HIGHNY-24AUG30-B75.5",
            "count": 180,
            "created_time": "2024-08-29T18:15:24.100287Z",
            "yes_price": 19,
            "no_price": 81,
            "taker_side": "yes"
        },
        {
            "trade_id": "2a983c14-1891-4bf2-8be6-9f3cb82e9eaf",
            "ticker": "HIGHNY-24AUG30-B75.5",
            "count": 180,
            "created_time": "2024-08-29T18:15:24.100287Z",
            "yes_price": 18,
            "no_price": 82,
            "taker_side": "yes"
        },
        {
            "trade_id": "54fd4a9f-1830-4803-a784-633844d702db",
            "ticker": "HIGHNY-24AUG30-B75.5",
            "count": 20,
            "created_time": "2024-08-29T18:04:39.903816Z",
            "yes_price": 17,
            "no_price": 83,
            "taker_side": "no"
        },
        {
            "trade_id": "3236f5b6-6610-4fa8-bf97-367b4e2fa5f6",
            "ticker": "HIGHNY-24AUG30-B75.5",
            "count": 36,
            "created_time": "2024-08-29T17:52:34.752027Z",
            "yes_price": 16,
            "no_price": 84,
            "taker_side": "yes"
        },
        {
            "trade_id": "2e826553-7a5a-426f-9d8e-93652affda95",
            "ticker": "HIGHNY-24AUG30-B75.5",
            "count": 4,
            "created_time": "2024-08-29T17:52:34.752027Z",
            "yes_price": 17,
            "no_price": 83,
            "taker_side": "yes"
        },
        {
            "trade_id": "1e24fc1e-6a08-49d3-b084-8506f460d7b3",
            "ticker": "HIGHNY-24AUG30-B75.5",
            "count": 140,
            "created_time": "2024-08-29T17:52:34.752027Z",
            "yes_price": 17,
            "no_price": 83,
            "taker_side": "yes"
        },
        {
            "trade_id": "5f5b6444-bfeb-4844-b7d7-fc9051636d1e",
            "ticker": "HIGHNY-24AUG30-B75.5",
            "count": 126,
            "created_time": "2024-08-29T14:34:35.761235Z",
            "yes_price": 13,
            "no_price": 87,
            "taker_side": "yes"
        },
        {
            "trade_id": "3678c674-f213-4b7c-a61c-e1ade3a1e188",
            "ticker": "HIGHNY-24AUG30-B75.5",
            "count": 180,
            "created_time": "2024-08-29T14:34:35.761235Z",
            "yes_price": 14,
            "no_price": 86,
            "taker_side": "yes"
        },
        {
            "trade_id": "15f01e82-e78e-42b9-b48a-465467de5d25",
            "ticker": "HIGHNY-24AUG30-B75.5",
            "count": 6,
            "created_time": "2024-08-29T14:19:48.624845Z",
            "yes_price": 15,
            "no_price": 85,
            "taker_side": "yes"
        },
        {
            "trade_id": "830f467f-e0cf-4fb6-a38b-52fe1c1dcf09",
            "ticker": "HIGHNY-24AUG30-B75.5",
            "count": 6,
            "created_time": "2024-08-29T14:19:23.41433Z",
            "yes_price": 15,
            "no_price": 85,
            "taker_side": "yes"
        },
        {
            "trade_id": "2a109059-aefe-4f52-96c9-83f77ecc9b0d",
            "ticker": "HIGHNY-24AUG30-B75.5",
            "count": 2,
            "created_time": "2024-08-29T14:12:03.257306Z",
            "yes_price": 10,
            "no_price": 90,
            "taker_side": "yes"
        }
    ],
    "HIGHNY-24AUG30-B77.5": [
        {
            "trade_id": "d7a15555-64ba-4c15-a10c-d54bb240555a",
            "ticker": "HIGHNY-24AUG30-B77.5",
            "count": 935,
            "created_time": "2024-08-31T03:55:29.664156Z",
            "yes_price": 1,
            "no_price": 99,
            "taker_side": "yes"
        },
        {
            "trade_id": "5f6ca2d4-537e-4d79-a204-0c8af9249af7",
            "ticker": "HIGHNY-24AUG30-B77.5",
            "count": 200,
            "created_time": "2024-08-30T20:00:45.474335Z",
            "yes_price": 3,
            "no_price": 97,
            "taker_side": "no"
        },
        {
            "trade_id": "cc463e85-3495-4276-8b4c-0141de6363b9",
            "ticker": "HIGHNY-24AUG30-B77.5",
            "count": 50,
            "created_time": "2024-08-30T18:02:42.618241Z",
            "yes_price": 1,
            "no_price": 99,
            "taker_side": "no"
        },
        {
            "trade_id": "f83dda76-254d-4cb6-a809-837e63f03b79",
            "ticker": "HIGHNY-24AUG30-B77.5",
            "count": 7,
            "created_time": "2024-08-30T17:53:52.681514Z",
            "yes_price": 2,
            "no_price": 98,
            "taker_side": "no"
        },
        {
            "trade_id": "70089925-cf17-4180-82c4-8146412d5a61",
            "ticker": "HIGHNY-24AUG30-B77.5",
            "count": 18,
            "created_time": "2024-08-30T01:30:52.455031Z",
            "yes_price": 2,
            "no_price": 98,
            "taker_side": "no"
        },
        {
            "trade_id": "2fda7cca-7fee-4fa5-b453-9e3852335f35",
            "ticker": "HIGHNY-24AUG30-B77.5",
            "count": 32,
            "created_time": "2024-08-30T01:30:32.730079Z",
            "yes_price": 3,
            "no_price": 97,
            "taker_side": "no"
        },
        {
            "trade_id": "d1b62c65-c23c-4e4d-9903-9f80bf96ddc8",
            "ticker": "HIGHNY-24AUG30-B77.5",
            "count": 2,
            "created_time": "2024-08-29T20:55:02.328355Z",
            "yes_price": 97,
            "no_price": 3,
            "taker_side": "yes"
        },
        {
            "trade_id": "c7d31e48-2b70-4894-b885-2380a0e4ddf8",
            "ticker": "HIGHNY-24AUG30-B77.5",
            "count": 1,
            "created_time": "2024-08-29T20:55:02.328355Z",
            "yes_price": 96,
            "no_price": 4,
            "taker_side": "yes"
        },
        {
            "trade_id": "6412d62f-1c36-4e2d-baf6-2dbd5d1f4d75",
            "ticker": "HIGHNY-24AUG30-B77.5",
            "count": 1,
            "created_time": "2024-08-29T20:55:02.328355Z",
            "yes_price": 48,
            "no_price": 52,
            "taker_side": "yes"
        },
        {
            "trade_id": "28e2bcc3-144a-4368-83be-0e130c70275e",
            "ticker": "HIGHNY-24AUG30-B77.5",
            "count": 2,
            "created_time": "2024-08-29T20:55:02.328355Z",
            "yes_price": 65,
            "no_price": 35,
            "taker_side": "yes"
        },
        {
            "trade_id": "1c1693b1-ce02-410a-ad54-0b10fbf70301",
            "ticker": "HIGHNY-24AUG30-B77.5",
            "count": 2,
            "created_time": "2024-08-29T20:55:02.328355Z",
            "yes_price": 25,
            "no_price": 75,
            "taker_side": "yes"
        },
        {
            "trade_id": "092332c2-d1a6-4126-99c7-881ffb38080e",
            "ticker": "HIGHNY-24AUG30-B77.5",
            "count": 18,
            "created_time": "2024-08-29T20:55:02.328355Z",
            "yes_price": 24,
            "no_price": 76,
            "taker_side": "yes"
        },
        {
            "trade_id": "e1491c50-a0e6-4214-a6b0-97dcd6e3d0e8",
            "ticker": "HIGHNY-24AUG30-B77.5",
            "count": 2,
            "created_time": "2024-08-29T16:53:26.479465Z",
            "yes_price": 95,
            "no_price": 5,
            "taker_side": "yes"
        },
        {
            "trade_id": "c859c6c8-b036-4d71-ad17-b56c26320372",
            "ticker": "HIGHNY-24AUG30-B77.5",
            "count": 2,
            "created_time": "2024-08-29T16:53:26.479465Z",
            "yes_price": 14,
            "no_price": 86,
            "taker_side": "yes"
        },
        {
            "trade_id": "9bcea7a4-335e-458b-bcc6-705ee224cf5f",
            "ticker": "HIGHNY-24AUG30-B77.5",
            "count": 28,
            "created_time": "2024-08-29T16:53:26.479465Z",
            "yes_price": 18,
            "no_price": 82,
            "taker_side": "yes"
        },
        {
            "trade_id": "68f0d067-301b-49a7-9c60-b5dcb8c1390c",
            "ticker": "HIGHNY-24AUG30-B77.5",
            "count": 2,
            "created_time": "2024-08-29T16:53:26.479465Z",
            "yes_price": 15,
            "no_price": 85,
            "taker_side": "yes"
        },
        {
            "trade_id": "4bca634a-4da0-499b-ade8-d7f5a399240d",
            "ticker": "HIGHNY-24AUG30-B77.5",
            "count": 2,
            "created_time": "2024-08-29T16:53:26.479465Z",
            "yes_price": 17,
            "no_price": 83,
            "taker_side": "yes"
        },
        {
            "trade_id": "15c0450d-316d-49c0-be65-b787c3ee1a4c",
            "ticker": "HIGHNY-24AUG30-B77.5",
            "count": 1,
            "created_time": "2024-08-29T16:53:26.479465Z",
            "yes_price": 96,
            "no_price": 4,
            "taker_side": "yes"
        },
        {
            "trade_id": "f3493472-b2d9-4727-a981-ec8a07cf8210",
            "ticker": "HIGHNY-24AUG30-B77.5",
            "count": 2,
            "created_time": "2024-08-29T14:15:43.574037Z",
            "yes_price": 5,
            "no_price": 95,
            "taker_side": "yes"
        }
    ],
    "HIGHNY-24AUG30-T78": [
        {
            "trade_id": "b91eea96-47ab-44e8-8e3c-cd27cafabfd1",
            "ticker": "HIGHNY-24AUG30-T78",
            "count": 32,
            "created_time": "2024-08-30T01:30:32.711064Z",
            "yes_price": 1,
            "no_price": 99,
            "taker_side": "no"
        },
        {
            "trade_id": "09dca048-a58a-4685-9650-6193e5958b22",
            "ticker": "HIGHNY-24AUG30-T78",
            "count": 2,
            "created_time": "2024-08-30T00:13:49.126861Z",
            "yes_price": 3,
            "no_price": 97,
            "taker_side": "yes"
        },
        {
            "trade_id": "e4d99795-d5ff-4eea-b5c6-5db8190ab6e9",
            "ticker": "HIGHNY-24AUG30-T78",
            "count": 18,
            "created_time": "2024-08-29T20:55:02.486001Z",
            "yes_price": 1,
            "no_price": 99,
            "taker_side": "no"
        }
    ]
}