{
    "HIGHNY-24JUN06-T78": [
        {
            "trade_id": "f5a22b82-420b-44d5-a01e-57e69f2dc0b3",
            "ticker": "HIGHNY-24JUN06-T78",
            "count": 5,
            "created_time": "2024-06-06T21:21:04.722704Z",
            "yes_price": 1,
            "no_price": 99,
            "taker_side": "yes"
        },
        {
            "trade_id": "ec6a33d5-f981-4d35-a274-3eaf0577a637",
            "ticker": "HIGHNY-24JUN06-T78",
            "count": 5,
            "created_time": "2024-06-06T20:38:54.016926Z",
            "yes_price": 1,
            "no_price": 99,
            "taker_side": "yes"
        },
        {
            "trade_id": "3c0e3d0d-75e9-4323-ae37-4c1bfe6a4561",
            "ticker": "HIGHNY-24JUN06-T78",
            "count": 411,
            "created_time": "2024-06-06T13:59:58.348967Z",
            "yes_price": 3,
            "no_price": 97,
            "taker_side": "no"
        },
        {
            "trade_id": "87573afd-6413-41d2-b567-ec5e55eb04dc",
            "ticker": "HIGHNY-24JUN06-T78",
            "count": 14,
            "created_time": "2024-06-06T13:31:10.402428Z",
            "yes_price": 3,
            "no_price": 97,
            "taker_side": "no"
        },
        {
            "trade_id": "4113e246-f0da-45c1-a5ac-0696cf6a0076",
            "ticker": "HIGHNY-24JUN06-T78",
            "count": 15,
            "created_time": "2024-06-06T13:20:48.062308Z",
            "yes_price": 3,
            "no_price": 97,
            "taker_side": "no"
        },
        {
            "trade_id": "238e7d71-f5c6-4c44-ab1e-e354fa333825",
            "ticker": "HIGHNY-24JUN06-T78",
            "count": 2,
            "created_time": "2024-06-06T13:16:36.877676Z",
            "yes_price": 3,
            "no_price": 97,
            "taker_side": "no"
        },
        {
            "trade_id": "824e0641-9a62-469e-9fc1-52f5ab47d5a3",
            "ticker": "HIGHNY-24JUN06-T78",
            "count": 58,
            "created_time": "2024-06-06T12:05:29.304259Z",
            "yes_price": 2,
            "no_price": 98,
            "taker_side": "no"
        },
        {
            "trade_id": "ce730f78-8e2d-4fed-91c2-a995d6b58c65",
            "ticker": "HIGHNY-24JUN06-T78",
            "count": 42,
            "created_time": "2024-06-06T12:04:48.490628Z",
            "yes_price": 1,
            "no_price": 99,
            "taker_side": "no"
        }
    ],
    "HIGHNY-24JUN06-B78.5": [
        {
            "trade_id": "8d75e37e-23b9-4486-8f00-4ecad455a74e",
            "ticker": "HIGHNY-24JUN06-B78.5",
            "count": 935,
            "created_time": "2024-06-07T01:31:12.733138Z",
            "yes_price": 1,
            "no_price": 99,
            "taker_side": "yes"
        },
        {
            "trade_id": "84e97569-14be-4fff-a9ef-5117fc0d928f",
            "ticker": "HIGHNY-24JUN06-B78.5",
            "count": 5,
            "created_time": "2024-06-06T20:38:44.760414Z",
            "yes_price": 1,
            "no_price": 99,
            "taker_side": "yes"
        },
        {
            "trade_id": "17d99d88-d309-4891-b45b-e68d3070c4d2",
            "ticker": "HIGHNY-24JUN06-B78.5",
            "count": 4,
            "created_time": "2024-06-06T13:59:54.640504Z",
            "yes_price": 11,
            "no_price": 89,
            "taker_side": "no"
        },
        {
            "trade_id": "0cb8d8fa-f6f6-4fd2-b3b6-5e5c7bc026fa",
            "ticker": "HIGHNY-24JUN06-B78.5",
            "count": 135,
            "created_time": "2024-06-06T13:59:54.640504Z",
            "yes_price": 10,
            "no_price": 90,
            "taker_side": "no"
        },
        {
            "trade_id": "a1593a64-0ee0-4e6d-a8ab-7afe650feae3",
            "ticker": "HIGHNY-24JUN06-B78.5",
            "count": 14,
            "created_time": "2024-06-06T13:31:10.401728Z",
            "yes_price": 11,
            "no_price": 89,
            "taker_side": "no"
        },
        {
            "trade_id": "81ce0b60-4644-4e5b-aa82-50f1a0579b9e",
            "ticker": "HIGHNY-24JUN06-B78.5",
            "count": 15,
            "created_time": "2024-06-06T13:20:48.036794Z",
            "yes_price": 10,
            "no_price": 90,
            "taker_side": "no"
        },
        {
            "trade_id": "7c65d5fa-2cd6-48b8-b73a-6e0329fb9125",
            "ticker": "HIGHNY-24JUN06-B78.5",
            "count": 2,
            "created_time": "2024-06-06T13:16:36.874949Z",
            "yes_price": 11,
            "no_price": 89,
            "taker_side": "no"
        },
        {
            "trade_id": "43b6961d-dcb6-43d3-8a2d-fc9f6912b59f",
            "ticker": "HIGHNY-24JUN06-B78.5",
            "count": 58,
            "created_time": "2024-06-06T12:05:29.30235Z",
            "yes_price": 15,
            "no_price": 85,
            "taker_side": "no"
        },
        {
            "trade_id": "e7e3930f-c292-4793-9ab5-6ed050e4336b",
            "ticker": "HIGHNY-24JUN06-B78.5",
            "count": 42,
            "created_time": "2024-06-06T12:04:48.471494Z",
            "yes_price": 15,
            "no_price": 85,
            "taker_side": "no"
        },
        {
            "trade_id": "4af9c819-10a4-43a2-868b-8e3384abf5e6",
            "ticker": "HIGHNY-24JUN06-B78.5",
            "count": 7,
            "created_time": "2024-06-06T01:16:57.834898Z",
            "yes_price": 12,
            "no_price": 88,
            "taker_side": "no"
        },
        {
            "trade_id": "a24477ca-21b7-406a-bf66-88ebf0ac2ba5",
            "ticker": "HIGHNY-24JUN06-B78.5",
            "count": 100,
            "created_time": "2024-06-05T22:40:28.921916Z",
            "yes_price": 16,
            "no_price": 84,
            "taker_side": "no"
        },
        {
            "trade_id": "dbf3905b-b92d-4fbe-a107-00d418e43b22",
            "ticker": "HIGHNY-24JUN06-B78.5",
            "count": 9,
            "created_time": "2024-06-05T21:24:28.621778Z",
            "yes_price": 18,
            "no_price": 82,
            "taker_side": "yes"
        },
        {
            "trade_id": "afc33926-0766-49eb-b641-9e9d57bd5c73",
            "ticker": "HIGHNY-24JUN06-B78.5",
            "count": 2,
            "created_time": "2024-06-05T21:24:28.621778Z",
            "yes_price": 18,
            "no_price": 82,
            "taker_side": "yes"
        }
    ],
    "HIGHNY-24JUN06-B80.5": [
        {
            "trade_id": "9441464e-075c-4ed4-a1f0-26d500b0e604",
            "ticker": "HIGHNY-24JUN06-B80.5",
            "count": 81,
            "created_time": "2024-06-06T21:23:34.904619Z",
            "yes_price": 98,
            "no_price": 2,
            "taker_side": "no"
        },
        {
            "trade_id": "49596819-934d-41b5-9667-8e42aeb1f689",
            "ticker": "HIGHNY-24JUN06-B80.5",
            "count": 1,
            "created_time": "2024-06-06T20:23:09.963352Z",
            "yes_price": 90,
            "no_price": 10,
            "taker_side": "yes"
        },
        {
            "trade_id": "61ebd9c8-626d-4910-9a71-e33a3909efbd",
            "ticker": "HIGHNY-24JUN06-B80.5",
            "count": 1,
            "created_time": "2024-06-06T20:19:03.23139Z",
            "yes_price": 80,
            "no_price": 20,
            "taker_side": "yes"
        },
        {
            "trade_id": "a777a5cb-71cc-495e-a14d-72a19902845e",
            "ticker": "HIGHNY-24JUN06-B80.5",
            "count": 3,
            "created_time": "2024-06-06T19:36:17.316626Z",
            "yes_price": 80,
            "no_price": 20,
            "taker_side": "yes"
        },
        {
            "trade_id": "7edfb46a-d206-4ca9-a3ee-601eb5c911a3",
            "ticker": "HIGHNY-24JUN06-B80.5",
            "count": 111,
            "created_time": "2024-06-06T19:36:17.316626Z",
            "yes_price": 81,
            "no_price": 19,
            "taker_side": "yes"
        },
        {
            "trade_id": "265861dc-5dd3-462b-8f61-7b1be7040de2",
            "ticker": "HIGHNY-24JUN06-B80.5",
            "count": 3,
            "created_time": "2024-06-06T19:36:17.316626Z",
            "yes_price": 80,
            "no_price": 20,
            "taker_side": "yes"
        },
        {
            "trade_id": "e31b6e29-ef26-4d35-9395-d88852822135",
            "ticker": "HIGHNY-24JUN06-B80.5",
            "count": 5,
            "created_time": "2024-06-06T19:24:45.729581Z",
            "yes_price": 81,
            "no_price": 19,
            "taker_side": "yes"
        },
        {
            "trade_id": "3eb219d9-2b98-49fb-91d2-16b2f6b8ad2e",
            "ticker": "HIGHNY-24JUN06-B80.5",
            "count": 5,
            "created_time": "2024-06-06T19:18:41.727166Z",
            "yes_price": 83,
            "no_price": 17,
            "taker_side": "yes"
        },
        {
            "trade_id": "71cdf2b1-de4a-4ca3-a569-3913d899db31",
            "ticker": "HIGHNY-24JUN06-B80.5",
            "count": 13,
            "created_time": "2024-06-06T19:18:11.979085Z",
            "yes_price": 83,
            "no_price": 17,
            "taker_side": "yes"
        },
        {
            "trade_id": "d0a215f1-2b8d-4ce4-8b60-1e843582888a",
            "ticker": "HIGHNY-24JUN06-B80.5",
            "count": 10,
            "created_time": "2024-06-06T19:17:30.188002Z",
            "yes_price": 83,
            "no_price": 17,
            "taker_side": "yes"
        },
        {
            "trade_id": "8e65454b-fadd-4ef6-8f9c-78ecbdc179ec",
            "ticker": "HIGHNY-24JUN06-B80.5",
            "count": 1,
            "created_time": "2024-06-06T19:16:53.502993Z",
            "yes_price": 65,
            "no_price": 35,
            "taker_side": "yes"
        },
        {
            "trade_id": "13bbdc6a-0045-4733-a8dd-640bab8c0b7c",
            "ticker": "HIGHNY-24JUN06-B80.5",
            "count": 1,
            "created_time": "2024-06-06T19:16:53.502993Z",
            "yes_price": 66,
            "no_price": 34,
            "taker_side": "yes"
        },
        {
            "trade_id": "c17ba9d5-109f-4c1b-8dfc-13a1bea070b6",
            "ticker": "HIGHNY-24JUN06-B80.5",
            "count": 1,
            "created_time": "2024-06-06T18:06:26.672599Z",
            "yes_price": 46,
            "no_price": 54,
            "taker_side": "no"
        },
        {
            "trade_id": "b01d7b77-a229-40bf-bacb-3b6dd317f4ed",
            "ticker": "HIGHNY-24JUN06-B80.5",
            "count": 190,
            "created_time": "2024-06-06T18:06:26.672599Z",
            "yes_price": 15,
            "no_price": 85,
            "taker_side": "no"
        },
        {
            "trade_id": "92f57a13-1e1f-4940-a952-54df3d4f4fa4",
            "ticker": "HIGHNY-24JUN06-B80.5",
            "count": 4,
            "created_time": "2024-06-06T18:06:26.672599Z",
            "yes_price": 16,
            "no_price": 84,
            "taker_side": "no"
        },
        {
            "trade_id": "4401a68a-2706-4137-95d9-e617b3c031c0",
            "ticker": "HIGHNY-24JUN06-B80.5",
            "count": 1,
            "created_time": "2024-06-06T18:06:26.672599Z",
            "yes_price": 45,
            "no_price": 55,
            "taker_side": "no"
        },
        {
            "trade_id": "cf2f4453-033e-438b-bb01-0659e282a5e5",
            "ticker": "HIGHNY-24JUN06-B80.5",
            "count": 1,
            "created_time": "2024-06-06T15:53:19.76934Z",
            "yes_price": 78,
            "no_price": 22,
            "taker_side": "yes"
        },
        {
            "trade_id": "89edea5f-c1a2-4b2d-a12c-8b5c4105d2d0",
            "ticker": "HIGHNY-24JUN06-B80.5",
            "count": 100,
            "created_time": "2024-06-06T15:53:19.76934Z",
            "yes_price": 78,
            "no_price": 22,
            "taker_side": "yes"
        },
        {
            "trade_id": "b5990adc-4924-4388-a264-9dd78e1d076b",
            "ticker": "HIGHNY-24JUN06-B80.5",
            "count": 2,
            "created_time": "2024-06-06T14:49:04.479648Z",
            "yes_price": 76,
            "no_price": 24,
            "taker_side": "yes"
        },
        {
            "trade_id": "53d120bb-5e1d-4c55-b480-76c44e905f81",
            "ticker": "HIGHNY-24JUN06-B80.5",
            "count": 100,
            "created_time": "2024-06-06T14:00:09.24547Z",
            "yes_price": 57,
            "no_price": 43,
            "taker_side": "yes"
        },
        {
            "trade_id": "d69837f5-9d84-456f-8082-5d695b16e8c2",
            "ticker": "HIGHNY-24JUN06-B80.5",
            "count": 50,
            "created_time": "2024-06-06T13:54:20.159966Z",
            "yes_price": 48,
            "no_price": 52,
            "taker_side": "no"
        },
        {
            "trade_id": "c96c6331-a692-4bc9-b945-fe6a4157f426",
            "ticker": "HIGHNY-24JUN06-B80.5",
            "count": 3,
            "created_time": "2024-06-06T13:51:36.388989Z",
            "yes_price": 58,
            "no_price": 42,
            "taker_side": "yes"
        },
        {
            "trade_id": "34a7a37c-9d9a-4589-814d-3dd66d694ee0",
            "ticker": "HIGHNY-24JUN06-B80.5",
            "count": 14,
            "created_time": "2024-06-06T13:31:10.403389Z",
            "yes_price": 50,
            "no_price": 50,
            "taker_side": "no"
        },
        {
            "trade_id": "887ea13b-4d08-4ed3-83b3-d74b6b0ea7c3",
            "ticker": "HIGHNY-24JUN06-B80.5",
            "count": 34,
            "created_time": "2024-06-06T13:30:50.084109Z",
            "yes_price": 49,
            "no_price": 51,
            "taker_side": "no"
        },
        {
            "trade_id": "25003795-793c-4c83-80a4-5266ad993324",
            "ticker": "HIGHNY-24JUN06-B80.5",
            "count": 13,
            "created_time": "2024-06-06T13:30:50.084109Z",
            "yes_price": 54,
            "no_price": 46,
            "taker_side": "no"
        },
        {
            "trade_id": "0f688dfb-58c9-4172-b8f3-8333328d8472",
            "ticker": "HIGHNY-24JUN06-B80.5",
            "count": 70,
            "created_time": "2024-06-06T13:30:50.084109Z",
            "yes_price": 51,
            "no_price": 49,
            "taker_side": "no"
        },
        {
            "trade_id": "14dccb07-7751-4fc9-8568-f36001817dab",
            "ticker": "HIGHNY-24JUN06-B80.5",
            "count": 15,
            "created_time": "2024-06-06T13:20:48.039169Z",
            "yes_price": 54,
            "no_price": 46,
            "taker_side": "no"
        },
        {
            "trade_id": "8fe8ba0d-1917-4ed7-920b-2e7905140536",
            "ticker": "HIGHNY-24JUN06-B80.5",
            "count": 3,
            "created_time": "2024-06-06T13:16:36.787913Z",
            "yes_price": 58,
            "no_price": 42,
            "taker_side": "yes"
        },
        {
            "trade_id": "5ae0c18b-907b-4a75-adc1-43b2fb8b5874",
            "ticker": "HIGHNY-24JUN06-B80.5",
            "count": 16,
            "created_time": "2024-06-06T13:16:36.787913Z",
            "yes_price": 59,
            "no_price": 41,
            "taker_side": "yes"
        },
        {
            "trade_id": "30d95fbe-83d6-43fa-b6ae-39ce959b000c",
            "ticker": "HIGHNY-24JUN06-B80.5",
            "count": 2,
            "created_time": "2024-06-06T13:16:36.787913Z",
            "yes_price": 58,
            "no_price": 42,
            "taker_side": "yes"
        },
        {
            "trade_id": "1dbaff17-8f44-4c40-8386-e59125d80de8",
            "ticker": "HIGHNY-24JUN06-B80.5",
            "count": 27,
            "created_time": "2024-06-06T13:16:36.787913Z",
            "yes_price": 61,
            "no_price": 39,
            "taker_side": "yes"
        },
        {
            "trade_id": "143fa0b4-56b5-412e-96f7-fb3ad9c33595",
            "ticker": "HIGHNY-24JUN06-B80.5",
            "count": 3,
            "created_time": "2024-06-06T12:31:12.79738Z",
            "yes_price": 54,
            "no_price": 46,
            "taker_side": "no"
        },
        {
            "trade_id": "b084c45c-d58d-4e4a-af47-f7f2cfbea8f8",
            "ticker": "HIGHNY-24JUN06-B80.5",
            "count": 58,
            "created_time": "2024-06-06T12:05:29.261869Z",
            "yes_price": 50,
            "no_price": 50,
            "taker_side": "no"
        },
        {
            "trade_id": "c0353c99-d812-4d28-8a9c-0786491ef94a",
            "ticker": "HIGHNY-24JUN06-B80.5",
            "count": 42,
            "created_time": "2024-06-06T12:04:48.453768Z",
            "yes_price": 51,
            "no_price": 49,
            "taker_side": "no"
        },
        {
            "trade_id": "e3a4269a-ed98-4020-9485-1c14ea50f90f",
            "ticker": "HIGHNY-24JUN06-B80.5",
            "count": 14,
            "created_time": "2024-06-06T12:01:53.152903Z",
            "yes_price": 56,
            "no_price": 44,
            "taker_side": "yes"
        },
        {
            "trade_id": "bab3a020-f789-440b-93ef-400451efca8e",
            "ticker": "HIGHNY-24JUN06-B80.5",
            "count": 67,
            "created_time": "2024-06-06T12:01:53.152903Z",
            "yes_price": 58,
            "no_price": 42,
            "taker_side": "yes"
        },
        {
            "trade_id": "afdba5d1-65e1-4e02-a152-e7f7a2ef0f2e",
            "ticker": "HIGHNY-24JUN06-B80.5",
            "count": 42,
            "created_time": "2024-06-06T12:01:40.127247Z",
            "yes_price": 52,
            "no_price": 48,
            "taker_side": "no"
        },
        {
            "trade_id": "7b290146-6c29-4068-bc8d-4a17779f55ce",
            "ticker": "HIGHNY-24JUN06-B80.5",
            "count": 83,
            "created_time": "2024-06-06T12:01:40.127247Z",
            "yes_price": 50,
            "no_price": 50,
            "taker_side": "no"
        },
        {
            "trade_id": "4a71598c-244e-436f-a451-1a267baf1b1d",
            "ticker": "HIGHNY-24JUN06-B80.5",
            "count": 1,
            "created_time": "2024-06-06T12:00:22.778189Z",
            "yes_price": 48,
            "no_price": 52,
            "taker_side": "yes"
        },
        {
            "trade_id": "40620230-d783-465e-8a43-9a818a4417f9",
            "ticker": "HIGHNY-24JUN06-B80.5",
            "count": 5,
            "created_time": "2024-06-06T03:10:13.369864Z",
            "yes_price": 30,
            "no_price": 70,
            "taker_side": "no"
        },
        {
            "trade_id": "43b194b8-2ab2-4eae-a6ab-72ff4647b5e4",
            "ticker": "HIGHNY-24JUN06-B80.5",
            "count": 300,
            "created_time": "2024-06-06T03:08:58.267167Z",
            "yes_price": 35,
            "no_price": 65,
            "taker_side": "no"
        },
        {
            "trade_id": "f1da9610-bd89-41be-9b1b-1c483f1c33dd",
            "ticker": "HIGHNY-24JUN06-B80.5",
            "count": 2,
            "created_time": "2024-06-06T02:44:28.298537Z",
            "yes_price": 36,
            "no_price": 64,
            "taker_side": "no"
        },
        {
            "trade_id": "5a159e2a-9065-45b9-a06e-6406115a7fa4",
            "ticker": "HIGHNY-24JUN06-B80.5",
            "count": 1,
            "created_time": "2024-06-06T02:44:28.298537Z",
            "yes_price": 36,
            "no_price": 64,
            "taker_side": "no"
        },
        {
            "trade_id": "2af1367f-1c97-48fc-9fb1-fee4ff65b14e",
            "ticker": "HIGHNY-24JUN06-B80.5",
            "count": 2,
            "created_time": "2024-06-06T02:44:17.220635Z",
            "yes_price": 37,
            "no_price": 63,
            "taker_side": "yes"
        },
        {
            "trade_id": "56fc0f82-9c97-4e20-b70e-f8ddcb02d607",
            "ticker": "HIGHNY-24JUN06-B80.5",
            "count": 3,
            "created_time": "2024-06-06T02:42:13.337419Z",
            "yes_price": 37,
            "no_price": 63,
            "taker_side": "yes"
        },
        {
            "trade_id": "4c6cf5ac-7781-4505-ae96-7286fab11511",
            "ticker": "HIGHNY-24JUN06-B80.5",
            "count": 2,
            "created_time": "2024-06-06T02:40:36.716627Z",
            "yes_price": 37,
            "no_price": 63,
            "taker_side": "no"
        },
        {
            "trade_id": "52a66c9a-331d-49e1-8711-5d70701edba6",
            "ticker": "HIGHNY-24JUN06-B80.5",
            "count": 7,
            "created_time": "2024-06-06T01:16:57.869384Z",
            "yes_price": 38,
            "no_price": 62,
            "taker_side": "no"
        },
        {
            "trade_id": "dd5abfaf-38e9-45aa-a9e9-2f119926c151",
            "ticker": "HIGHNY-24JUN06-B80.5",
            "count": 20,
            "created_time": "2024-06-05T21:10:06.499091Z",
            "yes_price": 38,
            "no_price": 62,
            "taker_side": "yes"
        },
        {
            "trade_id": "c53d2dd3-4a4b-4501-9043-8d5105b77f8b",
            "ticker": "HIGHNY-24JUN06-B80.5",
            "count": 102,
            "created_time": "2024-06-05T21:10:06.499091Z",
            "yes_price": 40,
            "no_price": 60,
            "taker_side": "yes"
        },
        {
            "trade_id": "4f862efd-16ff-47df-a345-2f88c1b3d442",
            "ticker": "HIGHNY-24JUN06-B80.5",
            "count": 3,
            "created_time": "2024-06-05T21:10:06.499091Z",
            "yes_price": 37,
            "no_price": 63,
            "taker_side": "yes"
        },
        {
            "trade_id": "3e0ff3bd-ed36-4384-a9df-1ab94811ca5f",
            "ticker": "HIGHNY-24JUN06-B80.5",
            "count": 8,
            "created_time": "2024-06-05T20:22:53.853088Z",
            "yes_price": 36,
            "no_price": 64,
            "taker_side": "no"
        },
        {
            "trade_id": "72236ca2-e358-49a9-bb7e-7ffb7be58a6f",
            "ticker": "HIGHNY-24JUN06-B80.5",
            "count": 3,
            "created_time": "2024-06-05T20:03:45.612733Z",
            "yes_price": 36,
            "no_price": 64,
            "taker_side": "no"
        },
        {
            "trade_id": "674cc5d7-67b6-4f49-bb92-ee5040e76d75",
            "ticker": "HIGHNY-24JUN06-B80.5",
            "count": 100,
            "created_time": "2024-06-05T17:51:49.205133Z",
            "yes_price": 38,
            "no_price": 62,
            "taker_side": "yes"
        },
        {
            "trade_id": "19ad36fb-dcf8-4bdf-8444-40a7759c4579",
            "ticker": "HIGHNY-24JUN06-B80.5",
            "count": 120,
            "created_time": "2024-06-05T17:51:24.952571Z",
            "yes_price": 37,
            "no_price": 63,
            "taker_side": "yes"
        },
        {
            "trade_id": "98714520-1903-4609-8829-8ec56d4ec2e0",
            "ticker": "HIGHNY-24JUN06-B80.5",
            "count": 20,
            "created_time": "2024-06-05T17:49:09.048661Z",
            "yes_price": 36,
            "no_price": 64,
            "taker_side": "yes"
        },
        {
            "trade_id": "55fce9aa-11e7-4bfd-a0b1-c8f96aab3cbb",
            "ticker": "HIGHNY-24JUN06-B80.5",
            "count": 3,
            "created_time": "2024-06-05T15:36:01.996826Z",
            "yes_price": 37,
            "no_price": 63,
            "taker_side": "yes"
        },
        {
            "trade_id": "f03349a5-c369-401a-973f-777b56b157dc",
            "ticker": "HIGHNY-24JUN06-B80.5",
            "count": 45,
            "created_time": "2024-06-05T15:20:13.548346Z",
            "yes_price": 26,
            "no_price": 74,
            "taker_side": "yes"
        },
        {
            "trade_id": "6bbd1c69-e882-44c3-ab56-a3b84a15ee2d",
            "ticker": "HIGHNY-24JUN06-B80.5",
            "count": 105,
            "created_time": "2024-06-05T14:45:02.805322Z",
            "yes_price": 24,
            "no_price": 76,
            "taker_side": "yes"
        },
        {
            "trade_id": "1ddd4c19-de99-4316-9aa1-d7b446c594ca",
            "ticker": "HIGHNY-24JUN06-B80.5",
            "count": 55,
            "created_time": "2024-06-05T14:44:28.167748Z",
            "yes_price": 23,
            "no_price": 77,
            "taker_side": "yes"
        },
        {
            "trade_id": "76310ed1-b6fc-4758-847c-a120868542f1",
            "ticker": "HIGHNY-24JUN06-B80.5",
            "count": 50,
            "created_time": "2024-06-05T14:36:26.619678Z",
            "yes_price": 23,
            "no_price": 77,
            "taker_side": "no"
        },
        {
            "trade_id": "f01e878f-af86-4e0f-b020-fdf8e6508021",
            "ticker": "HIGHNY-24JUN06-B80.5",
            "count": 8,
            "created_time": "2024-06-05T14:33:37.389624Z",
            "yes_price": 24,
            "no_price": 76,
            "taker_side": "yes"
        },
        {
            "trade_id": "45076271-778f-409c-a3b7-b3c33d3245b3",
            "ticker": "HIGHNY-24JUN06-B80.5",
            "count": 50,
            "created_time": "2024-06-05T14:32:30.93805Z",
            "yes_price": 25,
            "no_price": 75,
            "taker_side": "no"
        },
        {
            "trade_id": "131f4567-133a-4e07-9055-e8812ad658f7",
            "ticker": "HIGHNY-24JUN06-B80.5",
            "count": 5,
            "created_time": "2024-06-05T14:32:30.93805Z",
            "yes_price": 27,
            "no_price": 73,
            "taker_side": "no"
        },
        {
            "trade_id": "182c2fbe-375d-4e3d-a524-f9662ec9c2c5",
            "ticker": "HIGHNY-24JUN06-B80.5",
            "count": 45,
            "created_time": "2024-06-05T14:28:30.110949Z",
            "yes_price": 27,
            "no_price": 73,
            "taker_side": "no"
        },
        {
            "trade_id": "ac2eb900-711b-452f-a615-1fe996a18d83",
            "ticker": "HIGHNY-24JUN06-B80.5",
            "count": 9,
            "created_time": "2024-06-05T14:12:26.01348Z",
            "yes_price": 25,
            "no_price": 75,
            "taker_side": "yes"
        }
    ],
    "HIGHNY-24JUN06-B82.5": [
        {
            "trade_id": "82a76f01-e907-4aca-957e-aa7e910b5043",
            "ticker": "HIGHNY-24JUN06-B82.5",
            "count": 1,
            "created_time": "2024-06-06T20:19:07.799544Z",
            "yes_price": 11,
            "no_price": 89,
            "taker_side": "no"
        },
        {
            "trade_id": "e596653f-78ef-4035-9030-e919386385e7",
            "ticker": "HIGHNY-24JUN06-B82.5",
            "count": 9,
            "created_time": "2024-06-06T20:16:26.262155Z",
            "yes_price": 21,
            "no_price": 79,
            "taker_side": "no"
        },
        {
            "trade_id": "a5f2155c-c514-4b3f-9865-611b3b35de69",
            "ticker": "HIGHNY-24JUN06-B82.5",
            "count": 50,
            "created_time": "2024-06-06T19:23:50.935123Z",
            "yes_price": 20,
            "no_price": 80,
            "taker_side": "no"
        },
        {
            "trade_id": "cebedaab-eaaf-41fb-ab67-0df1dbb7566c",
            "ticker": "HIGHNY-24JUN06-B82.5",
            "count": 100,
            "created_time": "2024-06-06T19:22:44.252851Z",
            "yes_price": 20,
            "no_price": 80,
            "taker_side": "no"
        },
        {
            "trade_id": "5665b78a-1ed6-40c6-8218-8a46ba358602",
            "ticker": "HIGHNY-24JUN06-B82.5",
            "count": 60,
            "created_time": "2024-06-06T19:19:30.469566Z",
            "yes_price": 25,
            "no_price": 75,
            "taker_side": "no"
        },
        {
            "trade_id": "4b15896f-1c01-41f3-9e05-295837b08ac2",
            "ticker": "HIGHNY-24JUN06-B82.5",
            "count": 5,
            "created_time": "2024-06-06T19:18:41.775094Z",
            "yes_price": 25,
            "no_price": 75,
            "taker_side": "no"
        },
        {
            "trade_id": "fe424616-ce2e-4c85-a122-0e67d1211a62",
            "ticker": "HIGHNY-24JUN06-B82.5",
            "count": 13,
            "created_time": "2024-06-06T19:18:12.046017Z",
            "yes_price": 25,
            "no_price": 75,
            "taker_side": "no"
        },
        {
            "trade_id": "6090d949-f4bd-486b-9967-5f144021122a",
            "ticker": "HIGHNY-24JUN06-B82.5",
            "count": 10,
            "created_time": "2024-06-06T19:17:30.249302Z",
            "yes_price": 25,
            "no_price": 75,
            "taker_side": "no"
        },
        {
            "trade_id": "53e47151-317b-40c2-bed4-358768384222",
            "ticker": "HIGHNY-24JUN06-B82.5",
            "count": 3,
            "created_time": "2024-06-06T18:57:16.679374Z",
            "yes_price": 26,
            "no_price": 74,
            "taker_side": "no"
        },
        {
            "trade_id": "29008141-9f95-49d0-94a2-1e9f29775c88",
            "ticker": "HIGHNY-24JUN06-B82.5",
            "count": 12,
            "created_time": "2024-06-06T18:57:16.679374Z",
            "yes_price": 25,
            "no_price": 75,
            "taker_side": "no"
        },
        {
            "trade_id": "0285691c-945e-4082-a302-86099e504164",
            "ticker": "HIGHNY-24JUN06-B82.5",
            "count": 39,
            "created_time": "2024-06-06T14:08:39.613366Z",
            "yes_price": 19,
            "no_price": 81,
            "taker_side": "no"
        },
        {
            "trade_id": "7da45fb1-2a23-4469-922f-ee1b58e06eb0",
            "ticker": "HIGHNY-24JUN06-B82.5",
            "count": 10,
            "created_time": "2024-06-06T14:00:34.459186Z",
            "yes_price": 36,
            "no_price": 64,
            "taker_side": "yes"
        },
        {
            "trade_id": "9c41486f-36e1-4a8d-b1d5-510d50cb6266",
            "ticker": "HIGHNY-24JUN06-B82.5",
            "count": 14,
            "created_time": "2024-06-06T13:31:10.374302Z",
            "yes_price": 27,
            "no_price": 73,
            "taker_side": "no"
        },
        {
            "trade_id": "f9f39f8a-f2cf-4fc4-bb14-1d5c24166988",
            "ticker": "HIGHNY-24JUN06-B82.5",
            "count": 15,
            "created_time": "2024-06-06T13:20:47.928804Z",
            "yes_price": 30,
            "no_price": 70,
            "taker_side": "yes"
        },
        {
            "trade_id": "291daa6f-c7b5-4caf-9970-27b74a3cf5f4",
            "ticker": "HIGHNY-24JUN06-B82.5",
            "count": 2,
            "created_time": "2024-06-06T13:16:36.858748Z",
            "yes_price": 25,
            "no_price": 75,
            "taker_side": "no"
        },
        {
            "trade_id": "3a72a801-0fb6-407a-8862-9a43241f28f9",
            "ticker": "HIGHNY-24JUN06-B82.5",
            "count": 3,
            "created_time": "2024-06-06T12:47:34.601305Z",
            "yes_price": 25,
            "no_price": 75,
            "taker_side": "no"
        },
        {
            "trade_id": "35748cea-ed4b-4a12-8abd-96d2768e07f4",
            "ticker": "HIGHNY-24JUN06-B82.5",
            "count": 44,
            "created_time": "2024-06-06T12:43:13.694982Z",
            "yes_price": 26,
            "no_price": 74,
            "taker_side": "no"
        },
        {
            "trade_id": "52a07ed2-b4ae-411e-8364-8d571ac9174f",
            "ticker": "HIGHNY-24JUN06-B82.5",
            "count": 14,
            "created_time": "2024-06-06T12:15:43.198238Z",
            "yes_price": 27,
            "no_price": 73,
            "taker_side": "no"
        },
        {
            "trade_id": "828e816d-19ec-4e35-82b1-ad11c6289022",
            "ticker": "HIGHNY-24JUN06-B82.5",
            "count": 58,
            "created_time": "2024-06-06T12:05:29.282115Z",
            "yes_price": 27,
            "no_price": 73,
            "taker_side": "no"
        },
        {
            "trade_id": "b6fd3344-61f1-45f1-9cf9-43b9a3c27644",
            "ticker": "HIGHNY-24JUN06-B82.5",
            "count": 42,
            "created_time": "2024-06-06T12:04:48.472372Z",
            "yes_price": 28,
            "no_price": 72,
            "taker_side": "no"
        },
        {
            "trade_id": "ad92308d-7527-4cd5-b869-27e95ddb9dcb",
            "ticker": "HIGHNY-24JUN06-B82.5",
            "count": 14,
            "created_time": "2024-06-06T01:17:10.360864Z",
            "yes_price": 34,
            "no_price": 66,
            "taker_side": "yes"
        },
        {
            "trade_id": "2558b928-6067-4dd9-929b-229fc2a3003e",
            "ticker": "HIGHNY-24JUN06-B82.5",
            "count": 7,
            "created_time": "2024-06-06T01:16:57.85172Z",
            "yes_price": 28,
            "no_price": 72,
            "taker_side": "no"
        },
        {
            "trade_id": "2dd5cfea-e2f2-4cd6-a7b9-f1200932d383",
            "ticker": "HIGHNY-24JUN06-B82.5",
            "count": 80,
            "created_time": "2024-06-05T21:28:31.791727Z",
            "yes_price": 25,
            "no_price": 75,
            "taker_side": "no"
        },
        {
            "trade_id": "4c2b02fb-33ee-472e-a56b-56b030cd8405",
            "ticker": "HIGHNY-24JUN06-B82.5",
            "count": 120,
            "created_time": "2024-06-05T21:28:26.372173Z",
            "yes_price": 25,
            "no_price": 75,
            "taker_side": "no"
        },
        {
            "trade_id": "15059e7e-0373-498b-8e3c-ec5741e1289e",
            "ticker": "HIGHNY-24JUN06-B82.5",
            "count": 100,
            "created_time": "2024-06-05T21:24:28.716786Z",
            "yes_price": 25,
            "no_price": 75,
            "taker_side": "no"
        },
        {
            "trade_id": "a1c1d822-e869-4fa5-a63d-aff2226adf05",
            "ticker": "HIGHNY-24JUN06-B82.5",
            "count": 7,
            "created_time": "2024-06-05T21:20:26.928055Z",
            "yes_price": 26,
            "no_price": 74,
            "taker_side": "no"
        },
        {
            "trade_id": "8f5f3df6-432d-4bca-912e-a8e1abde5168",
            "ticker": "HIGHNY-24JUN06-B82.5",
            "count": 100,
            "created_time": "2024-06-05T18:27:01.4782Z",
            "yes_price": 29,
            "no_price": 71,
            "taker_side": "yes"
        },
        {
            "trade_id": "bda7e992-7337-4a95-b37f-aa97151e2191",
            "ticker": "HIGHNY-24JUN06-B82.5",
            "count": 90,
            "created_time": "2024-06-05T14:44:53.311094Z",
            "yes_price": 34,
            "no_price": 66,
            "taker_side": "yes"
        },
        {
            "trade_id": "eb970627-7d07-465a-acd9-6cadbb779df2",
            "ticker": "HIGHNY-24JUN06-B82.5",
            "count": 15,
            "created_time": "2024-06-05T14:44:41.535246Z",
            "yes_price": 33,
            "no_price": 67,
            "taker_side": "yes"
        }
    ],
    "HIGHNY-24JUN06-B84.5": [
        {
            "trade_id": "67be421f-5cbf-4896-8e24-aa6f6a421163",
            "ticker": "HIGHNY-24JUN06-B84.5",
            "count": 200,
            "created_time": "2024-06-06T20:18:23.518464Z",
            "yes_price": 1,
            "no_price": 99,
            "taker_side": "no"
        },
        {
            "trade_id": "975bc649-9864-4c2e-bacb-4d367bc3e38b",
            "ticker": "HIGHNY-24JUN06-B84.5",
            "count": 3,
            "created_time": "2024-06-06T17:39:40.538846Z",
            "yes_price": 1,
            "no_price": 99,
            "taker_side": "no"
        },
        {
            "trade_id": "935a3afd-ccba-41e9-95cb-7530f243771d",
            "ticker": "HIGHNY-24JUN06-B84.5",
            "count": 14,
            "created_time": "2024-06-06T13:31:10.290703Z",
            "yes_price": 17,
            "no_price": 83,
            "taker_side": "yes"
        },
        {
            "trade_id": "7dd63f8e-c422-4a2a-a021-e015962bea37",
            "ticker": "HIGHNY-24JUN06-B84.5",
            "count": 1,
            "created_time": "2024-06-06T13:31:10.290703Z",
            "yes_price": 37,
            "no_price": 63,
            "taker_side": "yes"
        },
        {
            "trade_id": "46df670b-06d2-4160-a54f-0becc25d77f4",
            "ticker": "HIGHNY-24JUN06-B84.5",
            "count": 2,
            "created_time": "2024-06-06T13:31:10.290703Z",
            "yes_price": 39,
            "no_price": 61,
            "taker_side": "yes"
        },
        {
            "trade_id": "2d962ec5-248d-47b2-bc2a-ca0f805645b2",
            "ticker": "HIGHNY-24JUN06-B84.5",
            "count": 33,
            "created_time": "2024-06-06T13:31:10.290703Z",
            "yes_price": 40,
            "no_price": 60,
            "taker_side": "yes"
        },
        {
            "trade_id": "2c400e29-576b-49c3-8229-6e4e0c4a877c",
            "ticker": "HIGHNY-24JUN06-B84.5",
            "count": 1,
            "created_time": "2024-06-06T13:31:10.290703Z",
            "yes_price": 38,
            "no_price": 62,
            "taker_side": "yes"
        },
        {
            "trade_id": "10ddbb29-6d09-4b3a-9d60-c3ddf0bdc4ed",
            "ticker": "HIGHNY-24JUN06-B84.5",
            "count": 11,
            "created_time": "2024-06-06T13:31:10.290703Z",
            "yes_price": 18,
            "no_price": 82,
            "taker_side": "yes"
        },
        {
            "trade_id": "389b76fb-5989-49fc-9a51-b378ea8314b5",
            "ticker": "HIGHNY-24JUN06-B84.5",
            "count": 15,
            "created_time": "2024-06-06T13:20:48.060934Z",
            "yes_price": 7,
            "no_price": 93,
            "taker_side": "no"
        },
        {
            "trade_id": "d45f1d4a-cf35-4511-a398-c25162ca351f",
            "ticker": "HIGHNY-24JUN06-B84.5",
            "count": 2,
            "created_time": "2024-06-06T13:16:36.875667Z",
            "yes_price": 7,
            "no_price": 93,
            "taker_side": "no"
        },
        {
            "trade_id": "9130c1e0-5303-4e53-a763-cdac0f217b0a",
            "ticker": "HIGHNY-24JUN06-B84.5",
            "count": 58,
            "created_time": "2024-06-06T12:05:29.280997Z",
            "yes_price": 7,
            "no_price": 93,
            "taker_side": "no"
        },
        {
            "trade_id": "9b98d73f-0e7b-497c-a706-56ed6f716bc8",
            "ticker": "HIGHNY-24JUN06-B84.5",
            "count": 42,
            "created_time": "2024-06-06T12:04:48.452264Z",
            "yes_price": 7,
            "no_price": 93,
            "taker_side": "no"
        },
        {
            "trade_id": "f3338767-4905-47b2-86b1-c3da078e49fd",
            "ticker": "HIGHNY-24JUN06-B84.5",
            "count": 160,
            "created_time": "2024-06-06T02:29:33.183791Z",
            "yes_price": 17,
            "no_price": 83,
            "taker_side": "yes"
        },
        {
            "trade_id": "e921170c-9029-44d3-acbf-7cd255a25a91",
            "ticker": "HIGHNY-24JUN06-B84.5",
            "count": 160,
            "created_time": "2024-06-06T02:28:59.966003Z",
            "yes_price": 16,
            "no_price": 84,
            "taker_side": "yes"
        },
        {
            "trade_id": "5c309808-451b-4108-8c6e-f907096a5cdb",
            "ticker": "HIGHNY-24JUN06-B84.5",
            "count": 180,
            "created_time": "2024-06-06T02:28:49.887626Z",
            "yes_price": 15,
            "no_price": 85,
            "taker_side": "yes"
        },
        {
            "trade_id": "56215e60-b209-4843-b4e8-bd2fb4bdc633",
            "ticker": "HIGHNY-24JUN06-B84.5",
            "count": 200,
            "created_time": "2024-06-06T02:28:41.225675Z",
            "yes_price": 14,
            "no_price": 86,
            "taker_side": "yes"
        },
        {
            "trade_id": "efcf89ea-423a-48e3-8643-9f0bde57e249",
            "ticker": "HIGHNY-24JUN06-B84.5",
            "count": 7,
            "created_time": "2024-06-06T01:16:57.76922Z",
            "yes_price": 29,
            "no_price": 71,
            "taker_side": "yes"
        },
        {
            "trade_id": "20c41074-c9e9-4b84-955c-d487ba6992b7",
            "ticker": "HIGHNY-24JUN06-B84.5",
            "count": 9,
            "created_time": "2024-06-06T01:16:57.76922Z",
            "yes_price": 29,
            "no_price": 71,
            "taker_side": "yes"
        },
        {
            "trade_id": "ce0d0d7f-ac64-4204-b36a-fecba4f8a0b6",
            "ticker": "HIGHNY-24JUN06-B84.5",
            "count": 10,
            "created_time": "2024-06-05T19:45:39.774877Z",
            "yes_price": 15,
            "no_price": 85,
            "taker_side": "yes"
        },
        {
            "trade_id": "f98fd86c-be87-479d-a294-5d80bfe1fabd",
            "ticker": "HIGHNY-24JUN06-B84.5",
            "count": 120,
            "created_time": "2024-06-05T15:39:37.920228Z",
            "yes_price": 15,
            "no_price": 85,
            "taker_side": "yes"
        },
        {
            "trade_id": "73b5af71-26d2-4a84-bade-9a2c6c10a329",
            "ticker": "HIGHNY-24JUN06-B84.5",
            "count": 11,
            "created_time": "2024-06-05T15:28:36.864712Z",
            "yes_price": 18,
            "no_price": 82,
            "taker_side": "no"
        },
        {
            "trade_id": "064d2916-e360-48a8-9639-6af79a3d19cd",
            "ticker": "HIGHNY-24JUN06-B84.5",
            "count": 75,
            "created_time": "2024-06-05T15:18:34.475396Z",
            "yes_price": 27,
            "no_price": 73,
            "taker_side": "yes"
        }
    ],
    "HIGHNY-24JUN06-T85": [
        {
            "trade_id": "94379fd4-e757-4c13-ac66-8e58cb10f755",
            "ticker": "HIGHNY-24JUN06-T85",
            "count": 14,
            "created_time": "2024-06-06T13:31:10.400672Z",
            "yes_price": 2,
            "no_price": 98,
            "taker_side": "no"
        },
        {
            "trade_id": "1cf1a8f2-3a29-4e86-8d7f-9374eaa7f4b1",
            "ticker": "HIGHNY-24JUN06-T85",
            "count": 150,
            "created_time": "2024-06-06T13:29:10.365403Z",
            "yes_price": 2,
            "no_price": 98,
            "taker_side": "no"
        },
        {
            "trade_id": "0c892a3e-e41e-4403-8adc-46c99e8657ea",
            "ticker": "HIGHNY-24JUN06-T85",
            "count": 100,
            "created_time": "2024-06-06T13:28:02.255526Z",
            "yes_price": 2,
            "no_price": 98,
            "taker_side": "no"
        },
        {
            "trade_id": "4a74067f-0d8d-4b3d-a7e1-13ec1378762a",
            "ticker": "HIGHNY-24JUN06-T85",
            "count": 15,
            "created_time": "2024-06-06T13:20:48.03801Z",
            "yes_price": 2,
            "no_price": 98,
            "taker_side": "no"
        },
        {
            "trade_id": "28e32dee-6242-4cf0-bdbe-a189551db4a7",
            "ticker": "HIGHNY-24JUN06-T85",
            "count": 2,
            "created_time": "2024-06-06T13:16:36.876694Z",
            "yes_price": 2,
            "no_price": 98,
            "taker_side": "no"
        },
        {
            "trade_id": "f64f914c-7d1d-4575-8c9a-3e7fa4131ee9",
            "ticker": "HIGHNY-24JUN06-T85",
            "count": 58,
            "created_time": "2024-06-06T12:05:29.279967Z",
            "yes_price": 4,
            "no_price": 96,
            "taker_side": "no"
        },
        {
            "trade_id": "17e151df-76d4-4eb8-8273-cc9f92de08a5",
            "ticker": "HIGHNY-24JUN06-T85",
            "count": 42,
            "created_time": "2024-06-06T12:04:48.489135Z",
            "yes_price": 4,
            "no_price": 96,
            "taker_side": "no"
        },
        {
            "trade_id": "97ddafbe-d3e1-4c4b-b298-d2b6d5093b31",
            "ticker": "HIGHNY-24JUN06-T85",
            "count": 250,
            "created_time": "2024-06-06T12:01:43.445499Z",
            "yes_price": 4,
            "no_price": 96,
            "taker_side": "no"
        },
        {
            "trade_id": "edcd8fd6-efb4-4bfd-b1d5-2e53295cc9ad",
            "ticker": "HIGHNY-24JUN06-T85",
            "count": 7,
            "created_time": "2024-06-06T01:16:57.86817Z",
            "yes_price": 1,
            "no_price": 99,
            "taker_side": "no"
        },
        {
            "trade_id": "77795039-4bb3-4d2e-acf7-49350eb48a3c",
            "ticker": "HIGHNY-24JUN06-T85",
            "count": 2,
            "created_time": "2024-06-05T14:56:52.85799Z",
            "yes_price": 12,
            "no_price": 88,
            "taker_side": "no"
        }
    ]
}