{
    "HIGHNY-24APR03-T44": [
        {
            "trade_id": "8e0f6237-8cbd-4c83-bb76-aa56ba7e7401",
            "ticker": "HIGHNY-24APR03-T44",
            "count": 1,
            "created_time": "2024-04-04T02:40:15.767971Z",
            "yes_price": 1,
            "no_price": 99,
            "taker_side": "no"
        },
        {
            "trade_id": "a1d5cd65-4b1a-4276-a2ae-1290fa5ab8bf",
            "ticker": "HIGHNY-24APR03-T44",
            "count": 126,
            "created_time": "2024-04-04T01:44:25.054751Z",
            "yes_price": 3,
            "no_price": 97,
            "taker_side": "yes"
        },
        {
            "trade_id": "26016c6f-cfcc-4f94-be33-87d21ec406a6",
            "ticker": "HIGHNY-24APR03-T44",
            "count": 278,
            "created_time": "2024-04-04T01:44:25.054751Z",
            "yes_price": 2,
            "no_price": 98,
            "taker_side": "yes"
        },
        {
            "trade_id": "e6f79463-cbdf-4204-b37e-b9faa2888180",
            "ticker": "HIGHNY-24APR03-T44",
            "count": 1,
            "created_time": "2024-04-03T21:56:04.615107Z",
            "yes_price": 1,
            "no_price": 99,
            "taker_side": "yes"
        },
        {
            "trade_id": "55a3ba1b-68ae-47df-85b6-1ee8212559eb",
            "ticker": "HIGHNY-24APR03-T44",
            "count": 222,
            "created_time": "2024-04-03T21:56:04.615107Z",
            "yes_price": 2,
            "no_price": 98,
            "taker_side": "yes"
        },
        {
            "trade_id": "0c6f17f9-a734-4eca-bba3-ae8d130a335a",
            "ticker": "HIGHNY-24APR03-T44",
            "count": 20,
            "created_time": "2024-04-03T21:56:04.615107Z",
            "yes_price": 1,
            "no_price": 99,
            "taker_side": "yes"
        },
        {
            "trade_id": "c233bb94-8f3b-43a1-b08b-a30e10df3802",
            "ticker": "HIGHNY-24APR03-T44",
            "count": 1,
            "created_time": "2024-04-03T13:41:03.584131Z",
            "yes_price": 9,
            "no_price": 91,
            "taker_side": "yes"
        }
    ],
    "HIGHNY-24APR03-B44.5": [
        {
            "trade_id": "74e94b7f-485e-4f96-81c9-eeff1862dcdc",
            "ticker": "HIGHNY-24APR03-B44.5",
            "count": 206,
            "created_time": "2024-04-04T02:58:53.305058Z",
            "yes_price": 99,
            "no_price": 1,
            "taker_side": "yes"
        },
        {
            "trade_id": "f00ecabb-5e97-4c1c-b2bf-32314ef55743",
            "ticker": "HIGHNY-24APR03-B44.5",
            "count": 294,
            "created_time": "2024-04-04T02:39:46.518068Z",
            "yes_price": 99,
            "no_price": 1,
            "taker_side": "yes"
        },
        {
            "trade_id": "af61d3d1-caca-4bec-a09c-1c77a6037c6e",
            "ticker": "HIGHNY-24APR03-B44.5",
            "count": 21,
            "created_time": "2024-04-04T01:29:52.59941Z",
            "yes_price": 97,
            "no_price": 3,
            "taker_side": "yes"
        },
        {
            "trade_id": "7779f4d2-85e8-4516-a967-21f4c1c43996",
            "ticker": "HIGHNY-24APR03-B44.5",
            "count": 279,
            "created_time": "2024-04-04T01:18:11.703697Z",
            "yes_price": 97,
            "no_price": 3,
            "taker_side": "yes"
        },
        {
            "trade_id": "7654acf2-9aa3-4855-a0ad-2560c330a7ba",
            "ticker": "HIGHNY-24APR03-B44.5",
            "count": 395,
            "created_time": "2024-04-04T01:01:58.498125Z",
            "yes_price": 93,
            "no_price": 7,
            "taker_side": "yes"
        },
        {
            "trade_id": "3ec163e6-9633-42fe-bb31-1d4dff9b3244",
            "ticker": "HIGHNY-24APR03-B44.5",
            "count": 4,
            "created_time": "2024-04-04T00:26:13.782169Z",
            "yes_price": 93,
            "no_price": 7,
            "taker_side": "yes"
        },
        {
            "trade_id": "a8724a83-918f-45d5-b9eb-0f840295778e",
            "ticker": "HIGHNY-24APR03-B44.5",
            "count": 1,
            "created_time": "2024-04-03T23:58:48.782669Z",
            "yes_price": 93,
            "no_price": 7,
            "taker_side": "yes"
        },
        {
            "trade_id": "39db4329-b417-445a-9494-d606b956e87c",
            "ticker": "HIGHNY-24APR03-B44.5",
            "count": 100,
            "created_time": "2024-04-03T23:50:53.183265Z",
            "yes_price": 93,
            "no_price": 7,
            "taker_side": "yes"
        },
        {
            "trade_id": "12021967-8826-4eab-b6e3-859587228645",
            "ticker": "HIGHNY-24APR03-B44.5",
            "count": 31,
            "created_time": "2024-04-03T23:32:31.18055Z",
            "yes_price": 95,
            "no_price": 5,
            "taker_side": "yes"
        },
        {
            "trade_id": "1796e777-bc2b-45d4-8879-22f4552b0d87",
            "ticker": "HIGHNY-24APR03-B44.5",
            "count": 1,
            "created_time": "2024-04-03T21:25:37.235711Z",
            "yes_price": 96,
            "no_price": 4,
            "taker_side": "yes"
        },
        {
            "trade_id": "8e5b418a-cc08-4ec0-b24e-66e0062e654b",
            "ticker": "HIGHNY-24APR03-B44.5",
            "count": 2,
            "created_time": "2024-04-03T21:11:05.679373Z",
            "yes_price": 92,
            "no_price": 8,
            "taker_side": "yes"
        },
        {
            "trade_id": "152b9c3d-76db-45d5-aa8a-08581f31892e",
            "ticker": "HIGHNY-24APR03-B44.5",
            "count": 1,
            "created_time": "2024-04-03T21:11:05.679373Z",
            "yes_price": 92,
            "no_price": 8,
            "taker_side": "yes"
        },
        {
            "trade_id": "499a5b87-98ae-4b20-83ad-38b3b3cb31fb",
            "ticker": "HIGHNY-24APR03-B44.5",
            "count": 4,
            "created_time": "2024-04-03T19:25:40.843713Z",
            "yes_price": 79,
            "no_price": 21,
            "taker_side": "yes"
        },
        {
            "trade_id": "3f7293df-c4b7-4fb5-9cff-ce8a39a60fb9",
            "ticker": "HIGHNY-24APR03-B44.5",
            "count": 23,
            "created_time": "2024-04-03T19:25:40.843713Z",
            "yes_price": 79,
            "no_price": 21,
            "taker_side": "yes"
        },
        {
            "trade_id": "a1204537-c4f5-4d29-b41c-dbe5adba55a8",
            "ticker": "HIGHNY-24APR03-B44.5",
            "count": 12,
            "created_time": "2024-04-03T19:23:05.891547Z",
            "yes_price": 76,
            "no_price": 24,
            "taker_side": "yes"
        },
        {
            "trade_id": "06ff9797-6ced-4607-a764-8b67bf0338ca",
            "ticker": "HIGHNY-24APR03-B44.5",
            "count": 1,
            "created_time": "2024-04-03T17:59:36.252533Z",
            "yes_price": 56,
            "no_price": 44,
            "taker_side": "yes"
        },
        {
            "trade_id": "75f3758e-568d-4cfd-a466-5200ff932f09",
            "ticker": "HIGHNY-24APR03-B44.5",
            "count": 1,
            "created_time": "2024-04-03T16:39:15.957949Z",
            "yes_price": 65,
            "no_price": 35,
            "taker_side": "yes"
        },
        {
            "trade_id": "e2ef0a8f-e67f-429c-941a-3124c64546c7",
            "ticker": "HIGHNY-24APR03-B44.5",
            "count": 23,
            "created_time": "2024-04-03T16:12:05.831268Z",
            "yes_price": 65,
            "no_price": 35,
            "taker_side": "yes"
        },
        {
            "trade_id": "4ec83981-34a4-41cb-9fd4-c2748b17db5f",
            "ticker": "HIGHNY-24APR03-B44.5",
            "count": 23,
            "created_time": "2024-04-03T14:54:55.9306Z",
            "yes_price": 50,
            "no_price": 50,
            "taker_side": "no"
        },
        {
            "trade_id": "076f0fd9-404c-4760-8a07-7a7381160ef0",
            "ticker": "HIGHNY-24APR03-B44.5",
            "count": 69,
            "created_time": "2024-04-03T14:27:01.039129Z",
            "yes_price": 29,
            "no_price": 71,
            "taker_side": "no"
        },
        {
            "trade_id": "eaada9a1-978d-4f73-8c65-f7389f866922",
            "ticker": "HIGHNY-24APR03-B44.5",
            "count": 50,
            "created_time": "2024-04-03T14:17:14.937015Z",
            "yes_price": 35,
            "no_price": 65,
            "taker_side": "no"
        },
        {
            "trade_id": "c456c73f-660f-4323-8a38-115524bf13ab",
            "ticker": "HIGHNY-24APR03-B44.5",
            "count": 7,
            "created_time": "2024-04-03T14:17:14.937015Z",
            "yes_price": 15,
            "no_price": 85,
            "taker_side": "no"
        },
        {
            "trade_id": "25e0a674-bbba-4114-96da-281a0018de67",
            "ticker": "HIGHNY-24APR03-B44.5",
            "count": 39,
            "created_time": "2024-04-03T14:17:14.937015Z",
            "yes_price": 29,
            "no_price": 71,
            "taker_side": "no"
        },
        {
            "trade_id": "56efcd45-6ff7-4bfa-9aea-9dc46a15e6cb",
            "ticker": "HIGHNY-24APR03-B44.5",
            "count": 4,
            "created_time": "2024-04-03T13:53:54.426401Z",
            "yes_price": 24,
            "no_price": 76,
            "taker_side": "no"
        },
        {
            "trade_id": "181c86e0-e86b-48f0-9884-ce160a93ccfc",
            "ticker": "HIGHNY-24APR03-B44.5",
            "count": 10,
            "created_time": "2024-04-03T12:00:00.68139Z",
            "yes_price": 24,
            "no_price": 76,
            "taker_side": "yes"
        },
        {
            "trade_id": "75f9db96-811b-47ed-82bc-c7cf66380f8f",
            "ticker": "HIGHNY-24APR03-B44.5",
            "count": 10,
            "created_time": "2024-04-03T03:28:32.987076Z",
            "yes_price": 17,
            "no_price": 83,
            "taker_side": "yes"
        },
        {
            "trade_id": "299b49a7-bb1a-4f43-bd81-74c44fe10f57",
            "ticker": "HIGHNY-24APR03-B44.5",
            "count": 212,
            "created_time": "2024-04-02T23:27:37.078875Z",
            "yes_price": 7,
            "no_price": 93,
            "taker_side": "no"
        },
        {
            "trade_id": "a4ad1885-90b0-4625-913d-1ceb454ebf31",
            "ticker": "HIGHNY-24APR03-B44.5",
            "count": 94,
            "created_time": "2024-04-02T23:26:31.18167Z",
            "yes_price": 9,
            "no_price": 91,
            "taker_side": "no"
        },
        {
            "trade_id": "4bad7eb5-1b46-469d-b65b-cd11b7d18200",
            "ticker": "HIGHNY-24APR03-B44.5",
            "count": 84,
            "created_time": "2024-04-02T23:26:31.18167Z",
            "yes_price": 10,
            "no_price": 90,
            "taker_side": "no"
        },
        {
            "trade_id": "05f42c13-015f-42b3-b427-3f0910db74f7",
            "ticker": "HIGHNY-24APR03-B44.5",
            "count": 94,
            "created_time": "2024-04-02T23:26:31.18167Z",
            "yes_price": 8,
            "no_price": 92,
            "taker_side": "no"
        },
        {
            "trade_id": "170d9c49-6b3b-4d6c-b12d-1d948dfd69fe",
            "ticker": "HIGHNY-24APR03-B44.5",
            "count": 84,
            "created_time": "2024-04-02T23:05:16.496786Z",
            "yes_price": 16,
            "no_price": 84,
            "taker_side": "yes"
        },
        {
            "trade_id": "362a0d42-9572-4f71-81f1-d3d987aca10c",
            "ticker": "HIGHNY-24APR03-B44.5",
            "count": 84,
            "created_time": "2024-04-02T23:05:06.056053Z",
            "yes_price": 15,
            "no_price": 85,
            "taker_side": "yes"
        },
        {
            "trade_id": "a9dc9ea0-40b1-425b-8b78-163d25a81770",
            "ticker": "HIGHNY-24APR03-B44.5",
            "count": 72,
            "created_time": "2024-04-02T23:04:56.958883Z",
            "yes_price": 14,
            "no_price": 86,
            "taker_side": "yes"
        },
        {
            "trade_id": "7744d0a7-e126-494a-af2e-410792e380a2",
            "ticker": "HIGHNY-24APR03-B44.5",
            "count": 13,
            "created_time": "2024-04-02T22:57:17.587186Z",
            "yes_price": 14,
            "no_price": 86,
            "taker_side": "yes"
        },
        {
            "trade_id": "be61be5b-a979-4990-8a23-76b1fc9186cb",
            "ticker": "HIGHNY-24APR03-B44.5",
            "count": 96,
            "created_time": "2024-04-02T20:51:15.073914Z",
            "yes_price": 20,
            "no_price": 80,
            "taker_side": "yes"
        },
        {
            "trade_id": "239c33f7-f77f-4e9c-aeb9-de93a52328d0",
            "ticker": "HIGHNY-24APR03-B44.5",
            "count": 96,
            "created_time": "2024-04-02T20:51:15.073914Z",
            "yes_price": 19,
            "no_price": 81,
            "taker_side": "yes"
        },
        {
            "trade_id": "0baabc3e-b86c-446e-947c-a746ec109320",
            "ticker": "HIGHNY-24APR03-B44.5",
            "count": 48,
            "created_time": "2024-04-02T20:51:15.073914Z",
            "yes_price": 17,
            "no_price": 83,
            "taker_side": "yes"
        },
        {
            "trade_id": "b9687e8c-bd99-42bc-94a8-590cfb1e3700",
            "ticker": "HIGHNY-24APR03-B44.5",
            "count": 97,
            "created_time": "2024-04-02T20:51:06.686196Z",
            "yes_price": 16,
            "no_price": 84,
            "taker_side": "yes"
        },
        {
            "trade_id": "4b080c02-f2ac-494d-a975-93ab8fd40cc2",
            "ticker": "HIGHNY-24APR03-B44.5",
            "count": 19,
            "created_time": "2024-04-02T20:51:06.686196Z",
            "yes_price": 14,
            "no_price": 86,
            "taker_side": "yes"
        },
        {
            "trade_id": "45dc8726-65f2-47b6-aa20-b618f0f292c6",
            "ticker": "HIGHNY-24APR03-B44.5",
            "count": 96,
            "created_time": "2024-04-02T20:51:06.686196Z",
            "yes_price": 17,
            "no_price": 83,
            "taker_side": "yes"
        },
        {
            "trade_id": "8c3315fc-0832-4442-9047-1c70daa0d464",
            "ticker": "HIGHNY-24APR03-B44.5",
            "count": 53,
            "created_time": "2024-04-02T16:07:02.950748Z",
            "yes_price": 13,
            "no_price": 87,
            "taker_side": "no"
        },
        {
            "trade_id": "1e2f63da-e110-4eef-b573-6f13507a7e6c",
            "ticker": "HIGHNY-24APR03-B44.5",
            "count": 35,
            "created_time": "2024-04-02T16:07:02.950748Z",
            "yes_price": 12,
            "no_price": 88,
            "taker_side": "no"
        }
    ],
    "HIGHNY-24APR03-B46.5": [
        {
            "trade_id": "d150c070-0450-48ea-8a67-bc95ec7ee2e9",
            "ticker": "HIGHNY-24APR03-B46.5",
            "count": 2,
            "created_time": "2024-04-03T23:59:52.743083Z",
            "yes_price": 6,
            "no_price": 94,
            "taker_side": "no"
        },
        {
            "trade_id": "79b14320-3539-48bc-b6c6-9eeed94b6400",
            "ticker": "HIGHNY-24APR03-B46.5",
            "count": 41,
            "created_time": "2024-04-03T23:58:57.089847Z",
            "yes_price": 6,
            "no_price": 94,
            "taker_side": "no"
        },
        {
            "trade_id": "a6775fe4-0176-40a7-b923-0076384d5c6c",
            "ticker": "HIGHNY-24APR03-B46.5",
            "count": 1,
            "created_time": "2024-04-03T23:52:48.385439Z",
            "yes_price": 30,
            "no_price": 70,
            "taker_side": "yes"
        },
        {
            "trade_id": "6f3ee8bc-c1e3-4839-a589-69f2cdacded4",
            "ticker": "HIGHNY-24APR03-B46.5",
            "count": 9,
            "created_time": "2024-04-03T21:55:55.223899Z",
            "yes_price": 50,
            "no_price": 50,
            "taker_side": "yes"
        },
        {
            "trade_id": "1b53ddb9-6912-476c-9b13-d4c1e7df92e7",
            "ticker": "HIGHNY-24APR03-B46.5",
            "count": 1,
            "created_time": "2024-04-03T21:25:37.30067Z",
            "yes_price": 5,
            "no_price": 95,
            "taker_side": "no"
        },
        {
            "trade_id": "ab63a738-0d2e-4285-8bae-cda89d872448",
            "ticker": "HIGHNY-24APR03-B46.5",
            "count": 61,
            "created_time": "2024-04-03T18:58:48.305342Z",
            "yes_price": 21,
            "no_price": 79,
            "taker_side": "no"
        },
        {
            "trade_id": "ebdbcb25-9196-4935-8549-e92d1caf4d82",
            "ticker": "HIGHNY-24APR03-B46.5",
            "count": 8,
            "created_time": "2024-04-03T17:30:46.877599Z",
            "yes_price": 80,
            "no_price": 20,
            "taker_side": "yes"
        },
        {
            "trade_id": "c6deb0eb-db3d-4932-9500-d792d49fed05",
            "ticker": "HIGHNY-24APR03-B46.5",
            "count": 61,
            "created_time": "2024-04-03T17:30:46.877599Z",
            "yes_price": 69,
            "no_price": 31,
            "taker_side": "yes"
        },
        {
            "trade_id": "d0458471-caac-44df-bf6c-7dd08b3d8bb2",
            "ticker": "HIGHNY-24APR03-B46.5",
            "count": 14,
            "created_time": "2024-04-03T16:56:16.31679Z",
            "yes_price": 69,
            "no_price": 31,
            "taker_side": "yes"
        },
        {
            "trade_id": "d006da7f-e1be-4cfe-9be1-56f33d2e45b5",
            "ticker": "HIGHNY-24APR03-B46.5",
            "count": 28,
            "created_time": "2024-04-03T16:14:03.118918Z",
            "yes_price": 32,
            "no_price": 68,
            "taker_side": "no"
        },
        {
            "trade_id": "519a84ea-be7f-4c5a-8f0b-4c1489b2deb6",
            "ticker": "HIGHNY-24APR03-B46.5",
            "count": 2,
            "created_time": "2024-04-03T14:53:28.585908Z",
            "yes_price": 50,
            "no_price": 50,
            "taker_side": "no"
        },
        {
            "trade_id": "4ebdc5a0-4db5-42eb-a239-b34d01cd0746",
            "ticker": "HIGHNY-24APR03-B46.5",
            "count": 50,
            "created_time": "2024-04-03T14:16:58.418811Z",
            "yes_price": 62,
            "no_price": 38,
            "taker_side": "yes"
        },
        {
            "trade_id": "34408573-dd82-417e-9082-37a9c1f12681",
            "ticker": "HIGHNY-24APR03-B46.5",
            "count": 25,
            "created_time": "2024-04-03T14:16:58.418811Z",
            "yes_price": 69,
            "no_price": 31,
            "taker_side": "yes"
        },
        {
            "trade_id": "f2f48cdc-b306-4158-ace6-a8b658b3da23",
            "ticker": "HIGHNY-24APR03-B46.5",
            "count": 39,
            "created_time": "2024-04-03T14:01:11.319639Z",
            "yes_price": 51,
            "no_price": 49,
            "taker_side": "no"
        },
        {
            "trade_id": "e5159c6f-33fa-4136-ad9c-f14d3461cb52",
            "ticker": "HIGHNY-24APR03-B46.5",
            "count": 4,
            "created_time": "2024-04-03T13:53:54.367904Z",
            "yes_price": 80,
            "no_price": 20,
            "taker_side": "yes"
        },
        {
            "trade_id": "cf618b24-67cc-49e8-8449-34268c407d03",
            "ticker": "HIGHNY-24APR03-B46.5",
            "count": 1,
            "created_time": "2024-04-03T13:53:54.367904Z",
            "yes_price": 81,
            "no_price": 19,
            "taker_side": "yes"
        },
        {
            "trade_id": "1ea6479f-d958-4f60-a547-77f510595bee",
            "ticker": "HIGHNY-24APR03-B46.5",
            "count": 2,
            "created_time": "2024-04-03T13:51:00.334642Z",
            "yes_price": 51,
            "no_price": 49,
            "taker_side": "no"
        },
        {
            "trade_id": "04c28028-1098-49a5-960b-35ed45fd4fbd",
            "ticker": "HIGHNY-24APR03-B46.5",
            "count": 2,
            "created_time": "2024-04-03T13:39:29.766368Z",
            "yes_price": 51,
            "no_price": 49,
            "taker_side": "no"
        },
        {
            "trade_id": "8eaa86b8-8d61-4bd3-9aba-7edc2f06dcb6",
            "ticker": "HIGHNY-24APR03-B46.5",
            "count": 6,
            "created_time": "2024-04-03T13:38:52.319092Z",
            "yes_price": 81,
            "no_price": 19,
            "taker_side": "yes"
        },
        {
            "trade_id": "4cc8f04f-0780-4fa5-9af2-f8198384d8c2",
            "ticker": "HIGHNY-24APR03-B46.5",
            "count": 1,
            "created_time": "2024-04-03T13:38:52.319092Z",
            "yes_price": 81,
            "no_price": 19,
            "taker_side": "yes"
        },
        {
            "trade_id": "00e8e12c-ce6f-4567-8741-4b996867e86f",
            "ticker": "HIGHNY-24APR03-B46.5",
            "count": 9,
            "created_time": "2024-04-03T03:58:38.921198Z",
            "yes_price": 37,
            "no_price": 63,
            "taker_side": "yes"
        },
        {
            "trade_id": "7333fec5-2dcc-44ae-8446-00624fe275e1",
            "ticker": "HIGHNY-24APR03-B46.5",
            "count": 45,
            "created_time": "2024-04-03T00:52:00.290691Z",
            "yes_price": 37,
            "no_price": 63,
            "taker_side": "yes"
        },
        {
            "trade_id": "a4f73ff0-8788-4086-9550-b2363799ba91",
            "ticker": "HIGHNY-24APR03-B46.5",
            "count": 45,
            "created_time": "2024-04-03T00:35:19.898141Z",
            "yes_price": 36,
            "no_price": 64,
            "taker_side": "yes"
        },
        {
            "trade_id": "576fdd69-221c-48f2-a6c0-e96da4e60be5",
            "ticker": "HIGHNY-24APR03-B46.5",
            "count": 45,
            "created_time": "2024-04-03T00:35:10.927324Z",
            "yes_price": 35,
            "no_price": 65,
            "taker_side": "yes"
        },
        {
            "trade_id": "b49bc173-132c-4e2d-a313-e766a61b809b",
            "ticker": "HIGHNY-24APR03-B46.5",
            "count": 19,
            "created_time": "2024-04-02T23:26:57.920158Z",
            "yes_price": 30,
            "no_price": 70,
            "taker_side": "yes"
        },
        {
            "trade_id": "f2bdda08-5492-45db-94f2-3f12c0a86679",
            "ticker": "HIGHNY-24APR03-B46.5",
            "count": 37,
            "created_time": "2024-04-02T23:26:54.212257Z",
            "yes_price": 31,
            "no_price": 69,
            "taker_side": "no"
        },
        {
            "trade_id": "952a7f62-dbea-480e-80b1-f5bce309897b",
            "ticker": "HIGHNY-24APR03-B46.5",
            "count": 93,
            "created_time": "2024-04-02T23:26:17.886151Z",
            "yes_price": 32,
            "no_price": 68,
            "taker_side": "no"
        },
        {
            "trade_id": "7909d6af-d65a-43cb-8c9d-96bbcf1adb3b",
            "ticker": "HIGHNY-24APR03-B46.5",
            "count": 18,
            "created_time": "2024-04-02T23:26:17.886151Z",
            "yes_price": 34,
            "no_price": 66,
            "taker_side": "no"
        },
        {
            "trade_id": "2830ace9-4d10-49d5-93e3-8f5843a77195",
            "ticker": "HIGHNY-24APR03-B46.5",
            "count": 93,
            "created_time": "2024-04-02T23:26:17.886151Z",
            "yes_price": 30,
            "no_price": 70,
            "taker_side": "no"
        },
        {
            "trade_id": "cfbcb39d-6551-4c5c-8fbc-98506442cd5c",
            "ticker": "HIGHNY-24APR03-B46.5",
            "count": 47,
            "created_time": "2024-04-02T23:05:26.122056Z",
            "yes_price": 39,
            "no_price": 61,
            "taker_side": "yes"
        },
        {
            "trade_id": "8235f593-3da1-4dac-a622-931ad3942d0c",
            "ticker": "HIGHNY-24APR03-B46.5",
            "count": 7,
            "created_time": "2024-04-02T22:57:01.110748Z",
            "yes_price": 40,
            "no_price": 60,
            "taker_side": "yes"
        },
        {
            "trade_id": "71580cb2-7a26-4510-91a4-6519acc0657c",
            "ticker": "HIGHNY-24APR03-B46.5",
            "count": 97,
            "created_time": "2024-04-02T22:21:03.704001Z",
            "yes_price": 39,
            "no_price": 61,
            "taker_side": "yes"
        },
        {
            "trade_id": "686594aa-a364-4e6a-ace2-2d7d7bb5e1be",
            "ticker": "HIGHNY-24APR03-B46.5",
            "count": 97,
            "created_time": "2024-04-02T22:21:03.704001Z",
            "yes_price": 37,
            "no_price": 63,
            "taker_side": "yes"
        },
        {
            "trade_id": "089207ec-254b-40ca-985a-17cad16c4708",
            "ticker": "HIGHNY-24APR03-B46.5",
            "count": 19,
            "created_time": "2024-04-02T22:21:03.704001Z",
            "yes_price": 35,
            "no_price": 65,
            "taker_side": "yes"
        },
        {
            "trade_id": "b4d6e89e-895b-43ee-a1aa-0a9ad6bd5d63",
            "ticker": "HIGHNY-24APR03-B46.5",
            "count": 19,
            "created_time": "2024-04-02T21:49:34.127514Z",
            "yes_price": 30,
            "no_price": 70,
            "taker_side": "no"
        },
        {
            "trade_id": "ca6617ad-b377-428a-a178-2e2b7b927280",
            "ticker": "HIGHNY-24APR03-B46.5",
            "count": 10,
            "created_time": "2024-04-02T21:32:30.572215Z",
            "yes_price": 32,
            "no_price": 68,
            "taker_side": "yes"
        },
        {
            "trade_id": "2633b6c3-a3ee-4a87-a70f-af995dae98a9",
            "ticker": "HIGHNY-24APR03-B46.5",
            "count": 10,
            "created_time": "2024-04-02T17:30:20.536255Z",
            "yes_price": 40,
            "no_price": 60,
            "taker_side": "no"
        },
        {
            "trade_id": "8784d5c8-f2a0-4058-b5f1-9b689300acf0",
            "ticker": "HIGHNY-24APR03-B46.5",
            "count": 32,
            "created_time": "2024-04-02T16:03:29.116179Z",
            "yes_price": 44,
            "no_price": 56,
            "taker_side": "yes"
        },
        {
            "trade_id": "69931fb9-7f2f-4242-9e73-497c02e4bd06",
            "ticker": "HIGHNY-24APR03-B46.5",
            "count": 10,
            "created_time": "2024-04-02T14:18:05.015135Z",
            "yes_price": 37,
            "no_price": 63,
            "taker_side": "no"
        }
    ],
    "HIGHNY-24APR03-B48.5": [
        {
            "trade_id": "1e79761e-9b1d-4f73-a43f-9750d1f6dd18",
            "ticker": "HIGHNY-24APR03-B48.5",
            "count": 144,
            "created_time": "2024-04-03T21:56:31.23669Z",
            "yes_price": 1,
            "no_price": 99,
            "taker_side": "no"
        },
        {
            "trade_id": "f07d2fd5-9c7a-4fa0-a22d-7bb81d6844f0",
            "ticker": "HIGHNY-24APR03-B48.5",
            "count": 1,
            "created_time": "2024-04-03T21:25:37.310009Z",
            "yes_price": 1,
            "no_price": 99,
            "taker_side": "no"
        },
        {
            "trade_id": "c574a2c2-6583-4e7a-b1fb-c7f03f48bc4f",
            "ticker": "HIGHNY-24APR03-B48.5",
            "count": 94,
            "created_time": "2024-04-03T20:31:07.597223Z",
            "yes_price": 10,
            "no_price": 90,
            "taker_side": "yes"
        },
        {
            "trade_id": "0e2d9898-a3e1-401a-a0a5-db6530e9931c",
            "ticker": "HIGHNY-24APR03-B48.5",
            "count": 5,
            "created_time": "2024-04-03T20:22:42.990637Z",
            "yes_price": 1,
            "no_price": 99,
            "taker_side": "no"
        },
        {
            "trade_id": "5f40c311-ae91-43b0-8526-bbc6683af922",
            "ticker": "HIGHNY-24APR03-B48.5",
            "count": 10,
            "created_time": "2024-04-03T18:23:51.841227Z",
            "yes_price": 3,
            "no_price": 97,
            "taker_side": "no"
        },
        {
            "trade_id": "f8ad226e-2c64-438c-8840-fbb15c6fdd39",
            "ticker": "HIGHNY-24APR03-B48.5",
            "count": 196,
            "created_time": "2024-04-03T14:54:12.543004Z",
            "yes_price": 3,
            "no_price": 97,
            "taker_side": "no"
        },
        {
            "trade_id": "26250883-ac30-4a8a-8f13-9c56a5e7db7c",
            "ticker": "HIGHNY-24APR03-B48.5",
            "count": 4,
            "created_time": "2024-04-03T13:53:54.427423Z",
            "yes_price": 3,
            "no_price": 97,
            "taker_side": "no"
        },
        {
            "trade_id": "b2518ea5-ead3-4c66-9efd-eaeaa878be78",
            "ticker": "HIGHNY-24APR03-B48.5",
            "count": 19,
            "created_time": "2024-04-03T03:53:57.178311Z",
            "yes_price": 43,
            "no_price": 57,
            "taker_side": "no"
        },
        {
            "trade_id": "526628ca-9b33-43db-a353-eeaf8a71f83e",
            "ticker": "HIGHNY-24APR03-B48.5",
            "count": 14,
            "created_time": "2024-04-03T03:53:57.178311Z",
            "yes_price": 40,
            "no_price": 60,
            "taker_side": "no"
        },
        {
            "trade_id": "fd2af2b0-bd19-4253-81f3-4694dbf79584",
            "ticker": "HIGHNY-24APR03-B48.5",
            "count": 93,
            "created_time": "2024-04-02T23:27:06.092328Z",
            "yes_price": 51,
            "no_price": 49,
            "taker_side": "yes"
        },
        {
            "trade_id": "82eecdb5-a03a-4ef5-a790-e5e49c3d2f09",
            "ticker": "HIGHNY-24APR03-B48.5",
            "count": 37,
            "created_time": "2024-04-02T23:27:06.092328Z",
            "yes_price": 46,
            "no_price": 54,
            "taker_side": "yes"
        },
        {
            "trade_id": "39ae2ceb-c0f1-4178-83c1-27f0f1634e80",
            "ticker": "HIGHNY-24APR03-B48.5",
            "count": 93,
            "created_time": "2024-04-02T23:27:06.092328Z",
            "yes_price": 49,
            "no_price": 51,
            "taker_side": "yes"
        },
        {
            "trade_id": "3b545660-9cdb-4488-82be-785fb453e9fb",
            "ticker": "HIGHNY-24APR03-B48.5",
            "count": 10,
            "created_time": "2024-04-02T17:30:21.284894Z",
            "yes_price": 31,
            "no_price": 69,
            "taker_side": "no"
        },
        {
            "trade_id": "ac56196e-616e-4fe7-8685-067239783534",
            "ticker": "HIGHNY-24APR03-B48.5",
            "count": 10,
            "created_time": "2024-04-02T16:43:35.87705Z",
            "yes_price": 31,
            "no_price": 69,
            "taker_side": "no"
        },
        {
            "trade_id": "ff2cf033-e6b5-4735-be8d-93a82043e12a",
            "ticker": "HIGHNY-24APR03-B48.5",
            "count": 32,
            "created_time": "2024-04-02T16:04:00.071011Z",
            "yes_price": 35,
            "no_price": 65,
            "taker_side": "yes"
        },
        {
            "trade_id": "40fb12a6-50d0-464b-b0e7-0c39a85022bb",
            "ticker": "HIGHNY-24APR03-B48.5",
            "count": 10,
            "created_time": "2024-04-02T14:18:05.290642Z",
            "yes_price": 30,
            "no_price": 70,
            "taker_side": "no"
        }
    ],
    "HIGHNY-24APR03-B50.5": [
        {
            "trade_id": "e406d317-0aa1-4406-a7d6-687306c9c3a9",
            "ticker": "HIGHNY-24APR03-B50.5",
            "count": 93,
            "created_time": "2024-04-02T23:26:47.144195Z",
            "yes_price": 9,
            "no_price": 91,
            "taker_side": "no"
        },
        {
            "trade_id": "be46f4c2-c4ad-4166-855d-79b6788511e9",
            "ticker": "HIGHNY-24APR03-B50.5",
            "count": 96,
            "created_time": "2024-04-02T23:26:47.144195Z",
            "yes_price": 8,
            "no_price": 92,
            "taker_side": "no"
        },
        {
            "trade_id": "33e08a1f-c4b7-492e-9303-460c2b9ca130",
            "ticker": "HIGHNY-24APR03-B50.5",
            "count": 18,
            "created_time": "2024-04-02T23:26:47.144195Z",
            "yes_price": 10,
            "no_price": 90,
            "taker_side": "no"
        }
    ],
    "HIGHNY-24APR03-T51": []
}