{
    "HIGHNY-24SEP30-T69": [
        {
            "trade_id": "991e215d-8dcc-40a1-8d51-e51ca1a3e0e1",
            "ticker": "HIGHNY-24SEP30-T69",
            "count": 40,
            "created_time": "2024-10-01T02:02:24.06021Z",
            "yes_price": 1,
            "no_price": 99,
            "taker_side": "yes"
        },
        {
            "trade_id": "f6723675-8ec8-4e99-8152-dfb392594c59",
            "ticker": "HIGHNY-24SEP30-T69",
            "count": 10,
            "created_time": "2024-09-30T01:41:28.49399Z",
            "yes_price": 3,
            "no_price": 97,
            "taker_side": "no"
        }
    ],
    "HIGHNY-24SEP30-B69.5": [
        {
            "trade_id": "cbb8d0d3-efe2-43de-9f2f-03a9b46590b2",
            "ticker": "HIGHNY-24SEP30-B69.5",
            "count": 50,
            "created_time": "2024-10-01T02:00:26.362162Z",
            "yes_price": 1,
            "no_price": 99,
            "taker_side": "yes"
        },
        {
            "trade_id": "ffdb1f24-b66f-4e81-a226-47300009e3a6",
            "ticker": "HIGHNY-24SEP30-B69.5",
            "count": 106,
            "created_time": "2024-09-30T21:38:11.166303Z",
            "yes_price": 1,
            "no_price": 99,
            "taker_side": "yes"
        },
        {
            "trade_id": "ac0e8360-2532-4a27-a251-90920f110fbf",
            "ticker": "HIGHNY-24SEP30-B69.5",
            "count": 106,
            "created_time": "2024-09-30T21:38:11.166303Z",
            "yes_price": 1,
            "no_price": 99,
            "taker_side": "yes"
        },
        {
            "trade_id": "9cfe5770-edf4-4021-83aa-2ff54a8bd83a",
            "ticker": "HIGHNY-24SEP30-B69.5",
            "count": 63,
            "created_time": "2024-09-30T21:38:11.166303Z",
            "yes_price": 1,
            "no_price": 99,
            "taker_side": "yes"
        },
        {
            "trade_id": "22fb207c-d1e5-41bd-8d73-89f2f1756b01",
            "ticker": "HIGHNY-24SEP30-B69.5",
            "count": 3,
            "created_time": "2024-09-30T21:38:11.166303Z",
            "yes_price": 1,
            "no_price": 99,
            "taker_side": "yes"
        },
        {
            "trade_id": "5ee97b81-6f06-4dfd-ac28-d466e3ddb9c4",
            "ticker": "HIGHNY-24SEP30-B69.5",
            "count": 43,
            "created_time": "2024-09-30T21:00:43.391632Z",
            "yes_price": 1,
            "no_price": 99,
            "taker_side": "yes"
        },
        {
            "trade_id": "59c5c375-da0d-47ca-9849-a6179780f7ad",
            "ticker": "HIGHNY-24SEP30-B69.5",
            "count": 50,
            "created_time": "2024-09-30T21:00:43.391632Z",
            "yes_price": 1,
            "no_price": 99,
            "taker_side": "yes"
        },
        {
            "trade_id": "f60b6eb7-2657-4426-b33e-f968894bef08",
            "ticker": "HIGHNY-24SEP30-B69.5",
            "count": 13,
            "created_time": "2024-09-30T21:00:02.713254Z",
            "yes_price": 1,
            "no_price": 99,
            "taker_side": "yes"
        },
        {
            "trade_id": "3f0e353a-d4cb-48b7-90f2-1b0bbd4781b6",
            "ticker": "HIGHNY-24SEP30-B69.5",
            "count": 56,
            "created_time": "2024-09-30T21:00:02.713254Z",
            "yes_price": 1,
            "no_price": 99,
            "taker_side": "yes"
        },
        {
            "trade_id": "35587551-83c6-4643-9f84-a271562e3452",
            "ticker": "HIGHNY-24SEP30-B69.5",
            "count": 106,
            "created_time": "2024-09-30T21:00:02.713254Z",
            "yes_price": 1,
            "no_price": 99,
            "taker_side": "yes"
        },
        {
            "trade_id": "9bb4837b-88c0-401e-8b3a-edcab632410f",
            "ticker": "HIGHNY-24SEP30-B69.5",
            "count": 93,
            "created_time": "2024-09-30T20:59:08.9172Z",
            "yes_price": 1,
            "no_price": 99,
            "taker_side": "yes"
        },
        {
            "trade_id": "3382849d-418e-40bb-b141-51c206af51ab",
            "ticker": "HIGHNY-24SEP30-B69.5",
            "count": 1000,
            "created_time": "2024-09-30T20:48:20.695996Z",
            "yes_price": 1,
            "no_price": 99,
            "taker_side": "yes"
        },
        {
            "trade_id": "74b4a180-fc15-44a0-a4dc-1c67024885ba",
            "ticker": "HIGHNY-24SEP30-B69.5",
            "count": 223,
            "created_time": "2024-09-30T20:36:22.454189Z",
            "yes_price": 3,
            "no_price": 97,
            "taker_side": "yes"
        },
        {
            "trade_id": "6d3b1714-0686-4383-a3a6-4556fef9d4f1",
            "ticker": "HIGHNY-24SEP30-B69.5",
            "count": 10,
            "created_time": "2024-09-30T20:17:35.023136Z",
            "yes_price": 2,
            "no_price": 98,
            "taker_side": "no"
        },
        {
            "trade_id": "12d59aeb-057b-4f7d-bc95-d813332aae5d",
            "ticker": "HIGHNY-24SEP30-B69.5",
            "count": 18,
            "created_time": "2024-09-30T20:17:35.023136Z",
            "yes_price": 1,
            "no_price": 99,
            "taker_side": "no"
        },
        {
            "trade_id": "9489c9b4-e651-49bc-b71e-906694721a4b",
            "ticker": "HIGHNY-24SEP30-B69.5",
            "count": 18,
            "created_time": "2024-09-30T19:19:10.629303Z",
            "yes_price": 41,
            "no_price": 59,
            "taker_side": "yes"
        },
        {
            "trade_id": "1cce62ed-7385-46e4-85e6-b232f0d5f29e",
            "ticker": "HIGHNY-24SEP30-B69.5",
            "count": 4,
            "created_time": "2024-09-30T17:25:36.275899Z",
            "yes_price": 6,
            "no_price": 94,
            "taker_side": "no"
        },
        {
            "trade_id": "7bc0c54f-0491-4000-a1d8-dd4b3988462d",
            "ticker": "HIGHNY-24SEP30-B69.5",
            "count": 10,
            "created_time": "2024-09-30T17:11:13.956204Z",
            "yes_price": 50,
            "no_price": 50,
            "taker_side": "no"
        },
        {
            "trade_id": "94cdbc00-6606-4a81-9ef1-5d93ac67110b",
            "ticker": "HIGHNY-24SEP30-B69.5",
            "count": 1,
            "created_time": "2024-09-30T16:56:28.898592Z",
            "yes_price": 12,
            "no_price": 88,
            "taker_side": "no"
        },
        {
            "trade_id": "b35d6253-8eb7-4dc9-a7e8-3b79b13ce319",
            "ticker": "HIGHNY-24SEP30-B69.5",
            "count": 10,
            "created_time": "2024-09-30T15:54:09.516166Z",
            "yes_price": 16,
            "no_price": 84,
            "taker_side": "yes"
        },
        {
            "trade_id": "accf75ed-0cf5-47f8-8d3d-8ece93d64d58",
            "ticker": "HIGHNY-24SEP30-B69.5",
            "count": 34,
            "created_time": "2024-09-30T14:15:32.936599Z",
            "yes_price": 19,
            "no_price": 81,
            "taker_side": "yes"
        },
        {
            "trade_id": "cb1168f9-bd23-4c67-a77b-45792228b9a3",
            "ticker": "HIGHNY-24SEP30-B69.5",
            "count": 175,
            "created_time": "2024-09-30T14:14:08.63097Z",
            "yes_price": 13,
            "no_price": 87,
            "taker_side": "no"
        },
        {
            "trade_id": "b466a7b9-c8f0-41a8-b43a-f2d56c226b86",
            "ticker": "HIGHNY-24SEP30-B69.5",
            "count": 150,
            "created_time": "2024-09-30T13:54:52.599526Z",
            "yes_price": 20,
            "no_price": 80,
            "taker_side": "yes"
        },
        {
            "trade_id": "a7f14e8c-6206-4a5e-89e2-bc676a757b98",
            "ticker": "HIGHNY-24SEP30-B69.5",
            "count": 15,
            "created_time": "2024-09-30T13:54:52.599526Z",
            "yes_price": 17,
            "no_price": 83,
            "taker_side": "yes"
        },
        {
            "trade_id": "635e18e5-1967-4505-b992-9c01ccb0570c",
            "ticker": "HIGHNY-24SEP30-B69.5",
            "count": 150,
            "created_time": "2024-09-30T13:54:52.599526Z",
            "yes_price": 19,
            "no_price": 81,
            "taker_side": "yes"
        },
        {
            "trade_id": "1a6d8d35-798d-48ef-a1ec-404aeecc70c4",
            "ticker": "HIGHNY-24SEP30-B69.5",
            "count": 8,
            "created_time": "2024-09-30T13:21:01.464372Z",
            "yes_price": 18,
            "no_price": 82,
            "taker_side": "yes"
        },
        {
            "trade_id": "97516027-5459-4c52-bd28-a67287c84fac",
            "ticker": "HIGHNY-24SEP30-B69.5",
            "count": 70,
            "created_time": "2024-09-30T13:20:12.642405Z",
            "yes_price": 10,
            "no_price": 90,
            "taker_side": "no"
        },
        {
            "trade_id": "3187215d-df44-45fc-8d82-6ff5d77d2ac3",
            "ticker": "HIGHNY-24SEP30-B69.5",
            "count": 38,
            "created_time": "2024-09-30T13:20:12.642405Z",
            "yes_price": 12,
            "no_price": 88,
            "taker_side": "no"
        },
        {
            "trade_id": "2836e587-c08b-41cd-aaaf-588b9be10d7e",
            "ticker": "HIGHNY-24SEP30-B69.5",
            "count": 3,
            "created_time": "2024-09-30T13:20:12.642405Z",
            "yes_price": 11,
            "no_price": 89,
            "taker_side": "no"
        },
        {
            "trade_id": "dbd6dcc3-6b8c-4199-a044-fdd3c6c532d2",
            "ticker": "HIGHNY-24SEP30-B69.5",
            "count": 112,
            "created_time": "2024-09-30T13:20:01.531894Z",
            "yes_price": 12,
            "no_price": 88,
            "taker_side": "no"
        },
        {
            "trade_id": "561c8a2b-228d-4731-b2c3-35a51e72bf45",
            "ticker": "HIGHNY-24SEP30-B69.5",
            "count": 38,
            "created_time": "2024-09-30T12:53:31.075496Z",
            "yes_price": 13,
            "no_price": 87,
            "taker_side": "no"
        },
        {
            "trade_id": "4aecb378-a470-416b-b584-dee455314fef",
            "ticker": "HIGHNY-24SEP30-B69.5",
            "count": 175,
            "created_time": "2024-09-30T12:53:31.075496Z",
            "yes_price": 16,
            "no_price": 84,
            "taker_side": "no"
        },
        {
            "trade_id": "3103e3a5-4bcd-4384-8107-8199cba8012b",
            "ticker": "HIGHNY-24SEP30-B69.5",
            "count": 105,
            "created_time": "2024-09-30T01:42:24.555068Z",
            "yes_price": 18,
            "no_price": 82,
            "taker_side": "yes"
        },
        {
            "trade_id": "45c8c0ab-2779-46f7-b7da-946fd93232c3",
            "ticker": "HIGHNY-24SEP30-B69.5",
            "count": 75,
            "created_time": "2024-09-30T01:41:51.464159Z",
            "yes_price": 17,
            "no_price": 83,
            "taker_side": "yes"
        },
        {
            "trade_id": "ea2ed39d-2649-4417-ba6b-1d577fbb4345",
            "ticker": "HIGHNY-24SEP30-B69.5",
            "count": 150,
            "created_time": "2024-09-30T01:41:32.902454Z",
            "yes_price": 17,
            "no_price": 83,
            "taker_side": "yes"
        },
        {
            "trade_id": "1d08e7d7-db66-4bf1-ab38-d61e6a6a742b",
            "ticker": "HIGHNY-24SEP30-B69.5",
            "count": 150,
            "created_time": "2024-09-30T01:41:28.376735Z",
            "yes_price": 15,
            "no_price": 85,
            "taker_side": "yes"
        },
        {
            "trade_id": "1d03422e-4c5d-45cb-a377-7c75a60837cc",
            "ticker": "HIGHNY-24SEP30-B69.5",
            "count": 10,
            "created_time": "2024-09-30T01:41:28.376735Z",
            "yes_price": 15,
            "no_price": 85,
            "taker_side": "yes"
        },
        {
            "trade_id": "bf4bff18-01ad-43aa-b55b-263b0a0e0de1",
            "ticker": "HIGHNY-24SEP30-B69.5",
            "count": 150,
            "created_time": "2024-09-30T00:14:00.348549Z",
            "yes_price": 13,
            "no_price": 87,
            "taker_side": "yes"
        },
        {
            "trade_id": "83a35d69-0364-4a83-9fee-d6b340e6d530",
            "ticker": "HIGHNY-24SEP30-B69.5",
            "count": 60,
            "created_time": "2024-09-30T00:14:00.348549Z",
            "yes_price": 12,
            "no_price": 88,
            "taker_side": "yes"
        },
        {
            "trade_id": "49d3688e-1bfd-4a18-bf4b-ee6216b37b6a",
            "ticker": "HIGHNY-24SEP30-B69.5",
            "count": 3,
            "created_time": "2024-09-30T00:14:00.348549Z",
            "yes_price": 12,
            "no_price": 88,
            "taker_side": "yes"
        },
        {
            "trade_id": "d58c66d1-c8ea-470d-b2fe-0cb8397e78a0",
            "ticker": "HIGHNY-24SEP30-B69.5",
            "count": 10,
            "created_time": "2024-09-29T18:56:40.859331Z",
            "yes_price": 16,
            "no_price": 84,
            "taker_side": "no"
        },
        {
            "trade_id": "4d82efb1-2b1d-41a4-82c5-9606db51c9b1",
            "ticker": "HIGHNY-24SEP30-B69.5",
            "count": 22,
            "created_time": "2024-09-29T15:56:34.301833Z",
            "yes_price": 15,
            "no_price": 85,
            "taker_side": "yes"
        },
        {
            "trade_id": "eeb7343c-2526-4158-995f-b496567b35c5",
            "ticker": "HIGHNY-24SEP30-B69.5",
            "count": 5,
            "created_time": "2024-09-29T14:27:55.93379Z",
            "yes_price": 5,
            "no_price": 95,
            "taker_side": "no"
        }
    ],
    "HIGHNY-24SEP30-B71.5": [
        {
            "trade_id": "f0b2b052-aab7-4efb-ab30-f865bc2a8a66",
            "ticker": "HIGHNY-24SEP30-B71.5",
            "count": 450,
            "created_time": "2024-10-01T03:26:36.656265Z",
            "yes_price": 99,
            "no_price": 1,
            "taker_side": "no"
        },
        {
            "trade_id": "987e5cc3-aa82-4fac-ab58-9167a95b5603",
            "ticker": "HIGHNY-24SEP30-B71.5",
            "count": 505,
            "created_time": "2024-10-01T03:26:36.656265Z",
            "yes_price": 97,
            "no_price": 3,
            "taker_side": "no"
        },
        {
            "trade_id": "da499f5c-7952-42f5-900a-7da2875b7c41",
            "ticker": "HIGHNY-24SEP30-B71.5",
            "count": 50,
            "created_time": "2024-10-01T02:03:22.486531Z",
            "yes_price": 99,
            "no_price": 1,
            "taker_side": "no"
        },
        {
            "trade_id": "4692e1ab-f9af-401e-9df8-626754fdc74d",
            "ticker": "HIGHNY-24SEP30-B71.5",
            "count": 255,
            "created_time": "2024-09-30T21:05:22.109319Z",
            "yes_price": 97,
            "no_price": 3,
            "taker_side": "no"
        },
        {
            "trade_id": "74e47d89-93e2-41d6-8096-cb9b60391687",
            "ticker": "HIGHNY-24SEP30-B71.5",
            "count": 156,
            "created_time": "2024-09-30T20:58:16.998554Z",
            "yes_price": 97,
            "no_price": 3,
            "taker_side": "no"
        },
        {
            "trade_id": "979c8be4-a2a4-4870-be4c-f759c68f607a",
            "ticker": "HIGHNY-24SEP30-B71.5",
            "count": 156,
            "created_time": "2024-09-30T20:57:13.075353Z",
            "yes_price": 97,
            "no_price": 3,
            "taker_side": "no"
        },
        {
            "trade_id": "9bb5003d-e006-453c-8bd5-c7d1d72420dc",
            "ticker": "HIGHNY-24SEP30-B71.5",
            "count": 183,
            "created_time": "2024-09-30T20:46:58.468926Z",
            "yes_price": 98,
            "no_price": 2,
            "taker_side": "yes"
        },
        {
            "trade_id": "4b63b933-eef2-4a4e-8eb1-7d8218c2cc6a",
            "ticker": "HIGHNY-24SEP30-B71.5",
            "count": 20,
            "created_time": "2024-09-30T20:46:58.468926Z",
            "yes_price": 98,
            "no_price": 2,
            "taker_side": "yes"
        },
        {
            "trade_id": "1e98d707-a2d3-40ab-8e59-379782d23271",
            "ticker": "HIGHNY-24SEP30-B71.5",
            "count": 600,
            "created_time": "2024-09-30T20:45:22.729233Z",
            "yes_price": 97,
            "no_price": 3,
            "taker_side": "no"
        },
        {
            "trade_id": "0894bc30-597a-4304-8ffd-48bd12f9b805",
            "ticker": "HIGHNY-24SEP30-B71.5",
            "count": 6,
            "created_time": "2024-09-30T20:31:01.021798Z",
            "yes_price": 86,
            "no_price": 14,
            "taker_side": "no"
        },
        {
            "trade_id": "ff022a92-c3f7-43f8-a9ee-2a59bd8cf165",
            "ticker": "HIGHNY-24SEP30-B71.5",
            "count": 2,
            "created_time": "2024-09-30T20:21:48.437171Z",
            "yes_price": 80,
            "no_price": 20,
            "taker_side": "no"
        },
        {
            "trade_id": "dcad4fa7-62aa-4e39-b971-7394c9cc42a2",
            "ticker": "HIGHNY-24SEP30-B71.5",
            "count": 1000,
            "created_time": "2024-09-30T20:18:03.699879Z",
            "yes_price": 97,
            "no_price": 3,
            "taker_side": "yes"
        },
        {
            "trade_id": "bf4de9ca-088c-4884-aa1c-60cafd2cfc87",
            "ticker": "HIGHNY-24SEP30-B71.5",
            "count": 10,
            "created_time": "2024-09-30T17:11:14.01938Z",
            "yes_price": 58,
            "no_price": 42,
            "taker_side": "no"
        },
        {
            "trade_id": "b269bfc8-9a69-4336-ae79-58b84d02828b",
            "ticker": "HIGHNY-24SEP30-B71.5",
            "count": 10,
            "created_time": "2024-09-30T17:11:13.928825Z",
            "yes_price": 58,
            "no_price": 42,
            "taker_side": "no"
        },
        {
            "trade_id": "0f8ca398-19ca-4afb-a0ca-f67a61913b60",
            "ticker": "HIGHNY-24SEP30-B71.5",
            "count": 1,
            "created_time": "2024-09-30T16:56:28.81436Z",
            "yes_price": 82,
            "no_price": 18,
            "taker_side": "yes"
        },
        {
            "trade_id": "fc8dce5e-434b-4a08-9363-1ca09eedc001",
            "ticker": "HIGHNY-24SEP30-B71.5",
            "count": 1,
            "created_time": "2024-09-30T16:06:19.570033Z",
            "yes_price": 89,
            "no_price": 11,
            "taker_side": "yes"
        },
        {
            "trade_id": "c29d61cc-5420-4f6e-b724-e32e4dd2b317",
            "ticker": "HIGHNY-24SEP30-B71.5",
            "count": 20,
            "created_time": "2024-09-30T16:03:00.099186Z",
            "yes_price": 65,
            "no_price": 35,
            "taker_side": "yes"
        },
        {
            "trade_id": "dba4beb4-0134-4ad1-96df-9c12917c552f",
            "ticker": "HIGHNY-24SEP30-B71.5",
            "count": 1,
            "created_time": "2024-09-30T15:13:49.624072Z",
            "yes_price": 91,
            "no_price": 9,
            "taker_side": "yes"
        },
        {
            "trade_id": "b0863e8a-9192-4a75-844c-50d449807023",
            "ticker": "HIGHNY-24SEP30-B71.5",
            "count": 1,
            "created_time": "2024-09-30T15:13:49.624072Z",
            "yes_price": 96,
            "no_price": 4,
            "taker_side": "yes"
        },
        {
            "trade_id": "aa82f1fa-947e-4427-b8f6-7bb823fc4030",
            "ticker": "HIGHNY-24SEP30-B71.5",
            "count": 2,
            "created_time": "2024-09-30T15:13:49.624072Z",
            "yes_price": 97,
            "no_price": 3,
            "taker_side": "yes"
        },
        {
            "trade_id": "a478cd85-6dda-41d0-b4b6-71816513b81b",
            "ticker": "HIGHNY-24SEP30-B71.5",
            "count": 1,
            "created_time": "2024-09-30T15:13:49.624072Z",
            "yes_price": 90,
            "no_price": 10,
            "taker_side": "yes"
        },
        {
            "trade_id": "9ef649e2-c1ec-4bf1-a9c0-dd395a347e8a",
            "ticker": "HIGHNY-24SEP30-B71.5",
            "count": 2,
            "created_time": "2024-09-30T15:13:49.624072Z",
            "yes_price": 85,
            "no_price": 15,
            "taker_side": "yes"
        },
        {
            "trade_id": "94a68d04-eb71-4eab-b061-137f04684f56",
            "ticker": "HIGHNY-24SEP30-B71.5",
            "count": 1,
            "created_time": "2024-09-30T15:13:49.624072Z",
            "yes_price": 95,
            "no_price": 5,
            "taker_side": "yes"
        },
        {
            "trade_id": "26005209-b3f2-4ca5-8752-1722bb93e515",
            "ticker": "HIGHNY-24SEP30-B71.5",
            "count": 2,
            "created_time": "2024-09-30T15:13:49.624072Z",
            "yes_price": 84,
            "no_price": 16,
            "taker_side": "yes"
        },
        {
            "trade_id": "b3130c37-fca1-44fb-b64b-40803bbf1906",
            "ticker": "HIGHNY-24SEP30-B71.5",
            "count": 30,
            "created_time": "2024-09-30T14:21:21.654493Z",
            "yes_price": 64,
            "no_price": 36,
            "taker_side": "yes"
        },
        {
            "trade_id": "be8a8198-36de-4561-9683-168f9334eb10",
            "ticker": "HIGHNY-24SEP30-B71.5",
            "count": 45,
            "created_time": "2024-09-30T14:20:19.606405Z",
            "yes_price": 64,
            "no_price": 36,
            "taker_side": "yes"
        },
        {
            "trade_id": "3fd3578a-5cfe-4c8a-b19f-40c6a4a06a63",
            "ticker": "HIGHNY-24SEP30-B71.5",
            "count": 55,
            "created_time": "2024-09-30T14:20:19.606405Z",
            "yes_price": 66,
            "no_price": 34,
            "taker_side": "yes"
        },
        {
            "trade_id": "7310be42-26f5-4c26-b39b-a2f3ee81dc84",
            "ticker": "HIGHNY-24SEP30-B71.5",
            "count": 150,
            "created_time": "2024-09-30T14:09:02.022524Z",
            "yes_price": 62,
            "no_price": 38,
            "taker_side": "yes"
        },
        {
            "trade_id": "69776ee5-3931-4302-86d1-0f32ba1b6430",
            "ticker": "HIGHNY-24SEP30-B71.5",
            "count": 75,
            "created_time": "2024-09-30T14:09:02.022524Z",
            "yes_price": 59,
            "no_price": 41,
            "taker_side": "yes"
        },
        {
            "trade_id": "f98fe4f3-f6c4-4165-a522-c820ef0eda61",
            "ticker": "HIGHNY-24SEP30-B71.5",
            "count": 86,
            "created_time": "2024-09-30T13:50:21.592835Z",
            "yes_price": 52,
            "no_price": 48,
            "taker_side": "no"
        },
        {
            "trade_id": "1d705707-d8df-41df-97e9-b03ca8c2ac62",
            "ticker": "HIGHNY-24SEP30-B71.5",
            "count": 15,
            "created_time": "2024-09-30T13:50:21.592835Z",
            "yes_price": 55,
            "no_price": 45,
            "taker_side": "no"
        },
        {
            "trade_id": "32df10f1-d60a-4829-9380-43924a62e350",
            "ticker": "HIGHNY-24SEP30-B71.5",
            "count": 50,
            "created_time": "2024-09-30T13:14:55.083891Z",
            "yes_price": 59,
            "no_price": 41,
            "taker_side": "yes"
        },
        {
            "trade_id": "0fbd39c5-b95f-45f9-aebf-55b423a92e9c",
            "ticker": "HIGHNY-24SEP30-B71.5",
            "count": 16,
            "created_time": "2024-09-30T12:50:50.159306Z",
            "yes_price": 59,
            "no_price": 41,
            "taker_side": "yes"
        },
        {
            "trade_id": "55ece1f3-5f89-4d8c-b4b1-3c10f1c404cd",
            "ticker": "HIGHNY-24SEP30-B71.5",
            "count": 2,
            "created_time": "2024-09-30T12:50:17.462965Z",
            "yes_price": 59,
            "no_price": 41,
            "taker_side": "yes"
        },
        {
            "trade_id": "f2287400-f9af-47ab-9eda-af86033764e9",
            "ticker": "HIGHNY-24SEP30-B71.5",
            "count": 4,
            "created_time": "2024-09-30T12:06:04.437677Z",
            "yes_price": 53,
            "no_price": 47,
            "taker_side": "no"
        },
        {
            "trade_id": "7a4af401-8365-40d6-ab1b-d9c980e2d9fa",
            "ticker": "HIGHNY-24SEP30-B71.5",
            "count": 100,
            "created_time": "2024-09-30T12:06:04.437677Z",
            "yes_price": 54,
            "no_price": 46,
            "taker_side": "no"
        },
        {
            "trade_id": "cc3d2baf-5fec-42b5-bd20-7a497d838cfe",
            "ticker": "HIGHNY-24SEP30-B71.5",
            "count": 45,
            "created_time": "2024-09-30T01:44:37.178868Z",
            "yes_price": 57,
            "no_price": 43,
            "taker_side": "no"
        },
        {
            "trade_id": "23da450b-377c-4c01-824d-b2fad3760282",
            "ticker": "HIGHNY-24SEP30-B71.5",
            "count": 30,
            "created_time": "2024-09-30T01:42:34.171198Z",
            "yes_price": 57,
            "no_price": 43,
            "taker_side": "no"
        },
        {
            "trade_id": "9e522565-7705-4034-a69d-d49a42b73812",
            "ticker": "HIGHNY-24SEP30-B71.5",
            "count": 10,
            "created_time": "2024-09-30T01:41:28.463876Z",
            "yes_price": 57,
            "no_price": 43,
            "taker_side": "no"
        },
        {
            "trade_id": "ba1af231-c095-4cb1-9fdb-dd097ebf5ad6",
            "ticker": "HIGHNY-24SEP30-B71.5",
            "count": 5,
            "created_time": "2024-09-29T15:54:52.258447Z",
            "yes_price": 68,
            "no_price": 32,
            "taker_side": "yes"
        },
        {
            "trade_id": "7236d1e7-9e39-455b-b815-abe5000db46e",
            "ticker": "HIGHNY-24SEP30-B71.5",
            "count": 10,
            "created_time": "2024-09-29T15:49:09.109399Z",
            "yes_price": 68,
            "no_price": 32,
            "taker_side": "yes"
        },
        {
            "trade_id": "b332263a-471d-41ab-9c1d-15774f396683",
            "ticker": "HIGHNY-24SEP30-B71.5",
            "count": 45,
            "created_time": "2024-09-29T15:01:10.773487Z",
            "yes_price": 49,
            "no_price": 51,
            "taker_side": "yes"
        },
        {
            "trade_id": "c0311df1-fa9a-4baa-9014-42882a496474",
            "ticker": "HIGHNY-24SEP30-B71.5",
            "count": 30,
            "created_time": "2024-09-29T15:00:46.61242Z",
            "yes_price": 44,
            "no_price": 56,
            "taker_side": "yes"
        },
        {
            "trade_id": "a1dcbff3-4cb8-4c2a-9064-d56b2e84d4f6",
            "ticker": "HIGHNY-24SEP30-B71.5",
            "count": 150,
            "created_time": "2024-09-29T15:00:46.61242Z",
            "yes_price": 49,
            "no_price": 51,
            "taker_side": "yes"
        },
        {
            "trade_id": "5b23f7cf-9b27-4aad-a56e-5097e9b44dad",
            "ticker": "HIGHNY-24SEP30-B71.5",
            "count": 150,
            "created_time": "2024-09-29T15:00:46.61242Z",
            "yes_price": 46,
            "no_price": 54,
            "taker_side": "yes"
        },
        {
            "trade_id": "a6ad2872-5c1f-4a49-b057-0196695942ed",
            "ticker": "HIGHNY-24SEP30-B71.5",
            "count": 30,
            "created_time": "2024-09-29T15:00:16.416873Z",
            "yes_price": 44,
            "no_price": 56,
            "taker_side": "yes"
        },
        {
            "trade_id": "69ec07a9-b71b-4129-8788-98458b1d7b4e",
            "ticker": "HIGHNY-24SEP30-B71.5",
            "count": 150,
            "created_time": "2024-09-29T15:00:16.416873Z",
            "yes_price": 46,
            "no_price": 54,
            "taker_side": "yes"
        },
        {
            "trade_id": "57fd7ab4-5796-47a1-b4bd-bdd1a90a89ac",
            "ticker": "HIGHNY-24SEP30-B71.5",
            "count": 137,
            "created_time": "2024-09-29T15:00:16.416873Z",
            "yes_price": 49,
            "no_price": 51,
            "taker_side": "yes"
        },
        {
            "trade_id": "375c7a30-3546-4015-b794-ea7a27b747f2",
            "ticker": "HIGHNY-24SEP30-B71.5",
            "count": 22,
            "created_time": "2024-09-29T15:00:16.416873Z",
            "yes_price": 48,
            "no_price": 52,
            "taker_side": "yes"
        }
    ],
    "HIGHNY-24SEP30-B73.5": [
        {
            "trade_id": "547c5e03-5dbf-43bc-8102-33a7283f0e3a",
            "ticker": "HIGHNY-24SEP30-B73.5",
            "count": 3,
            "created_time": "2024-09-30T21:09:18.123466Z",
            "yes_price": 3,
            "no_price": 97,
            "taker_side": "yes"
        },
        {
            "trade_id": "05f5f345-d24a-4c92-8b73-72174ff64794",
            "ticker": "HIGHNY-24SEP30-B73.5",
            "count": 50,
            "created_time": "2024-09-30T20:46:25.557735Z",
            "yes_price": 1,
            "no_price": 99,
            "taker_side": "no"
        },
        {
            "trade_id": "0a161c16-1351-4698-933f-9d2bdbf44b09",
            "ticker": "HIGHNY-24SEP30-B73.5",
            "count": 25,
            "created_time": "2024-09-30T20:40:09.119242Z",
            "yes_price": 1,
            "no_price": 99,
            "taker_side": "no"
        },
        {
            "trade_id": "6df05e8e-f2ea-46cc-bfe3-07ccbccd5aef",
            "ticker": "HIGHNY-24SEP30-B73.5",
            "count": 6,
            "created_time": "2024-09-30T20:31:00.917032Z",
            "yes_price": 19,
            "no_price": 81,
            "taker_side": "yes"
        },
        {
            "trade_id": "9273fd34-8a1b-402d-bea6-1032b55266f4",
            "ticker": "HIGHNY-24SEP30-B73.5",
            "count": 2,
            "created_time": "2024-09-30T20:21:48.342162Z",
            "yes_price": 39,
            "no_price": 61,
            "taker_side": "yes"
        },
        {
            "trade_id": "3caa3dcf-55fb-444a-9e8d-a475aa796566",
            "ticker": "HIGHNY-24SEP30-B73.5",
            "count": 25,
            "created_time": "2024-09-30T20:00:33.503446Z",
            "yes_price": 1,
            "no_price": 99,
            "taker_side": "no"
        },
        {
            "trade_id": "c9061fa4-8014-4f9b-b81b-a9e775b3e1bc",
            "ticker": "HIGHNY-24SEP30-B73.5",
            "count": 100,
            "created_time": "2024-09-30T19:55:53.044682Z",
            "yes_price": 4,
            "no_price": 96,
            "taker_side": "no"
        },
        {
            "trade_id": "b001e32e-b866-4d63-8a42-55b88760309e",
            "ticker": "HIGHNY-24SEP30-B73.5",
            "count": 100,
            "created_time": "2024-09-30T19:22:12.848134Z",
            "yes_price": 5,
            "no_price": 95,
            "taker_side": "no"
        },
        {
            "trade_id": "69afa06c-9fb3-4ef0-b6db-791ae7cd8f7c",
            "ticker": "HIGHNY-24SEP30-B73.5",
            "count": 14,
            "created_time": "2024-09-30T18:56:02.001176Z",
            "yes_price": 5,
            "no_price": 95,
            "taker_side": "no"
        },
        {
            "trade_id": "f97d9b92-62c1-41ed-b57f-cfc7300c8cda",
            "ticker": "HIGHNY-24SEP30-B73.5",
            "count": 80,
            "created_time": "2024-09-30T18:53:37.125697Z",
            "yes_price": 10,
            "no_price": 90,
            "taker_side": "no"
        },
        {
            "trade_id": "5292fa3a-9de9-45a9-bfe9-af5a9d18383f",
            "ticker": "HIGHNY-24SEP30-B73.5",
            "count": 6,
            "created_time": "2024-09-30T18:52:46.44038Z",
            "yes_price": 10,
            "no_price": 90,
            "taker_side": "no"
        },
        {
            "trade_id": "f88a775f-1b03-46a2-9895-75b5f3ef1271",
            "ticker": "HIGHNY-24SEP30-B73.5",
            "count": 50,
            "created_time": "2024-09-30T18:38:07.771901Z",
            "yes_price": 48,
            "no_price": 52,
            "taker_side": "yes"
        },
        {
            "trade_id": "7106e65f-b5c1-48f7-8bca-bb54ba7204ef",
            "ticker": "HIGHNY-24SEP30-B73.5",
            "count": 19,
            "created_time": "2024-09-30T18:15:23.45109Z",
            "yes_price": 45,
            "no_price": 55,
            "taker_side": "yes"
        },
        {
            "trade_id": "19e5c3ba-88ea-4ad8-ae0f-03a4cf758b8f",
            "ticker": "HIGHNY-24SEP30-B73.5",
            "count": 1,
            "created_time": "2024-09-30T18:15:23.45109Z",
            "yes_price": 30,
            "no_price": 70,
            "taker_side": "yes"
        },
        {
            "trade_id": "5711484a-1769-47a7-b3cc-c2890ac2b162",
            "ticker": "HIGHNY-24SEP30-B73.5",
            "count": 80,
            "created_time": "2024-09-30T17:44:27.858865Z",
            "yes_price": 16,
            "no_price": 84,
            "taker_side": "no"
        },
        {
            "trade_id": "caeca30d-859d-4fe0-99b7-31650c562805",
            "ticker": "HIGHNY-24SEP30-B73.5",
            "count": 80,
            "created_time": "2024-09-30T17:30:50.565003Z",
            "yes_price": 11,
            "no_price": 89,
            "taker_side": "yes"
        },
        {
            "trade_id": "328881e9-8db4-4e36-99c4-3230387a81a3",
            "ticker": "HIGHNY-24SEP30-B73.5",
            "count": 10,
            "created_time": "2024-09-30T17:11:14.031067Z",
            "yes_price": 10,
            "no_price": 90,
            "taker_side": "no"
        },
        {
            "trade_id": "197ab701-0943-4f80-a1d5-ed91bf7b56de",
            "ticker": "HIGHNY-24SEP30-B73.5",
            "count": 10,
            "created_time": "2024-09-30T17:11:13.955483Z",
            "yes_price": 10,
            "no_price": 90,
            "taker_side": "no"
        },
        {
            "trade_id": "e6f334e0-031e-490c-9113-00f5f8618d96",
            "ticker": "HIGHNY-24SEP30-B73.5",
            "count": 1,
            "created_time": "2024-09-30T16:56:28.899317Z",
            "yes_price": 7,
            "no_price": 93,
            "taker_side": "no"
        },
        {
            "trade_id": "36744f0d-7e3d-4cdb-bf1f-91ef223cd8b3",
            "ticker": "HIGHNY-24SEP30-B73.5",
            "count": 3,
            "created_time": "2024-09-30T15:11:00.074549Z",
            "yes_price": 20,
            "no_price": 80,
            "taker_side": "no"
        },
        {
            "trade_id": "d3d999c6-0fa9-450e-8bcb-66861084cbc2",
            "ticker": "HIGHNY-24SEP30-B73.5",
            "count": 60,
            "created_time": "2024-09-30T15:05:11.59048Z",
            "yes_price": 21,
            "no_price": 79,
            "taker_side": "no"
        },
        {
            "trade_id": "d7ce68e9-1784-47c5-bb56-9c75a72fb0a5",
            "ticker": "HIGHNY-24SEP30-B73.5",
            "count": 6,
            "created_time": "2024-09-30T14:34:09.400207Z",
            "yes_price": 28,
            "no_price": 72,
            "taker_side": "yes"
        },
        {
            "trade_id": "3acec1c7-aa13-47b0-9f4c-27b2e7fc3788",
            "ticker": "HIGHNY-24SEP30-B73.5",
            "count": 30,
            "created_time": "2024-09-30T14:34:09.400207Z",
            "yes_price": 26,
            "no_price": 74,
            "taker_side": "yes"
        },
        {
            "trade_id": "93dd45d2-aad8-4810-8b53-aed2f52e2af9",
            "ticker": "HIGHNY-24SEP30-B73.5",
            "count": 35,
            "created_time": "2024-09-30T14:21:43.835539Z",
            "yes_price": 27,
            "no_price": 73,
            "taker_side": "yes"
        },
        {
            "trade_id": "7b9fd5b1-fd66-4890-bcd3-d3bcdcfecc55",
            "ticker": "HIGHNY-24SEP30-B73.5",
            "count": 25,
            "created_time": "2024-09-30T14:20:35.044288Z",
            "yes_price": 25,
            "no_price": 75,
            "taker_side": "no"
        },
        {
            "trade_id": "d33bf184-61f4-4e84-b20a-b7f896565c13",
            "ticker": "HIGHNY-24SEP30-B73.5",
            "count": 90,
            "created_time": "2024-09-30T14:05:34.951071Z",
            "yes_price": 23,
            "no_price": 77,
            "taker_side": "no"
        },
        {
            "trade_id": "33eef0ff-d019-4e73-9cbc-0430097e9d08",
            "ticker": "HIGHNY-24SEP30-B73.5",
            "count": 60,
            "created_time": "2024-09-30T14:04:43.013489Z",
            "yes_price": 24,
            "no_price": 76,
            "taker_side": "no"
        },
        {
            "trade_id": "b4beb1bd-000e-47c2-a1bf-5282a81362af",
            "ticker": "HIGHNY-24SEP30-B73.5",
            "count": 30,
            "created_time": "2024-09-30T14:03:54.785242Z",
            "yes_price": 24,
            "no_price": 76,
            "taker_side": "no"
        },
        {
            "trade_id": "15c11769-b8f2-46bd-8895-1de5c5fcfc16",
            "ticker": "HIGHNY-24SEP30-B73.5",
            "count": 17,
            "created_time": "2024-09-30T13:36:51.319294Z",
            "yes_price": 27,
            "no_price": 73,
            "taker_side": "yes"
        },
        {
            "trade_id": "48fec658-0a8c-408c-8641-b9a7d1259f49",
            "ticker": "HIGHNY-24SEP30-B73.5",
            "count": 20,
            "created_time": "2024-09-30T13:14:40.336174Z",
            "yes_price": 27,
            "no_price": 73,
            "taker_side": "yes"
        },
        {
            "trade_id": "93ff9069-17b8-41b4-9ba8-7f5f86caf7ad",
            "ticker": "HIGHNY-24SEP30-B73.5",
            "count": 105,
            "created_time": "2024-09-30T13:03:46.72865Z",
            "yes_price": 21,
            "no_price": 79,
            "taker_side": "no"
        },
        {
            "trade_id": "814e9d83-d325-4468-9ebc-aa4a559b714b",
            "ticker": "HIGHNY-24SEP30-B73.5",
            "count": 15,
            "created_time": "2024-09-30T13:01:46.508653Z",
            "yes_price": 22,
            "no_price": 78,
            "taker_side": "no"
        },
        {
            "trade_id": "3db588eb-b833-4100-b3ec-2e5e8638b1ab",
            "ticker": "HIGHNY-24SEP30-B73.5",
            "count": 4,
            "created_time": "2024-09-30T13:01:46.508653Z",
            "yes_price": 22,
            "no_price": 78,
            "taker_side": "no"
        },
        {
            "trade_id": "89267e30-938f-4a55-be24-642429ddce24",
            "ticker": "HIGHNY-24SEP30-B73.5",
            "count": 45,
            "created_time": "2024-09-30T12:54:03.569802Z",
            "yes_price": 22,
            "no_price": 78,
            "taker_side": "no"
        },
        {
            "trade_id": "2c8cb0ba-bb38-461d-86b5-f8fb750944a0",
            "ticker": "HIGHNY-24SEP30-B73.5",
            "count": 102,
            "created_time": "2024-09-30T12:00:34.860331Z",
            "yes_price": 24,
            "no_price": 76,
            "taker_side": "no"
        },
        {
            "trade_id": "57be61b6-a785-4b21-83d4-e9f3554cc007",
            "ticker": "HIGHNY-24SEP30-B73.5",
            "count": 30,
            "created_time": "2024-09-30T12:00:34.835206Z",
            "yes_price": 24,
            "no_price": 76,
            "taker_side": "no"
        },
        {
            "trade_id": "511ad525-b889-4993-8248-23e81df005a0",
            "ticker": "HIGHNY-24SEP30-B73.5",
            "count": 90,
            "created_time": "2024-09-30T03:58:42.214899Z",
            "yes_price": 30,
            "no_price": 70,
            "taker_side": "yes"
        },
        {
            "trade_id": "f6fc0306-a87c-48f1-84d9-a2a21cc99825",
            "ticker": "HIGHNY-24SEP30-B73.5",
            "count": 3,
            "created_time": "2024-09-30T03:58:33.812691Z",
            "yes_price": 28,
            "no_price": 72,
            "taker_side": "yes"
        },
        {
            "trade_id": "a1eeb622-d1b1-4937-ad7b-24d2e9b4ba27",
            "ticker": "HIGHNY-24SEP30-B73.5",
            "count": 400,
            "created_time": "2024-09-30T03:58:33.812691Z",
            "yes_price": 28,
            "no_price": 72,
            "taker_side": "yes"
        },
        {
            "trade_id": "7369cea8-dc8b-4f8d-9f44-f62400fe3b3c",
            "ticker": "HIGHNY-24SEP30-B73.5",
            "count": 100,
            "created_time": "2024-09-30T02:38:12.897219Z",
            "yes_price": 28,
            "no_price": 72,
            "taker_side": "yes"
        },
        {
            "trade_id": "fcecda96-6643-4d59-8415-91624a228af5",
            "ticker": "HIGHNY-24SEP30-B73.5",
            "count": 10,
            "created_time": "2024-09-30T01:41:28.486253Z",
            "yes_price": 26,
            "no_price": 74,
            "taker_side": "no"
        },
        {
            "trade_id": "e2c9b31a-39ae-4571-8e4d-e386e2ca8070",
            "ticker": "HIGHNY-24SEP30-B73.5",
            "count": 400,
            "created_time": "2024-09-30T01:40:29.77606Z",
            "yes_price": 29,
            "no_price": 71,
            "taker_side": "no"
        },
        {
            "trade_id": "aad62453-6885-423b-b5e0-036fa725c2e0",
            "ticker": "HIGHNY-24SEP30-B73.5",
            "count": 3,
            "created_time": "2024-09-30T01:40:29.77606Z",
            "yes_price": 29,
            "no_price": 71,
            "taker_side": "no"
        },
        {
            "trade_id": "a1c03a24-6667-41aa-ad08-c83c35fca0f1",
            "ticker": "HIGHNY-24SEP30-B73.5",
            "count": 24,
            "created_time": "2024-09-30T01:27:47.832207Z",
            "yes_price": 35,
            "no_price": 65,
            "taker_side": "yes"
        },
        {
            "trade_id": "65110260-34ed-4d72-b874-30a93a9e6971",
            "ticker": "HIGHNY-24SEP30-B73.5",
            "count": 3,
            "created_time": "2024-09-30T01:27:47.832207Z",
            "yes_price": 34,
            "no_price": 66,
            "taker_side": "yes"
        },
        {
            "trade_id": "80477f31-12c3-4eab-b5a0-1ecc9e4b4ed2",
            "ticker": "HIGHNY-24SEP30-B73.5",
            "count": 15,
            "created_time": "2024-09-29T23:48:43.804195Z",
            "yes_price": 34,
            "no_price": 66,
            "taker_side": "yes"
        },
        {
            "trade_id": "fce5c870-cca8-4272-adee-8f0cebfeff85",
            "ticker": "HIGHNY-24SEP30-B73.5",
            "count": 150,
            "created_time": "2024-09-29T19:27:06.451401Z",
            "yes_price": 23,
            "no_price": 77,
            "taker_side": "yes"
        },
        {
            "trade_id": "4e4b0b79-37d9-4830-890d-edd0fbc5859e",
            "ticker": "HIGHNY-24SEP30-B73.5",
            "count": 15,
            "created_time": "2024-09-29T19:27:06.451401Z",
            "yes_price": 21,
            "no_price": 79,
            "taker_side": "yes"
        },
        {
            "trade_id": "083815c8-0c09-4e69-af04-33a0f3a91d23",
            "ticker": "HIGHNY-24SEP30-B73.5",
            "count": 150,
            "created_time": "2024-09-29T19:27:06.451401Z",
            "yes_price": 25,
            "no_price": 75,
            "taker_side": "yes"
        }
    ],
    "HIGHNY-24SEP30-B75.5": [
        {
            "trade_id": "3c9a139b-84a6-4ebf-bb9d-aefeda91401d",
            "ticker": "HIGHNY-24SEP30-B75.5",
            "count": 10,
            "created_time": "2024-09-30T01:41:28.461879Z",
            "yes_price": 1,
            "no_price": 99,
            "taker_side": "no"
        }
    ],
    "HIGHNY-24SEP30-T76": []
}