{
    "HIGHNY-24APR16-T66": [],
    "HIGHNY-24APR16-B66.5": [
        {
            "trade_id": "0a1268a8-0558-49f7-a052-819d6eb2960b",
            "ticker": "HIGHNY-24APR16-B66.5",
            "count": 10,
            "created_time": "2024-04-15T21:20:41.682798Z",
            "yes_price": 25,
            "no_price": 75,
            "taker_side": "yes"
        },
        {
            "trade_id": "93558a17-1d35-4c28-9d93-0918e03cef36",
            "ticker": "HIGHNY-24APR16-B66.5",
            "count": 18,
            "created_time": "2024-04-15T20:31:43.469338Z",
            "yes_price": 26,
            "no_price": 74,
            "taker_side": "yes"
        }
    ],
    "HIGHNY-24APR16-B68.5": [
        {
            "trade_id": "7b11f446-486d-48ea-a2cc-e53cffbb73b5",
            "ticker": "HIGHNY-24APR16-B68.5",
            "count": 100,
            "created_time": "2024-04-16T18:15:33.315032Z",
            "yes_price": 1,
            "no_price": 99,
            "taker_side": "yes"
        },
        {
            "trade_id": "4d0941a3-7761-4d77-8f77-5bbb6cabceb2",
            "ticker": "HIGHNY-24APR16-B68.5",
            "count": 5,
            "created_time": "2024-04-15T21:27:13.217544Z",
            "yes_price": 1,
            "no_price": 99,
            "taker_side": "yes"
        },
        {
            "trade_id": "4a1f7c4c-1250-4348-a3db-5d7c01ead0b1",
            "ticker": "HIGHNY-24APR16-B68.5",
            "count": 5,
            "created_time": "2024-04-15T21:20:41.750117Z",
            "yes_price": 1,
            "no_price": 99,
            "taker_side": "no"
        },
        {
            "trade_id": "097fd143-35fb-4ad0-85fc-1704ff1fd5ee",
            "ticker": "HIGHNY-24APR16-B68.5",
            "count": 19,
            "created_time": "2024-04-15T20:31:25.49861Z",
            "yes_price": 22,
            "no_price": 78,
            "taker_side": "yes"
        }
    ],
    "HIGHNY-24APR16-B70.5": [
        {
            "trade_id": "265ffff5-134f-4223-86ff-19137c3bac2d",
            "ticker": "HIGHNY-24APR16-B70.5",
            "count": 5,
            "created_time": "2024-04-17T03:06:00.937329Z",
            "yes_price": 1,
            "no_price": 99,
            "taker_side": "yes"
        },
        {
            "trade_id": "2abd3ac6-4cbe-4abb-96fc-f02569254258",
            "ticker": "HIGHNY-24APR16-B70.5",
            "count": 10,
            "created_time": "2024-04-16T19:04:02.463564Z",
            "yes_price": 1,
            "no_price": 99,
            "taker_side": "yes"
        },
        {
            "trade_id": "208b1cff-5462-4f83-b1c9-5600d588ca68",
            "ticker": "HIGHNY-24APR16-B70.5",
            "count": 1,
            "created_time": "2024-04-16T18:52:57.338907Z",
            "yes_price": 1,
            "no_price": 99,
            "taker_side": "no"
        },
        {
            "trade_id": "d1f51197-d8b9-474f-92d2-508a9c17fa72",
            "ticker": "HIGHNY-24APR16-B70.5",
            "count": 25,
            "created_time": "2024-04-16T15:32:07.699366Z",
            "yes_price": 27,
            "no_price": 73,
            "taker_side": "yes"
        },
        {
            "trade_id": "3cea2085-eee9-4cc3-bb62-81946739e500",
            "ticker": "HIGHNY-24APR16-B70.5",
            "count": 11,
            "created_time": "2024-04-16T15:32:07.699366Z",
            "yes_price": 25,
            "no_price": 75,
            "taker_side": "yes"
        },
        {
            "trade_id": "799deffb-fded-4420-b5c2-676f8ae00107",
            "ticker": "HIGHNY-24APR16-B70.5",
            "count": 1,
            "created_time": "2024-04-16T14:59:55.282436Z",
            "yes_price": 36,
            "no_price": 64,
            "taker_side": "no"
        },
        {
            "trade_id": "ed521eb5-612f-492d-9b08-65b755be8aa6",
            "ticker": "HIGHNY-24APR16-B70.5",
            "count": 1,
            "created_time": "2024-04-16T14:59:55.260738Z",
            "yes_price": 36,
            "no_price": 64,
            "taker_side": "no"
        },
        {
            "trade_id": "3413210d-91f8-4b15-bb2e-2fb0dcbce261",
            "ticker": "HIGHNY-24APR16-B70.5",
            "count": 2,
            "created_time": "2024-04-16T14:50:28.296625Z",
            "yes_price": 37,
            "no_price": 63,
            "taker_side": "no"
        },
        {
            "trade_id": "1ddb743d-c1e4-4573-ad8f-6cd8521e0c83",
            "ticker": "HIGHNY-24APR16-B70.5",
            "count": 13,
            "created_time": "2024-04-16T14:45:54.342209Z",
            "yes_price": 38,
            "no_price": 62,
            "taker_side": "no"
        },
        {
            "trade_id": "8c2bcf47-40e2-4313-b49e-70c4da711a2f",
            "ticker": "HIGHNY-24APR16-B70.5",
            "count": 3,
            "created_time": "2024-04-16T14:11:03.442498Z",
            "yes_price": 36,
            "no_price": 64,
            "taker_side": "no"
        },
        {
            "trade_id": "c6c9877d-8a2c-48d8-ad4f-3c13f8cf378a",
            "ticker": "HIGHNY-24APR16-B70.5",
            "count": 37,
            "created_time": "2024-04-16T13:50:02.07609Z",
            "yes_price": 35,
            "no_price": 65,
            "taker_side": "no"
        },
        {
            "trade_id": "72705501-669b-45e6-9aa7-bf1658570c4b",
            "ticker": "HIGHNY-24APR16-B70.5",
            "count": 37,
            "created_time": "2024-04-16T13:49:22.603536Z",
            "yes_price": 36,
            "no_price": 64,
            "taker_side": "no"
        },
        {
            "trade_id": "ffe23fc9-63da-47c1-b421-fb978e27704f",
            "ticker": "HIGHNY-24APR16-B70.5",
            "count": 37,
            "created_time": "2024-04-16T13:48:41.263487Z",
            "yes_price": 37,
            "no_price": 63,
            "taker_side": "no"
        },
        {
            "trade_id": "3690e6f5-53e6-4467-9b32-acb281524d7e",
            "ticker": "HIGHNY-24APR16-B70.5",
            "count": 37,
            "created_time": "2024-04-16T13:48:18.514179Z",
            "yes_price": 37,
            "no_price": 63,
            "taker_side": "no"
        },
        {
            "trade_id": "a5cb5e1b-155a-4da7-8456-ac88cc46c23b",
            "ticker": "HIGHNY-24APR16-B70.5",
            "count": 37,
            "created_time": "2024-04-16T13:48:01.010518Z",
            "yes_price": 38,
            "no_price": 62,
            "taker_side": "no"
        },
        {
            "trade_id": "88b67b3c-d971-4fb7-8d78-18532ccf4154",
            "ticker": "HIGHNY-24APR16-B70.5",
            "count": 8,
            "created_time": "2024-04-16T13:17:31.515953Z",
            "yes_price": 46,
            "no_price": 54,
            "taker_side": "yes"
        },
        {
            "trade_id": "a2cef89b-65ba-4f26-8237-28deb8478ea5",
            "ticker": "HIGHNY-24APR16-B70.5",
            "count": 2,
            "created_time": "2024-04-16T12:51:56.070768Z",
            "yes_price": 46,
            "no_price": 54,
            "taker_side": "yes"
        },
        {
            "trade_id": "5e9b5c14-db6a-4df5-91ee-7bff73c6cc0c",
            "ticker": "HIGHNY-24APR16-B70.5",
            "count": 8,
            "created_time": "2024-04-16T12:51:56.070768Z",
            "yes_price": 44,
            "no_price": 56,
            "taker_side": "yes"
        },
        {
            "trade_id": "e788d339-2654-48a2-9b86-56b5363af6cd",
            "ticker": "HIGHNY-24APR16-B70.5",
            "count": 6,
            "created_time": "2024-04-16T12:34:56.080927Z",
            "yes_price": 44,
            "no_price": 56,
            "taker_side": "yes"
        },
        {
            "trade_id": "f10ef393-6dc9-49ee-891c-09ac451ed256",
            "ticker": "HIGHNY-24APR16-B70.5",
            "count": 1,
            "created_time": "2024-04-16T12:31:38.567153Z",
            "yes_price": 44,
            "no_price": 56,
            "taker_side": "yes"
        },
        {
            "trade_id": "beb8c990-41ce-4ef7-b202-9bc1805b865c",
            "ticker": "HIGHNY-24APR16-B70.5",
            "count": 2,
            "created_time": "2024-04-16T12:30:05.516744Z",
            "yes_price": 44,
            "no_price": 56,
            "taker_side": "yes"
        },
        {
            "trade_id": "a7832255-450c-449c-afb4-8a34d9e47d50",
            "ticker": "HIGHNY-24APR16-B70.5",
            "count": 85,
            "created_time": "2024-04-16T12:02:03.618761Z",
            "yes_price": 39,
            "no_price": 61,
            "taker_side": "no"
        },
        {
            "trade_id": "9e491472-7c30-4694-a036-e01fa74f06a6",
            "ticker": "HIGHNY-24APR16-B70.5",
            "count": 85,
            "created_time": "2024-04-16T12:02:03.618761Z",
            "yes_price": 41,
            "no_price": 59,
            "taker_side": "no"
        },
        {
            "trade_id": "8ac87341-8593-4d53-ab1f-38a8391fc770",
            "ticker": "HIGHNY-24APR16-B70.5",
            "count": 17,
            "created_time": "2024-04-16T12:01:59.809105Z",
            "yes_price": 44,
            "no_price": 56,
            "taker_side": "no"
        },
        {
            "trade_id": "fe6039ac-b5cf-4f37-9e47-9aa37bd7bb02",
            "ticker": "HIGHNY-24APR16-B70.5",
            "count": 85,
            "created_time": "2024-04-16T12:01:49.770574Z",
            "yes_price": 46,
            "no_price": 54,
            "taker_side": "no"
        },
        {
            "trade_id": "837444f7-d748-46e7-a21f-ab30d3548a53",
            "ticker": "HIGHNY-24APR16-B70.5",
            "count": 85,
            "created_time": "2024-04-16T12:01:49.770574Z",
            "yes_price": 44,
            "no_price": 56,
            "taker_side": "no"
        },
        {
            "trade_id": "0b126c1a-3d48-4770-8647-5df5dff74869",
            "ticker": "HIGHNY-24APR16-B70.5",
            "count": 17,
            "created_time": "2024-04-16T12:01:49.770574Z",
            "yes_price": 49,
            "no_price": 51,
            "taker_side": "no"
        },
        {
            "trade_id": "ebe7056b-4770-455f-982c-f565abec56ac",
            "ticker": "HIGHNY-24APR16-B70.5",
            "count": 116,
            "created_time": "2024-04-16T01:23:10.78538Z",
            "yes_price": 30,
            "no_price": 70,
            "taker_side": "no"
        },
        {
            "trade_id": "75423418-c33f-417f-9234-39e91ab4ff20",
            "ticker": "HIGHNY-24APR16-B70.5",
            "count": 11,
            "created_time": "2024-04-16T01:23:10.78538Z",
            "yes_price": 32,
            "no_price": 68,
            "taker_side": "no"
        },
        {
            "trade_id": "2c2c98c4-f60b-4564-aee0-793456648e17",
            "ticker": "HIGHNY-24APR16-B70.5",
            "count": 116,
            "created_time": "2024-04-16T01:23:10.78538Z",
            "yes_price": 28,
            "no_price": 72,
            "taker_side": "no"
        },
        {
            "trade_id": "0005d82b-938d-493d-b25c-b7161aa88643",
            "ticker": "HIGHNY-24APR16-B70.5",
            "count": 23,
            "created_time": "2024-04-16T00:42:02.407867Z",
            "yes_price": 37,
            "no_price": 63,
            "taker_side": "yes"
        },
        {
            "trade_id": "bda9412a-80b6-44da-b976-a056b05b0f4a",
            "ticker": "HIGHNY-24APR16-B70.5",
            "count": 39,
            "created_time": "2024-04-15T23:58:46.978529Z",
            "yes_price": 32,
            "no_price": 68,
            "taker_side": "yes"
        },
        {
            "trade_id": "ad990462-f8c8-4624-8ca1-53c1c683f44a",
            "ticker": "HIGHNY-24APR16-B70.5",
            "count": 15,
            "created_time": "2024-04-15T23:58:46.978529Z",
            "yes_price": 28,
            "no_price": 72,
            "taker_side": "yes"
        },
        {
            "trade_id": "48b45a83-59e5-4476-bae2-e6f4ce1c5be8",
            "ticker": "HIGHNY-24APR16-B70.5",
            "count": 39,
            "created_time": "2024-04-15T23:58:46.978529Z",
            "yes_price": 30,
            "no_price": 70,
            "taker_side": "yes"
        },
        {
            "trade_id": "e6b37bcf-415c-4af1-9ca4-206965e2fb72",
            "ticker": "HIGHNY-24APR16-B70.5",
            "count": 23,
            "created_time": "2024-04-15T23:56:19.460812Z",
            "yes_price": 30,
            "no_price": 70,
            "taker_side": "yes"
        },
        {
            "trade_id": "2ac6324b-a4b1-4122-8617-1a5758852ce8",
            "ticker": "HIGHNY-24APR16-B70.5",
            "count": 8,
            "created_time": "2024-04-15T23:56:19.460812Z",
            "yes_price": 32,
            "no_price": 68,
            "taker_side": "yes"
        },
        {
            "trade_id": "12fe921e-0001-496f-b213-858948c0e976",
            "ticker": "HIGHNY-24APR16-B70.5",
            "count": 1,
            "created_time": "2024-04-15T21:59:03.175058Z",
            "yes_price": 34,
            "no_price": 66,
            "taker_side": "no"
        },
        {
            "trade_id": "96a47f61-4e3c-4c3a-b4ac-63155f28d468",
            "ticker": "HIGHNY-24APR16-B70.5",
            "count": 10,
            "created_time": "2024-04-15T21:20:41.765052Z",
            "yes_price": 33,
            "no_price": 67,
            "taker_side": "no"
        },
        {
            "trade_id": "e3345ac9-e2fe-41e1-b33c-cbb0ec96bb5a",
            "ticker": "HIGHNY-24APR16-B70.5",
            "count": 60,
            "created_time": "2024-04-15T19:40:08.786891Z",
            "yes_price": 41,
            "no_price": 59,
            "taker_side": "yes"
        },
        {
            "trade_id": "12912b40-6f70-4f63-84ec-ff568ba0b22a",
            "ticker": "HIGHNY-24APR16-B70.5",
            "count": 10,
            "created_time": "2024-04-15T18:35:18.989959Z",
            "yes_price": 34,
            "no_price": 66,
            "taker_side": "no"
        },
        {
            "trade_id": "aab71beb-384b-49a0-89ff-b19a482cbb4b",
            "ticker": "HIGHNY-24APR16-B70.5",
            "count": 121,
            "created_time": "2024-04-15T18:21:13.645124Z",
            "yes_price": 38,
            "no_price": 62,
            "taker_side": "yes"
        },
        {
            "trade_id": "951c1ea5-9219-4e14-b977-2bcabea0ff0e",
            "ticker": "HIGHNY-24APR16-B70.5",
            "count": 48,
            "created_time": "2024-04-15T18:21:13.645124Z",
            "yes_price": 36,
            "no_price": 64,
            "taker_side": "yes"
        },
        {
            "trade_id": "0ea309d3-fc4a-4227-bb42-e325a8c514f2",
            "ticker": "HIGHNY-24APR16-B70.5",
            "count": 121,
            "created_time": "2024-04-15T18:21:13.645124Z",
            "yes_price": 40,
            "no_price": 60,
            "taker_side": "yes"
        },
        {
            "trade_id": "7ec91cee-65e1-46c3-a622-6ee8614e31e0",
            "ticker": "HIGHNY-24APR16-B70.5",
            "count": 6,
            "created_time": "2024-04-15T18:19:37.998921Z",
            "yes_price": 26,
            "no_price": 74,
            "taker_side": "no"
        },
        {
            "trade_id": "75882f1d-1918-4e8b-ac8f-23f8201ef356",
            "ticker": "HIGHNY-24APR16-B70.5",
            "count": 121,
            "created_time": "2024-04-15T18:19:37.998921Z",
            "yes_price": 28,
            "no_price": 72,
            "taker_side": "no"
        },
        {
            "trade_id": "094d455b-6c82-4694-aaf4-d6f2dd487db3",
            "ticker": "HIGHNY-24APR16-B70.5",
            "count": 48,
            "created_time": "2024-04-15T18:19:37.998921Z",
            "yes_price": 30,
            "no_price": 70,
            "taker_side": "no"
        },
        {
            "trade_id": "c87c379c-8943-41fe-86c0-26f900fa2e1a",
            "ticker": "HIGHNY-24APR16-B70.5",
            "count": 22,
            "created_time": "2024-04-15T15:34:14.361959Z",
            "yes_price": 34,
            "no_price": 66,
            "taker_side": "yes"
        },
        {
            "trade_id": "b53f3edb-5f62-49fa-9920-6f214e7c79ad",
            "ticker": "HIGHNY-24APR16-B70.5",
            "count": 60,
            "created_time": "2024-04-15T15:16:57.312266Z",
            "yes_price": 34,
            "no_price": 66,
            "taker_side": "yes"
        },
        {
            "trade_id": "47a9658b-123a-468d-9219-1e59a7444119",
            "ticker": "HIGHNY-24APR16-B70.5",
            "count": 60,
            "created_time": "2024-04-15T15:16:45.570367Z",
            "yes_price": 33,
            "no_price": 67,
            "taker_side": "yes"
        },
        {
            "trade_id": "0aa4a24f-3fc4-40e8-af0c-a64ae1044ada",
            "ticker": "HIGHNY-24APR16-B70.5",
            "count": 60,
            "created_time": "2024-04-15T15:16:34.922578Z",
            "yes_price": 34,
            "no_price": 66,
            "taker_side": "yes"
        },
        {
            "trade_id": "77d20426-80bb-4492-a1d5-4e765aebd53a",
            "ticker": "HIGHNY-24APR16-B70.5",
            "count": 72,
            "created_time": "2024-04-15T15:16:20.273741Z",
            "yes_price": 33,
            "no_price": 67,
            "taker_side": "yes"
        },
        {
            "trade_id": "1d9968b7-b47a-47d7-8a32-24d8bc655d55",
            "ticker": "HIGHNY-24APR16-B70.5",
            "count": 24,
            "created_time": "2024-04-15T15:15:49.045913Z",
            "yes_price": 32,
            "no_price": 68,
            "taker_side": "yes"
        },
        {
            "trade_id": "95b4797c-52aa-4acf-aae3-39f7d0375337",
            "ticker": "HIGHNY-24APR16-B70.5",
            "count": 19,
            "created_time": "2024-04-15T14:18:04.546723Z",
            "yes_price": 27,
            "no_price": 73,
            "taker_side": "no"
        }
    ],
    "HIGHNY-24APR16-B72.5": [
        {
            "trade_id": "f3b9509c-2aff-4753-8d61-474940c60e94",
            "ticker": "HIGHNY-24APR16-B72.5",
            "count": 50,
            "created_time": "2024-04-16T21:33:43.125226Z",
            "yes_price": 97,
            "no_price": 3,
            "taker_side": "yes"
        },
        {
            "trade_id": "d1e25d19-c09e-4dc4-940f-db336507c797",
            "ticker": "HIGHNY-24APR16-B72.5",
            "count": 1,
            "created_time": "2024-04-16T21:13:49.364216Z",
            "yes_price": 96,
            "no_price": 4,
            "taker_side": "yes"
        },
        {
            "trade_id": "188a2d29-ebbb-46d9-89b4-f22f36f886c0",
            "ticker": "HIGHNY-24APR16-B72.5",
            "count": 50,
            "created_time": "2024-04-16T21:13:49.364216Z",
            "yes_price": 97,
            "no_price": 3,
            "taker_side": "yes"
        },
        {
            "trade_id": "3c77f1f4-c4e9-49b0-b630-9af0fd52a909",
            "ticker": "HIGHNY-24APR16-B72.5",
            "count": 1,
            "created_time": "2024-04-16T14:59:55.302419Z",
            "yes_price": 40,
            "no_price": 60,
            "taker_side": "no"
        },
        {
            "trade_id": "dcebd426-6c9a-49fe-b39c-4cf537f6c221",
            "ticker": "HIGHNY-24APR16-B72.5",
            "count": 1,
            "created_time": "2024-04-16T14:59:55.242123Z",
            "yes_price": 40,
            "no_price": 60,
            "taker_side": "no"
        },
        {
            "trade_id": "11bb4eb7-96d0-466e-995c-27dcba5a5dcc",
            "ticker": "HIGHNY-24APR16-B72.5",
            "count": 2,
            "created_time": "2024-04-16T14:59:54.020636Z",
            "yes_price": 40,
            "no_price": 60,
            "taker_side": "no"
        },
        {
            "trade_id": "84f55f15-2537-4223-8085-3e8ccf293c84",
            "ticker": "HIGHNY-24APR16-B72.5",
            "count": 2,
            "created_time": "2024-04-16T14:50:28.311335Z",
            "yes_price": 40,
            "no_price": 60,
            "taker_side": "no"
        },
        {
            "trade_id": "9cc71bd3-c2b7-4024-86e7-6218e48f3254",
            "ticker": "HIGHNY-24APR16-B72.5",
            "count": 9,
            "created_time": "2024-04-16T14:48:52.813529Z",
            "yes_price": 50,
            "no_price": 50,
            "taker_side": "yes"
        },
        {
            "trade_id": "3f3520cb-b7da-4cae-9dfa-434abe7cb63e",
            "ticker": "HIGHNY-24APR16-B72.5",
            "count": 3,
            "created_time": "2024-04-16T14:11:03.389061Z",
            "yes_price": 51,
            "no_price": 49,
            "taker_side": "yes"
        },
        {
            "trade_id": "31a4b449-16f3-4d34-acff-b39d0e26f76f",
            "ticker": "HIGHNY-24APR16-B72.5",
            "count": 7,
            "created_time": "2024-04-16T13:58:57.37598Z",
            "yes_price": 52,
            "no_price": 48,
            "taker_side": "yes"
        },
        {
            "trade_id": "7c22079d-4b5e-44e8-94ea-ecf08b56f522",
            "ticker": "HIGHNY-24APR16-B72.5",
            "count": 1,
            "created_time": "2024-04-16T12:31:45.21018Z",
            "yes_price": 53,
            "no_price": 47,
            "taker_side": "yes"
        },
        {
            "trade_id": "efd1eed6-7dd1-44c7-b87f-ef07f56dc173",
            "ticker": "HIGHNY-24APR16-B72.5",
            "count": 7,
            "created_time": "2024-04-16T12:29:32.621584Z",
            "yes_price": 43,
            "no_price": 57,
            "taker_side": "no"
        },
        {
            "trade_id": "96374797-2c86-4daa-828d-9833484013e2",
            "ticker": "HIGHNY-24APR16-B72.5",
            "count": 85,
            "created_time": "2024-04-16T12:01:59.726792Z",
            "yes_price": 44,
            "no_price": 56,
            "taker_side": "yes"
        },
        {
            "trade_id": "13e365d5-1ca6-498e-9ca6-c9f18e10d605",
            "ticker": "HIGHNY-24APR16-B72.5",
            "count": 17,
            "created_time": "2024-04-16T12:01:59.726792Z",
            "yes_price": 43,
            "no_price": 57,
            "taker_side": "yes"
        },
        {
            "trade_id": "dbb44fa5-fd28-4705-865a-b35fed445355",
            "ticker": "HIGHNY-24APR16-B72.5",
            "count": 4,
            "created_time": "2024-04-16T03:11:22.158731Z",
            "yes_price": 38,
            "no_price": 62,
            "taker_side": "yes"
        },
        {
            "trade_id": "6b58f72c-6f75-4b71-8357-441e03c0c914",
            "ticker": "HIGHNY-24APR16-B72.5",
            "count": 1,
            "created_time": "2024-04-16T03:11:22.158731Z",
            "yes_price": 37,
            "no_price": 63,
            "taker_side": "yes"
        },
        {
            "trade_id": "9a5ff500-7c31-4edf-8338-f859cb667882",
            "ticker": "HIGHNY-24APR16-B72.5",
            "count": 11,
            "created_time": "2024-04-16T02:26:52.025489Z",
            "yes_price": 27,
            "no_price": 73,
            "taker_side": "no"
        },
        {
            "trade_id": "a1f6b37d-cb6c-4e0d-933d-3f8f03ae2864",
            "ticker": "HIGHNY-24APR16-B72.5",
            "count": 67,
            "created_time": "2024-04-16T02:25:38.60499Z",
            "yes_price": 26,
            "no_price": 74,
            "taker_side": "no"
        },
        {
            "trade_id": "e421c260-5513-400d-958b-dbe96ece236e",
            "ticker": "HIGHNY-24APR16-B72.5",
            "count": 109,
            "created_time": "2024-04-16T02:25:13.959301Z",
            "yes_price": 28,
            "no_price": 72,
            "taker_side": "no"
        },
        {
            "trade_id": "df3a29a1-062f-4764-a35e-626e3bf016ee",
            "ticker": "HIGHNY-24APR16-B72.5",
            "count": 33,
            "created_time": "2024-04-16T02:25:13.959301Z",
            "yes_price": 31,
            "no_price": 69,
            "taker_side": "no"
        },
        {
            "trade_id": "ddb15837-2500-4230-9078-6740de676f85",
            "ticker": "HIGHNY-24APR16-B72.5",
            "count": 114,
            "created_time": "2024-04-16T02:25:13.959301Z",
            "yes_price": 27,
            "no_price": 73,
            "taker_side": "no"
        },
        {
            "trade_id": "b0d7bce6-78b6-4793-9057-d9e673bdcce4",
            "ticker": "HIGHNY-24APR16-B72.5",
            "count": 1,
            "created_time": "2024-04-16T02:25:13.959301Z",
            "yes_price": 32,
            "no_price": 68,
            "taker_side": "no"
        },
        {
            "trade_id": "99dcbcd1-e2fd-45b0-94db-5b546645287d",
            "ticker": "HIGHNY-24APR16-B72.5",
            "count": 1,
            "created_time": "2024-04-16T00:55:45.712843Z",
            "yes_price": 39,
            "no_price": 61,
            "taker_side": "yes"
        },
        {
            "trade_id": "941ea5b6-4ed5-4eb6-8a6f-b564ec119170",
            "ticker": "HIGHNY-24APR16-B72.5",
            "count": 1,
            "created_time": "2024-04-16T00:55:45.712843Z",
            "yes_price": 37,
            "no_price": 63,
            "taker_side": "yes"
        },
        {
            "trade_id": "4bb6eac4-39bf-408c-b946-3572be873086",
            "ticker": "HIGHNY-24APR16-B72.5",
            "count": 70,
            "created_time": "2024-04-16T00:43:22.885974Z",
            "yes_price": 30,
            "no_price": 70,
            "taker_side": "no"
        },
        {
            "trade_id": "950aab40-1701-4927-9db4-e8aba4f49774",
            "ticker": "HIGHNY-24APR16-B72.5",
            "count": 46,
            "created_time": "2024-04-16T00:42:22.112976Z",
            "yes_price": 31,
            "no_price": 69,
            "taker_side": "no"
        },
        {
            "trade_id": "e948938b-c472-4edb-843e-154558ab3558",
            "ticker": "HIGHNY-24APR16-B72.5",
            "count": 11,
            "created_time": "2024-04-16T00:41:43.041467Z",
            "yes_price": 32,
            "no_price": 68,
            "taker_side": "no"
        },
        {
            "trade_id": "d9d6d6b5-94c8-443b-a29c-97e990b8b7f2",
            "ticker": "HIGHNY-24APR16-B72.5",
            "count": 58,
            "created_time": "2024-04-16T00:41:00.385108Z",
            "yes_price": 32,
            "no_price": 68,
            "taker_side": "no"
        },
        {
            "trade_id": "4980e424-4566-4b47-8fe4-b71154179a19",
            "ticker": "HIGHNY-24APR16-B72.5",
            "count": 1,
            "created_time": "2024-04-16T00:41:00.385108Z",
            "yes_price": 32,
            "no_price": 68,
            "taker_side": "no"
        },
        {
            "trade_id": "77b95979-5680-46e6-9e25-27e9ce6301eb",
            "ticker": "HIGHNY-24APR16-B72.5",
            "count": 35,
            "created_time": "2024-04-16T00:40:07.10775Z",
            "yes_price": 33,
            "no_price": 67,
            "taker_side": "no"
        },
        {
            "trade_id": "d19deeb7-6153-48f2-bb63-73b7bc97b71d",
            "ticker": "HIGHNY-24APR16-B72.5",
            "count": 58,
            "created_time": "2024-04-16T00:39:25.426326Z",
            "yes_price": 33,
            "no_price": 67,
            "taker_side": "no"
        },
        {
            "trade_id": "bc0697e6-cb3f-490f-86d9-7b46fe31993b",
            "ticker": "HIGHNY-24APR16-B72.5",
            "count": 58,
            "created_time": "2024-04-16T00:38:46.368073Z",
            "yes_price": 34,
            "no_price": 66,
            "taker_side": "no"
        },
        {
            "trade_id": "37949a5f-1671-4a0d-8aa7-45dabd5ea5b1",
            "ticker": "HIGHNY-24APR16-B72.5",
            "count": 46,
            "created_time": "2024-04-16T00:38:34.968954Z",
            "yes_price": 35,
            "no_price": 65,
            "taker_side": "no"
        },
        {
            "trade_id": "ade6b93d-049d-46e2-925c-dc7b7e1bf764",
            "ticker": "HIGHNY-24APR16-B72.5",
            "count": 11,
            "created_time": "2024-04-16T00:38:22.103689Z",
            "yes_price": 38,
            "no_price": 62,
            "taker_side": "no"
        },
        {
            "trade_id": "1a19d1c0-d2e0-42c2-9b3e-49e174007223",
            "ticker": "HIGHNY-24APR16-B72.5",
            "count": 116,
            "created_time": "2024-04-16T00:38:22.103689Z",
            "yes_price": 36,
            "no_price": 64,
            "taker_side": "no"
        },
        {
            "trade_id": "a9bb4cf8-ddc7-4719-bcca-cb4af84b26d1",
            "ticker": "HIGHNY-24APR16-B72.5",
            "count": 59,
            "created_time": "2024-04-15T23:58:16.545938Z",
            "yes_price": 41,
            "no_price": 59,
            "taker_side": "yes"
        },
        {
            "trade_id": "71af9d32-495f-4379-baba-07b3999c92be",
            "ticker": "HIGHNY-24APR16-B72.5",
            "count": 25,
            "created_time": "2024-04-15T23:58:16.545938Z",
            "yes_price": 46,
            "no_price": 54,
            "taker_side": "yes"
        },
        {
            "trade_id": "419182b1-a7b6-45b8-88da-27da846f4700",
            "ticker": "HIGHNY-24APR16-B72.5",
            "count": 118,
            "created_time": "2024-04-15T23:58:16.545938Z",
            "yes_price": 44,
            "no_price": 56,
            "taker_side": "yes"
        },
        {
            "trade_id": "c56cf559-c2c5-433c-95e4-0f4b28ea81b8",
            "ticker": "HIGHNY-24APR16-B72.5",
            "count": 118,
            "created_time": "2024-04-15T23:57:58.575742Z",
            "yes_price": 40,
            "no_price": 60,
            "taker_side": "yes"
        },
        {
            "trade_id": "323ac80f-8a8a-4b44-94fa-4a04856c86eb",
            "ticker": "HIGHNY-24APR16-B72.5",
            "count": 118,
            "created_time": "2024-04-15T23:57:58.575742Z",
            "yes_price": 38,
            "no_price": 62,
            "taker_side": "yes"
        },
        {
            "trade_id": "127a6098-4823-46f6-a5ba-d6ef06451183",
            "ticker": "HIGHNY-24APR16-B72.5",
            "count": 11,
            "created_time": "2024-04-15T23:57:58.575742Z",
            "yes_price": 36,
            "no_price": 64,
            "taker_side": "yes"
        },
        {
            "trade_id": "c6e30750-a1b7-44fe-8b3d-f70fa247de24",
            "ticker": "HIGHNY-24APR16-B72.5",
            "count": 13,
            "created_time": "2024-04-15T22:40:45.411305Z",
            "yes_price": 36,
            "no_price": 64,
            "taker_side": "yes"
        },
        {
            "trade_id": "f05eba59-f7c1-4d0a-b4ec-5d6df4dca76b",
            "ticker": "HIGHNY-24APR16-B72.5",
            "count": 1,
            "created_time": "2024-04-15T22:18:16.062516Z",
            "yes_price": 34,
            "no_price": 66,
            "taker_side": "yes"
        },
        {
            "trade_id": "d1eb3fc3-dae3-4386-9627-9ef0b8534c35",
            "ticker": "HIGHNY-24APR16-B72.5",
            "count": 64,
            "created_time": "2024-04-15T22:18:16.062516Z",
            "yes_price": 35,
            "no_price": 65,
            "taker_side": "yes"
        },
        {
            "trade_id": "e7851cf5-6812-4a9a-9850-0ea332f31c89",
            "ticker": "HIGHNY-24APR16-B72.5",
            "count": 12,
            "created_time": "2024-04-15T21:41:55.934743Z",
            "yes_price": 33,
            "no_price": 67,
            "taker_side": "yes"
        },
        {
            "trade_id": "0c0fa60b-e255-494e-af03-49861255a708",
            "ticker": "HIGHNY-24APR16-B72.5",
            "count": 56,
            "created_time": "2024-04-15T21:41:55.934743Z",
            "yes_price": 35,
            "no_price": 65,
            "taker_side": "yes"
        },
        {
            "trade_id": "cb12ef41-b76e-4543-8585-d850b2a3833a",
            "ticker": "HIGHNY-24APR16-B72.5",
            "count": 10,
            "created_time": "2024-04-15T21:20:41.778112Z",
            "yes_price": 28,
            "no_price": 72,
            "taker_side": "no"
        },
        {
            "trade_id": "9f93a1f1-f001-4e08-9055-4dbbdc9adb33",
            "ticker": "HIGHNY-24APR16-B72.5",
            "count": 121,
            "created_time": "2024-04-15T18:19:51.416897Z",
            "yes_price": 30,
            "no_price": 70,
            "taker_side": "no"
        },
        {
            "trade_id": "9b992e76-c487-4a91-b629-1184633b6c88",
            "ticker": "HIGHNY-24APR16-B72.5",
            "count": 60,
            "created_time": "2024-04-15T18:19:51.416897Z",
            "yes_price": 32,
            "no_price": 68,
            "taker_side": "no"
        },
        {
            "trade_id": "d32b369a-5cc2-4209-befc-75b84c1360f5",
            "ticker": "HIGHNY-24APR16-B72.5",
            "count": 121,
            "created_time": "2024-04-15T18:19:09.222678Z",
            "yes_price": 30,
            "no_price": 70,
            "taker_side": "no"
        },
        {
            "trade_id": "ca988f5b-e386-452e-b8bb-2ce0cae47f85",
            "ticker": "HIGHNY-24APR16-B72.5",
            "count": 121,
            "created_time": "2024-04-15T18:19:09.222678Z",
            "yes_price": 32,
            "no_price": 68,
            "taker_side": "no"
        },
        {
            "trade_id": "a2e6f84e-e2a5-4882-852d-2738af279cf6",
            "ticker": "HIGHNY-24APR16-B72.5",
            "count": 26,
            "created_time": "2024-04-15T18:19:09.222678Z",
            "yes_price": 34,
            "no_price": 66,
            "taker_side": "no"
        },
        {
            "trade_id": "e20610b7-d709-4f76-ba88-93685ab545eb",
            "ticker": "HIGHNY-24APR16-B72.5",
            "count": 10,
            "created_time": "2024-04-15T17:30:26.331416Z",
            "yes_price": 34,
            "no_price": 66,
            "taker_side": "no"
        },
        {
            "trade_id": "258593d4-641e-481c-9db1-7bf8362d0c9a",
            "ticker": "HIGHNY-24APR16-B72.5",
            "count": 19,
            "created_time": "2024-04-15T14:18:08.314093Z",
            "yes_price": 22,
            "no_price": 78,
            "taker_side": "yes"
        }
    ],
    "HIGHNY-24APR16-T73": [
        {
            "trade_id": "2edf611f-3534-46ae-82f7-e76cff3bd816",
            "ticker": "HIGHNY-24APR16-T73",
            "count": 5,
            "created_time": "2024-04-16T21:23:55.309155Z",
            "yes_price": 3,
            "no_price": 97,
            "taker_side": "no"
        },
        {
            "trade_id": "eabacfb8-b182-4d72-b3ed-42712a57026c",
            "ticker": "HIGHNY-24APR16-T73",
            "count": 1,
            "created_time": "2024-04-16T21:13:49.417935Z",
            "yes_price": 11,
            "no_price": 89,
            "taker_side": "no"
        },
        {
            "trade_id": "f19b420e-d5af-47a0-97d8-c104a015831f",
            "ticker": "HIGHNY-24APR16-T73",
            "count": 1,
            "created_time": "2024-04-16T19:13:34.279509Z",
            "yes_price": 30,
            "no_price": 70,
            "taker_side": "yes"
        },
        {
            "trade_id": "bf411910-259b-425d-b2f1-a3b5e27efae7",
            "ticker": "HIGHNY-24APR16-T73",
            "count": 1,
            "created_time": "2024-04-16T19:13:34.279509Z",
            "yes_price": 32,
            "no_price": 68,
            "taker_side": "yes"
        },
        {
            "trade_id": "a5c42f8e-2dbf-403e-9508-ac723b75cf48",
            "ticker": "HIGHNY-24APR16-T73",
            "count": 3,
            "created_time": "2024-04-16T19:13:34.279509Z",
            "yes_price": 33,
            "no_price": 67,
            "taker_side": "yes"
        },
        {
            "trade_id": "564c2b8f-3975-4f27-921b-141b3fb9d205",
            "ticker": "HIGHNY-24APR16-T73",
            "count": 17,
            "created_time": "2024-04-16T19:13:34.279509Z",
            "yes_price": 47,
            "no_price": 53,
            "taker_side": "yes"
        },
        {
            "trade_id": "4c1b8442-56bc-4e57-8f07-3f800f2d19f0",
            "ticker": "HIGHNY-24APR16-T73",
            "count": 1,
            "created_time": "2024-04-16T15:25:19.368757Z",
            "yes_price": 19,
            "no_price": 81,
            "taker_side": "yes"
        },
        {
            "trade_id": "e5eb2c18-81e3-4b43-948f-f23af80a7b8e",
            "ticker": "HIGHNY-24APR16-T73",
            "count": 1,
            "created_time": "2024-04-16T14:59:55.238051Z",
            "yes_price": 30,
            "no_price": 70,
            "taker_side": "no"
        },
        {
            "trade_id": "901d4a6d-c717-47ee-83b9-e4486fd9629b",
            "ticker": "HIGHNY-24APR16-T73",
            "count": 1,
            "created_time": "2024-04-16T14:50:22.055653Z",
            "yes_price": 30,
            "no_price": 70,
            "taker_side": "yes"
        },
        {
            "trade_id": "7823fef0-18c3-45d3-bbb7-2b8ea3a9828e",
            "ticker": "HIGHNY-24APR16-T73",
            "count": 2,
            "created_time": "2024-04-16T14:50:22.055653Z",
            "yes_price": 30,
            "no_price": 70,
            "taker_side": "yes"
        },
        {
            "trade_id": "a390ccfe-d84a-4bd6-89ee-38e5cf4a76e2",
            "ticker": "HIGHNY-24APR16-T73",
            "count": 3,
            "created_time": "2024-04-16T14:11:03.457411Z",
            "yes_price": 15,
            "no_price": 85,
            "taker_side": "no"
        },
        {
            "trade_id": "040ba671-0e9b-4c84-964f-1aee938795bb",
            "ticker": "HIGHNY-24APR16-T73",
            "count": 8,
            "created_time": "2024-04-16T12:28:54.184002Z",
            "yes_price": 15,
            "no_price": 85,
            "taker_side": "no"
        },
        {
            "trade_id": "3feeb69a-d409-4a78-a40b-366443f23e40",
            "ticker": "HIGHNY-24APR16-T73",
            "count": 17,
            "created_time": "2024-04-16T12:01:59.807952Z",
            "yes_price": 15,
            "no_price": 85,
            "taker_side": "no"
        },
        {
            "trade_id": "bed6f461-f177-41b8-9b36-89dd3df748d5",
            "ticker": "HIGHNY-24APR16-T73",
            "count": 2,
            "created_time": "2024-04-16T12:00:08.691142Z",
            "yes_price": 47,
            "no_price": 53,
            "taker_side": "yes"
        },
        {
            "trade_id": "c4746439-883f-40ce-916d-6b4111e4e330",
            "ticker": "HIGHNY-24APR16-T73",
            "count": 37,
            "created_time": "2024-04-16T02:27:23.877748Z",
            "yes_price": 22,
            "no_price": 78,
            "taker_side": "no"
        },
        {
            "trade_id": "f4ebc72a-f2cd-480b-b41f-8d926f5308c9",
            "ticker": "HIGHNY-24APR16-T73",
            "count": 15,
            "created_time": "2024-04-16T02:26:33.058638Z",
            "yes_price": 24,
            "no_price": 76,
            "taker_side": "no"
        },
        {
            "trade_id": "fd5634ac-58d5-4853-a167-a8726a64a066",
            "ticker": "HIGHNY-24APR16-T73",
            "count": 1,
            "created_time": "2024-04-16T02:25:53.184691Z",
            "yes_price": 26,
            "no_price": 74,
            "taker_side": "no"
        },
        {
            "trade_id": "fae8d2b4-bc2c-46b8-82fe-893374c96ce9",
            "ticker": "HIGHNY-24APR16-T73",
            "count": 37,
            "created_time": "2024-04-16T02:25:53.184691Z",
            "yes_price": 26,
            "no_price": 74,
            "taker_side": "no"
        },
        {
            "trade_id": "f76e10b3-a12b-4d00-a9e7-09e881cfbf4e",
            "ticker": "HIGHNY-24APR16-T73",
            "count": 37,
            "created_time": "2024-04-16T02:25:53.184691Z",
            "yes_price": 24,
            "no_price": 76,
            "taker_side": "no"
        },
        {
            "trade_id": "fcee6aa1-72f1-4921-bff5-52ad748c37c1",
            "ticker": "HIGHNY-24APR16-T73",
            "count": 116,
            "created_time": "2024-04-16T01:23:08.386792Z",
            "yes_price": 32,
            "no_price": 68,
            "taker_side": "yes"
        },
        {
            "trade_id": "920c3734-5216-4053-9b92-d5937a953bac",
            "ticker": "HIGHNY-24APR16-T73",
            "count": 34,
            "created_time": "2024-04-16T01:23:08.386792Z",
            "yes_price": 30,
            "no_price": 70,
            "taker_side": "yes"
        },
        {
            "trade_id": "8846c6e7-78ba-4235-8ea4-3ca97bb4a1c9",
            "ticker": "HIGHNY-24APR16-T73",
            "count": 1,
            "created_time": "2024-04-16T01:23:08.386792Z",
            "yes_price": 33,
            "no_price": 67,
            "taker_side": "yes"
        },
        {
            "trade_id": "2d91da7c-05a8-4d7e-b91b-b925412f6f56",
            "ticker": "HIGHNY-24APR16-T73",
            "count": 116,
            "created_time": "2024-04-16T01:23:08.386792Z",
            "yes_price": 34,
            "no_price": 66,
            "taker_side": "yes"
        },
        {
            "trade_id": "986afb84-6294-413d-a2b0-a28c84ad7fde",
            "ticker": "HIGHNY-24APR16-T73",
            "count": 69,
            "created_time": "2024-04-16T00:55:27.448449Z",
            "yes_price": 21,
            "no_price": 79,
            "taker_side": "no"
        },
        {
            "trade_id": "6a33f169-3dd1-4813-95ea-4f22d5dbc969",
            "ticker": "HIGHNY-24APR16-T73",
            "count": 100,
            "created_time": "2024-04-16T00:55:27.448449Z",
            "yes_price": 21,
            "no_price": 79,
            "taker_side": "no"
        },
        {
            "trade_id": "95ca09f2-7203-4cf5-a075-8570a92885d1",
            "ticker": "HIGHNY-24APR16-T73",
            "count": 23,
            "created_time": "2024-04-16T00:44:38.267607Z",
            "yes_price": 22,
            "no_price": 78,
            "taker_side": "no"
        },
        {
            "trade_id": "bbd3a26c-c965-41f5-b98a-6590a25305a3",
            "ticker": "HIGHNY-24APR16-T73",
            "count": 11,
            "created_time": "2024-04-16T00:42:41.113789Z",
            "yes_price": 22,
            "no_price": 78,
            "taker_side": "no"
        },
        {
            "trade_id": "0324dabf-2322-4bf3-81b8-2cfc3b0959df",
            "ticker": "HIGHNY-24APR16-T73",
            "count": 35,
            "created_time": "2024-04-16T00:41:29.342042Z",
            "yes_price": 22,
            "no_price": 78,
            "taker_side": "no"
        },
        {
            "trade_id": "80ce5093-cb77-4c4b-a07f-d3f646b0bb66",
            "ticker": "HIGHNY-24APR16-T73",
            "count": 11,
            "created_time": "2024-04-16T00:40:37.842237Z",
            "yes_price": 22,
            "no_price": 78,
            "taker_side": "no"
        },
        {
            "trade_id": "56859f33-5737-468a-bb46-a11c18f1f51a",
            "ticker": "HIGHNY-24APR16-T73",
            "count": 70,
            "created_time": "2024-04-16T00:39:46.169058Z",
            "yes_price": 22,
            "no_price": 78,
            "taker_side": "no"
        },
        {
            "trade_id": "173ea98c-585e-49f9-80c3-83b53445a129",
            "ticker": "HIGHNY-24APR16-T73",
            "count": 23,
            "created_time": "2024-04-16T00:31:42.940892Z",
            "yes_price": 21,
            "no_price": 79,
            "taker_side": "no"
        },
        {
            "trade_id": "f7d9d580-2d45-483a-a6a9-aa54fbdd5879",
            "ticker": "HIGHNY-24APR16-T73",
            "count": 26,
            "created_time": "2024-04-16T00:31:25.350694Z",
            "yes_price": 23,
            "no_price": 77,
            "taker_side": "no"
        },
        {
            "trade_id": "aad3aa4a-3cf1-49d1-a472-0c3c622ef5d1",
            "ticker": "HIGHNY-24APR16-T73",
            "count": 112,
            "created_time": "2024-04-16T00:31:25.350694Z",
            "yes_price": 21,
            "no_price": 79,
            "taker_side": "no"
        },
        {
            "trade_id": "f9f6873d-20b0-42c3-9414-b88e7ca80018",
            "ticker": "HIGHNY-24APR16-T73",
            "count": 1,
            "created_time": "2024-04-15T23:58:36.4892Z",
            "yes_price": 32,
            "no_price": 68,
            "taker_side": "no"
        },
        {
            "trade_id": "8fc734ba-2002-4c2c-973f-961cc4918c78",
            "ticker": "HIGHNY-24APR16-T73",
            "count": 15,
            "created_time": "2024-04-15T23:58:36.4892Z",
            "yes_price": 27,
            "no_price": 73,
            "taker_side": "no"
        },
        {
            "trade_id": "6df93ea9-a6b5-442f-93ed-99d923b4a914",
            "ticker": "HIGHNY-24APR16-T73",
            "count": 39,
            "created_time": "2024-04-15T23:58:36.4892Z",
            "yes_price": 25,
            "no_price": 75,
            "taker_side": "no"
        },
        {
            "trade_id": "42d97cbe-fa87-4a3b-bd58-b307b8f54eb7",
            "ticker": "HIGHNY-24APR16-T73",
            "count": 11,
            "created_time": "2024-04-15T23:50:47.29579Z",
            "yes_price": 40,
            "no_price": 60,
            "taker_side": "yes"
        },
        {
            "trade_id": "1836e4da-f145-4855-a3a8-902b05a94c56",
            "ticker": "HIGHNY-24APR16-T73",
            "count": 1,
            "created_time": "2024-04-15T23:50:47.29579Z",
            "yes_price": 39,
            "no_price": 61,
            "taker_side": "yes"
        },
        {
            "trade_id": "c0ff515e-720b-4627-8e96-9815b6afbb3b",
            "ticker": "HIGHNY-24APR16-T73",
            "count": 19,
            "created_time": "2024-04-15T22:41:41.751397Z",
            "yes_price": 24,
            "no_price": 76,
            "taker_side": "yes"
        },
        {
            "trade_id": "46f4b0c1-63bb-46a4-b9c2-2e187866292c",
            "ticker": "HIGHNY-24APR16-T73",
            "count": 10,
            "created_time": "2024-04-15T21:20:41.751402Z",
            "yes_price": 18,
            "no_price": 82,
            "taker_side": "no"
        },
        {
            "trade_id": "b9d26421-a62f-4f35-a765-f19285ac4ae6",
            "ticker": "HIGHNY-24APR16-T73",
            "count": 10,
            "created_time": "2024-04-15T18:35:20.788939Z",
            "yes_price": 27,
            "no_price": 73,
            "taker_side": "yes"
        },
        {
            "trade_id": "b26a79dd-1ef8-4964-bcfc-3012ad33a8bf",
            "ticker": "HIGHNY-24APR16-T73",
            "count": 121,
            "created_time": "2024-04-15T18:20:02.939383Z",
            "yes_price": 20,
            "no_price": 80,
            "taker_side": "no"
        },
        {
            "trade_id": "9bbd1edf-6291-4a80-a6c2-2c414c9124f6",
            "ticker": "HIGHNY-24APR16-T73",
            "count": 24,
            "created_time": "2024-04-15T18:20:02.939383Z",
            "yes_price": 22,
            "no_price": 78,
            "taker_side": "no"
        },
        {
            "trade_id": "e09fdd5c-b570-4b89-85ad-897268128551",
            "ticker": "HIGHNY-24APR16-T73",
            "count": 72,
            "created_time": "2024-04-15T18:19:22.081784Z",
            "yes_price": 23,
            "no_price": 77,
            "taker_side": "no"
        },
        {
            "trade_id": "4bfa6fe6-5dab-4476-b934-1d539a422e84",
            "ticker": "HIGHNY-24APR16-T73",
            "count": 65,
            "created_time": "2024-04-15T18:19:22.081784Z",
            "yes_price": 19,
            "no_price": 81,
            "taker_side": "no"
        },
        {
            "trade_id": "2a2c36dc-cbc2-455e-8d6d-fa6dba1f57a8",
            "ticker": "HIGHNY-24APR16-T73",
            "count": 121,
            "created_time": "2024-04-15T18:19:22.081784Z",
            "yes_price": 21,
            "no_price": 79,
            "taker_side": "no"
        },
        {
            "trade_id": "113ba1f0-e57f-4581-982a-13afda62cace",
            "ticker": "HIGHNY-24APR16-T73",
            "count": 4,
            "created_time": "2024-04-15T18:19:22.081784Z",
            "yes_price": 20,
            "no_price": 80,
            "taker_side": "no"
        },
        {
            "trade_id": "cd9f42e1-c779-4063-8e28-34eba8b222f1",
            "ticker": "HIGHNY-24APR16-T73",
            "count": 6,
            "created_time": "2024-04-15T16:59:44.209268Z",
            "yes_price": 29,
            "no_price": 71,
            "taker_side": "yes"
        },
        {
            "trade_id": "14b9263a-8e3c-45a3-821b-40a4679bcebe",
            "ticker": "HIGHNY-24APR16-T73",
            "count": 44,
            "created_time": "2024-04-15T16:30:39.485124Z",
            "yes_price": 22,
            "no_price": 78,
            "taker_side": "no"
        },
        {
            "trade_id": "178a12c2-ddfc-4033-b79c-86509a4eb2c7",
            "ticker": "HIGHNY-24APR16-T73",
            "count": 2,
            "created_time": "2024-04-15T15:51:35.541044Z",
            "yes_price": 27,
            "no_price": 73,
            "taker_side": "yes"
        },
        {
            "trade_id": "efcc83a9-94b7-4c9c-ad6b-75d4e87874c6",
            "ticker": "HIGHNY-24APR16-T73",
            "count": 6,
            "created_time": "2024-04-15T15:32:08.754519Z",
            "yes_price": 28,
            "no_price": 72,
            "taker_side": "yes"
        },
        {
            "trade_id": "34623cc1-8c09-4463-ad70-b22da461153a",
            "ticker": "HIGHNY-24APR16-T73",
            "count": 48,
            "created_time": "2024-04-15T15:32:08.754519Z",
            "yes_price": 26,
            "no_price": 74,
            "taker_side": "yes"
        },
        {
            "trade_id": "ba8b3c24-a577-4275-abc3-4c41ca40285b",
            "ticker": "HIGHNY-24APR16-T73",
            "count": 84,
            "created_time": "2024-04-15T15:15:24.854801Z",
            "yes_price": 20,
            "no_price": 80,
            "taker_side": "no"
        },
        {
            "trade_id": "3d33700a-199d-4f9d-9b5f-202d25dba826",
            "ticker": "HIGHNY-24APR16-T73",
            "count": 69,
            "created_time": "2024-04-15T15:15:12.661582Z",
            "yes_price": 21,
            "no_price": 79,
            "taker_side": "no"
        },
        {
            "trade_id": "d60ac18b-1d0b-4b94-b459-42b0e84db506",
            "ticker": "HIGHNY-24APR16-T73",
            "count": 72,
            "created_time": "2024-04-15T14:54:55.129078Z",
            "yes_price": 22,
            "no_price": 78,
            "taker_side": "no"
        },
        {
            "trade_id": "52c8ab21-5239-4959-bd62-9ee0c3052cc8",
            "ticker": "HIGHNY-24APR16-T73",
            "count": 72,
            "created_time": "2024-04-15T14:54:44.027598Z",
            "yes_price": 23,
            "no_price": 77,
            "taker_side": "no"
        },
        {
            "trade_id": "3d9e15c6-c2ae-421f-8261-cd9da5c1b15c",
            "ticker": "HIGHNY-24APR16-T73",
            "count": 72,
            "created_time": "2024-04-15T14:54:32.854978Z",
            "yes_price": 24,
            "no_price": 76,
            "taker_side": "no"
        },
        {
            "trade_id": "e4cdf584-31e2-433f-94e4-99288d258024",
            "ticker": "HIGHNY-24APR16-T73",
            "count": 72,
            "created_time": "2024-04-15T14:54:22.694335Z",
            "yes_price": 25,
            "no_price": 75,
            "taker_side": "no"
        },
        {
            "trade_id": "80373ed3-0159-4cf3-a970-9fa0ac1e425a",
            "ticker": "HIGHNY-24APR16-T73",
            "count": 72,
            "created_time": "2024-04-15T14:54:12.147649Z",
            "yes_price": 26,
            "no_price": 74,
            "taker_side": "no"
        },
        {
            "trade_id": "a2d9e026-180f-41aa-85a8-9b7757441766",
            "ticker": "HIGHNY-24APR16-T73",
            "count": 46,
            "created_time": "2024-04-15T14:53:59.149062Z",
            "yes_price": 27,
            "no_price": 73,
            "taker_side": "no"
        },
        {
            "trade_id": "d27af179-9bd3-455f-892c-c8bca516f070",
            "ticker": "HIGHNY-24APR16-T73",
            "count": 121,
            "created_time": "2024-04-15T14:34:53.939251Z",
            "yes_price": 33,
            "no_price": 67,
            "taker_side": "yes"
        },
        {
            "trade_id": "865e455d-a650-4814-be0d-917bb65d45e0",
            "ticker": "HIGHNY-24APR16-T73",
            "count": 121,
            "created_time": "2024-04-15T14:34:53.939251Z",
            "yes_price": 31,
            "no_price": 69,
            "taker_side": "yes"
        },
        {
            "trade_id": "3aab3bcb-b98d-4e73-b254-a0292b0f625a",
            "ticker": "HIGHNY-24APR16-T73",
            "count": 48,
            "created_time": "2024-04-15T14:34:53.939251Z",
            "yes_price": 29,
            "no_price": 71,
            "taker_side": "yes"
        },
        {
            "trade_id": "8c59f8c8-a15f-4c62-9e34-fb46592ab60c",
            "ticker": "HIGHNY-24APR16-T73",
            "count": 46,
            "created_time": "2024-04-15T14:34:47.071014Z",
            "yes_price": 25,
            "no_price": 75,
            "taker_side": "yes"
        },
        {
            "trade_id": "53400d44-d35f-409f-96fe-488e9c3fc07a",
            "ticker": "HIGHNY-24APR16-T73",
            "count": 115,
            "created_time": "2024-04-15T14:34:47.071014Z",
            "yes_price": 27,
            "no_price": 73,
            "taker_side": "yes"
        },
        {
            "trade_id": "023692e8-1c1f-4f65-8eb0-571ef321d46f",
            "ticker": "HIGHNY-24APR16-T73",
            "count": 115,
            "created_time": "2024-04-15T14:34:47.071014Z",
            "yes_price": 29,
            "no_price": 71,
            "taker_side": "yes"
        }
    ]
}