{
    "KXHIGHNY-24NOV28-T44": [
        {
            "trade_id": "b815fb15-e058-477f-8a18-652e28d05a1a",
            "ticker": "KXHIGHNY-24NOV28-T44",
            "count": 3360,
            "created_time": "2024-11-28T23:49:24.112633Z",
            "yes_price": 1,
            "no_price": 99,
            "taker_side": "yes"
        },
        {
            "trade_id": "b028d45f-b7c2-40f1-a841-23cec20badc9",
            "ticker": "KXHIGHNY-24NOV28-T44",
            "count": 1000,
            "created_time": "2024-11-28T23:49:24.112633Z",
            "yes_price": 1,
            "no_price": 99,
            "taker_side": "yes"
        },
        {
            "trade_id": "47d595aa-2aca-4c58-b903-25fb7075d7bb",
            "ticker": "KXHIGHNY-24NOV28-T44",
            "count": 315,
            "created_time": "2024-11-28T23:49:24.112633Z",
            "yes_price": 1,
            "no_price": 99,
            "taker_side": "yes"
        },
        {
            "trade_id": "752c987f-0b19-4761-93aa-133a8a74eddb",
            "ticker": "KXHIGHNY-24NOV28-T44",
            "count": 1,
            "created_time": "2024-11-28T23:47:04.908179Z",
            "yes_price": 1,
            "no_price": 99,
            "taker_side": "yes"
        },
        {
            "trade_id": "24f1ccf2-c1e7-4c0e-8606-25c9d6a0a091",
            "ticker": "KXHIGHNY-24NOV28-T44",
            "count": 93,
            "created_time": "2024-11-28T19:16:45.262821Z",
            "yes_price": 1,
            "no_price": 99,
            "taker_side": "yes"
        },
        {
            "trade_id": "d4a54add-b250-41f0-851f-f7740debcbc9",
            "ticker": "KXHIGHNY-24NOV28-T44",
            "count": 187,
            "created_time": "2024-11-28T18:52:33.169404Z",
            "yes_price": 1,
            "no_price": 99,
            "taker_side": "yes"
        },
        {
            "trade_id": "dacaa115-dc4d-4f0c-9c46-cfba0e214974",
            "ticker": "KXHIGHNY-24NOV28-T44",
            "count": 500,
            "created_time": "2024-11-28T16:29:42.554197Z",
            "yes_price": 1,
            "no_price": 99,
            "taker_side": "yes"
        },
        {
            "trade_id": "6b20dea2-59b8-4fe9-b597-79a234ec7b51",
            "ticker": "KXHIGHNY-24NOV28-T44",
            "count": 29,
            "created_time": "2024-11-28T16:29:42.554197Z",
            "yes_price": 1,
            "no_price": 99,
            "taker_side": "yes"
        },
        {
            "trade_id": "15cc5e5b-b20c-404d-9910-6f8c5267222d",
            "ticker": "KXHIGHNY-24NOV28-T44",
            "count": 404,
            "created_time": "2024-11-28T16:29:42.554197Z",
            "yes_price": 1,
            "no_price": 99,
            "taker_side": "yes"
        },
        {
            "trade_id": "3ec0badb-9636-44cb-a7ad-55a6017f6eb4",
            "ticker": "KXHIGHNY-24NOV28-T44",
            "count": 1,
            "created_time": "2024-11-28T02:54:16.799478Z",
            "yes_price": 1,
            "no_price": 99,
            "taker_side": "yes"
        },
        {
            "trade_id": "b294f6e4-2ca2-4c29-9e23-f7c447e27344",
            "ticker": "KXHIGHNY-24NOV28-T44",
            "count": 100,
            "created_time": "2024-11-27T20:27:40.933379Z",
            "yes_price": 1,
            "no_price": 99,
            "taker_side": "yes"
        },
        {
            "trade_id": "c46d2af8-f7c1-49ac-955c-2c89dd34e6b2",
            "ticker": "KXHIGHNY-24NOV28-T44",
            "count": 120,
            "created_time": "2024-11-27T15:06:45.129696Z",
            "yes_price": 1,
            "no_price": 99,
            "taker_side": "no"
        }
    ],
    "KXHIGHNY-24NOV28-B44.5": [
        {
            "trade_id": "2d080895-9668-443f-bad8-e2a496b1d8f9",
            "ticker": "KXHIGHNY-24NOV28-B44.5",
            "count": 4675,
            "created_time": "2024-11-28T23:47:15.434678Z",
            "yes_price": 1,
            "no_price": 99,
            "taker_side": "yes"
        },
        {
            "trade_id": "ac13e549-2107-48c0-b213-4a6944cc6ae6",
            "ticker": "KXHIGHNY-24NOV28-B44.5",
            "count": 441,
            "created_time": "2024-11-28T21:50:47.414408Z",
            "yes_price": 1,
            "no_price": 99,
            "taker_side": "yes"
        },
        {
            "trade_id": "02f5c057-5e76-4ab7-93de-7f8de7e415a3",
            "ticker": "KXHIGHNY-24NOV28-B44.5",
            "count": 8910,
            "created_time": "2024-11-28T21:50:47.414408Z",
            "yes_price": 1,
            "no_price": 99,
            "taker_side": "yes"
        },
        {
            "trade_id": "d0ec511f-c3e5-4b0a-a6c9-20d605bd5f1f",
            "ticker": "KXHIGHNY-24NOV28-B44.5",
            "count": 445,
            "created_time": "2024-11-28T21:29:56.465469Z",
            "yes_price": 1,
            "no_price": 99,
            "taker_side": "yes"
        },
        {
            "trade_id": "6c06af4a-f797-4413-adc9-558f294e4fc4",
            "ticker": "KXHIGHNY-24NOV28-B44.5",
            "count": 59,
            "created_time": "2024-11-28T21:29:56.465469Z",
            "yes_price": 1,
            "no_price": 99,
            "taker_side": "yes"
        },
        {
            "trade_id": "c1bb407e-4db0-4ced-9a01-297df5e2a847",
            "ticker": "KXHIGHNY-24NOV28-B44.5",
            "count": 93,
            "created_time": "2024-11-28T19:16:32.593866Z",
            "yes_price": 1,
            "no_price": 99,
            "taker_side": "yes"
        },
        {
            "trade_id": "5ec871f5-11ca-4764-afe4-c80261d02262",
            "ticker": "KXHIGHNY-24NOV28-B44.5",
            "count": 93,
            "created_time": "2024-11-28T18:56:58.157291Z",
            "yes_price": 1,
            "no_price": 99,
            "taker_side": "yes"
        },
        {
            "trade_id": "995c5c5c-637a-4dff-8c9a-c9bf16249e5f",
            "ticker": "KXHIGHNY-24NOV28-B44.5",
            "count": 500,
            "created_time": "2024-11-28T16:29:26.756231Z",
            "yes_price": 1,
            "no_price": 99,
            "taker_side": "yes"
        },
        {
            "trade_id": "74b1af2d-d57c-40f0-94cb-a0c3839c8786",
            "ticker": "KXHIGHNY-24NOV28-B44.5",
            "count": 1000,
            "created_time": "2024-11-28T16:29:26.756231Z",
            "yes_price": 1,
            "no_price": 99,
            "taker_side": "yes"
        },
        {
            "trade_id": "5988c906-bed4-4978-90e2-6fcd2bdae2dd",
            "ticker": "KXHIGHNY-24NOV28-B44.5",
            "count": 369,
            "created_time": "2024-11-28T16:29:26.756231Z",
            "yes_price": 1,
            "no_price": 99,
            "taker_side": "yes"
        },
        {
            "trade_id": "82ca9991-3fdf-46ed-b98d-d5875e16dddb",
            "ticker": "KXHIGHNY-24NOV28-B44.5",
            "count": 17,
            "created_time": "2024-11-28T01:50:36.378877Z",
            "yes_price": 1,
            "no_price": 99,
            "taker_side": "no"
        },
        {
            "trade_id": "e2fc988b-0228-4953-a98b-92ab3e163df2",
            "ticker": "KXHIGHNY-24NOV28-B44.5",
            "count": 120,
            "created_time": "2024-11-28T01:39:32.035013Z",
            "yes_price": 1,
            "no_price": 99,
            "taker_side": "no"
        },
        {
            "trade_id": "b99686ab-4203-42ee-b997-48011e4241ef",
            "ticker": "KXHIGHNY-24NOV28-B44.5",
            "count": 31,
            "created_time": "2024-11-28T01:15:35.814747Z",
            "yes_price": 1,
            "no_price": 99,
            "taker_side": "no"
        },
        {
            "trade_id": "7004163a-dd27-4900-8ff9-19d5be7388fa",
            "ticker": "KXHIGHNY-24NOV28-B44.5",
            "count": 332,
            "created_time": "2024-11-28T01:07:59.124279Z",
            "yes_price": 1,
            "no_price": 99,
            "taker_side": "no"
        },
        {
            "trade_id": "26f642a2-e96e-43fa-8115-8a9403b3c956",
            "ticker": "KXHIGHNY-24NOV28-B44.5",
            "count": 172,
            "created_time": "2024-11-28T01:07:59.124279Z",
            "yes_price": 1,
            "no_price": 99,
            "taker_side": "no"
        },
        {
            "trade_id": "bf5e9c09-90f8-456e-a928-61733af30368",
            "ticker": "KXHIGHNY-24NOV28-B44.5",
            "count": 24,
            "created_time": "2024-11-27T22:06:44.059342Z",
            "yes_price": 1,
            "no_price": 99,
            "taker_side": "no"
        },
        {
            "trade_id": "8efebaf8-1ddb-4173-8ff6-cf6857065b6c",
            "ticker": "KXHIGHNY-24NOV28-B44.5",
            "count": 28,
            "created_time": "2024-11-27T22:06:44.059342Z",
            "yes_price": 1,
            "no_price": 99,
            "taker_side": "no"
        },
        {
            "trade_id": "eabb6373-35dc-420e-83b3-5633b1d5c29c",
            "ticker": "KXHIGHNY-24NOV28-B44.5",
            "count": 16,
            "created_time": "2024-11-27T21:43:04.661916Z",
            "yes_price": 1,
            "no_price": 99,
            "taker_side": "no"
        },
        {
            "trade_id": "d701a8b7-1d9f-46e5-a465-3dc7301c7849",
            "ticker": "KXHIGHNY-24NOV28-B44.5",
            "count": 16,
            "created_time": "2024-11-27T21:43:04.109632Z",
            "yes_price": 1,
            "no_price": 99,
            "taker_side": "no"
        },
        {
            "trade_id": "f88021f5-9635-471d-8a8e-7f4344c7ad5c",
            "ticker": "KXHIGHNY-24NOV28-B44.5",
            "count": 16,
            "created_time": "2024-11-27T21:43:03.127207Z",
            "yes_price": 1,
            "no_price": 99,
            "taker_side": "no"
        },
        {
            "trade_id": "dfcdaa1a-577e-47a3-b84d-dccb67fd04dd",
            "ticker": "KXHIGHNY-24NOV28-B44.5",
            "count": 16,
            "created_time": "2024-11-27T21:43:02.007909Z",
            "yes_price": 1,
            "no_price": 99,
            "taker_side": "no"
        },
        {
            "trade_id": "9eacf4c6-1e04-4cca-925e-30e6c02c3c14",
            "ticker": "KXHIGHNY-24NOV28-B44.5",
            "count": 16,
            "created_time": "2024-11-27T21:43:01.936195Z",
            "yes_price": 1,
            "no_price": 99,
            "taker_side": "no"
        },
        {
            "trade_id": "b18c7d38-b6a3-43a8-a365-3cbd654362d1",
            "ticker": "KXHIGHNY-24NOV28-B44.5",
            "count": 16,
            "created_time": "2024-11-27T21:43:01.876314Z",
            "yes_price": 1,
            "no_price": 99,
            "taker_side": "no"
        },
        {
            "trade_id": "a203728b-5605-42bb-97b6-2169c08d8f7f",
            "ticker": "KXHIGHNY-24NOV28-B44.5",
            "count": 100,
            "created_time": "2024-11-27T20:27:40.786459Z",
            "yes_price": 3,
            "no_price": 97,
            "taker_side": "yes"
        }
    ],
    "KXHIGHNY-24NOV28-B46.5": [
        {
            "trade_id": "68a67b44-a670-4011-846c-df52aabe1615",
            "ticker": "KXHIGHNY-24NOV28-B46.5",
            "count": 187,
            "created_time": "2024-11-29T04:17:26.794028Z",
            "yes_price": 1,
            "no_price": 99,
            "taker_side": "yes"
        },
        {
            "trade_id": "887db902-7a8c-4b4b-bf19-ea6531af46be",
            "ticker": "KXHIGHNY-24NOV28-B46.5",
            "count": 467,
            "created_time": "2024-11-29T04:02:42.557544Z",
            "yes_price": 1,
            "no_price": 99,
            "taker_side": "yes"
        },
        {
            "trade_id": "3dde457f-4df4-4a93-9db1-3b915b5cf854",
            "ticker": "KXHIGHNY-24NOV28-B46.5",
            "count": 467,
            "created_time": "2024-11-29T04:01:36.215198Z",
            "yes_price": 1,
            "no_price": 99,
            "taker_side": "yes"
        },
        {
            "trade_id": "6c7fa55e-9782-48bd-998d-db0ccc62be3f",
            "ticker": "KXHIGHNY-24NOV28-B46.5",
            "count": 300,
            "created_time": "2024-11-29T03:40:45.86892Z",
            "yes_price": 1,
            "no_price": 99,
            "taker_side": "yes"
        },
        {
            "trade_id": "4408a75c-1a4e-4d13-90e7-5dc19beea69b",
            "ticker": "KXHIGHNY-24NOV28-B46.5",
            "count": 1870,
            "created_time": "2024-11-29T03:06:56.106845Z",
            "yes_price": 1,
            "no_price": 99,
            "taker_side": "yes"
        },
        {
            "trade_id": "5cd5883e-7e82-4c7d-91ac-c1d99a9ffc7b",
            "ticker": "KXHIGHNY-24NOV28-B46.5",
            "count": 17,
            "created_time": "2024-11-29T01:58:53.718377Z",
            "yes_price": 1,
            "no_price": 99,
            "taker_side": "yes"
        },
        {
            "trade_id": "5d109c14-9f96-4913-b9f5-6137823c1f01",
            "ticker": "KXHIGHNY-24NOV28-B46.5",
            "count": 1,
            "created_time": "2024-11-28T23:17:36.585029Z",
            "yes_price": 1,
            "no_price": 99,
            "taker_side": "yes"
        },
        {
            "trade_id": "8688f5ec-36af-4dfa-b787-8ff793dfc2e9",
            "ticker": "KXHIGHNY-24NOV28-B46.5",
            "count": 93,
            "created_time": "2024-11-28T19:34:23.518042Z",
            "yes_price": 1,
            "no_price": 99,
            "taker_side": "yes"
        },
        {
            "trade_id": "194eba75-fe06-4c8a-82f8-13f0d5c64ebe",
            "ticker": "KXHIGHNY-24NOV28-B46.5",
            "count": 93,
            "created_time": "2024-11-28T19:15:25.529119Z",
            "yes_price": 1,
            "no_price": 99,
            "taker_side": "yes"
        },
        {
            "trade_id": "9d7f51b0-d97b-4331-88cd-14a80c865b34",
            "ticker": "KXHIGHNY-24NOV28-B46.5",
            "count": 93,
            "created_time": "2024-11-28T18:57:15.155487Z",
            "yes_price": 1,
            "no_price": 99,
            "taker_side": "yes"
        },
        {
            "trade_id": "ed3a20c5-3ff2-4028-9666-2b3621a5a2ec",
            "ticker": "KXHIGHNY-24NOV28-B46.5",
            "count": 93,
            "created_time": "2024-11-28T18:08:58.309897Z",
            "yes_price": 1,
            "no_price": 99,
            "taker_side": "yes"
        },
        {
            "trade_id": "b588044c-d244-44ce-b066-f5c4da650b33",
            "ticker": "KXHIGHNY-24NOV28-B46.5",
            "count": 467,
            "created_time": "2024-11-28T18:00:36.587413Z",
            "yes_price": 1,
            "no_price": 99,
            "taker_side": "yes"
        },
        {
            "trade_id": "7b6ccc23-8689-4f38-8c08-1a0e01c835be",
            "ticker": "KXHIGHNY-24NOV28-B46.5",
            "count": 500,
            "created_time": "2024-11-28T16:25:50.438567Z",
            "yes_price": 1,
            "no_price": 99,
            "taker_side": "yes"
        },
        {
            "trade_id": "46e1f86c-19de-406c-86eb-572ce835f5cf",
            "ticker": "KXHIGHNY-24NOV28-B46.5",
            "count": 130,
            "created_time": "2024-11-28T16:25:50.438567Z",
            "yes_price": 1,
            "no_price": 99,
            "taker_side": "yes"
        },
        {
            "trade_id": "3f379ea4-b49a-4b60-97f7-c59f67c994e0",
            "ticker": "KXHIGHNY-24NOV28-B46.5",
            "count": 1705,
            "created_time": "2024-11-28T16:25:50.438567Z",
            "yes_price": 1,
            "no_price": 99,
            "taker_side": "yes"
        },
        {
            "trade_id": "cef3f595-95e0-48d8-9ad2-b7c6ac1fc4c6",
            "ticker": "KXHIGHNY-24NOV28-B46.5",
            "count": 70,
            "created_time": "2024-11-28T01:54:39.924181Z",
            "yes_price": 1,
            "no_price": 99,
            "taker_side": "no"
        },
        {
            "trade_id": "f44676df-9122-4caf-abfe-79310f87ed11",
            "ticker": "KXHIGHNY-24NOV28-B46.5",
            "count": 31,
            "created_time": "2024-11-28T01:53:32.198513Z",
            "yes_price": 2,
            "no_price": 98,
            "taker_side": "no"
        },
        {
            "trade_id": "b21cc5f5-600d-4dff-bf20-0fe2bd8e1f49",
            "ticker": "KXHIGHNY-24NOV28-B46.5",
            "count": 10,
            "created_time": "2024-11-28T01:53:32.198513Z",
            "yes_price": 2,
            "no_price": 98,
            "taker_side": "no"
        },
        {
            "trade_id": "0ab98e94-e67d-4b3c-9388-c9076440cc5e",
            "ticker": "KXHIGHNY-24NOV28-B46.5",
            "count": 17,
            "created_time": "2024-11-28T01:50:36.132427Z",
            "yes_price": 2,
            "no_price": 98,
            "taker_side": "no"
        },
        {
            "trade_id": "8ca4e49e-ad21-46b3-9933-329c1b48ba79",
            "ticker": "KXHIGHNY-24NOV28-B46.5",
            "count": 120,
            "created_time": "2024-11-28T01:39:31.99086Z",
            "yes_price": 2,
            "no_price": 98,
            "taker_side": "no"
        },
        {
            "trade_id": "66e4b2e7-f495-4525-8ae5-5ac87de54e2e",
            "ticker": "KXHIGHNY-24NOV28-B46.5",
            "count": 1,
            "created_time": "2024-11-28T01:22:52.295826Z",
            "yes_price": 2,
            "no_price": 98,
            "taker_side": "no"
        },
        {
            "trade_id": "049add01-528c-4a3d-af69-950add2c36b5",
            "ticker": "KXHIGHNY-24NOV28-B46.5",
            "count": 31,
            "created_time": "2024-11-28T01:15:35.840373Z",
            "yes_price": 2,
            "no_price": 98,
            "taker_side": "no"
        },
        {
            "trade_id": "8fc7d8f7-9b98-445a-9dcf-800f61dee711",
            "ticker": "KXHIGHNY-24NOV28-B46.5",
            "count": 2,
            "created_time": "2024-11-27T22:06:42.004289Z",
            "yes_price": 2,
            "no_price": 98,
            "taker_side": "no"
        },
        {
            "trade_id": "72228ca0-9de9-460a-8815-f286409c3485",
            "ticker": "KXHIGHNY-24NOV28-B46.5",
            "count": 50,
            "created_time": "2024-11-27T22:06:42.004289Z",
            "yes_price": 1,
            "no_price": 99,
            "taker_side": "no"
        },
        {
            "trade_id": "38e3cf4b-98e7-42da-9d0b-6353bedce122",
            "ticker": "KXHIGHNY-24NOV28-B46.5",
            "count": 1,
            "created_time": "2024-11-27T21:55:10.960934Z",
            "yes_price": 6,
            "no_price": 94,
            "taker_side": "yes"
        },
        {
            "trade_id": "51d42aca-215d-4a3e-a960-bed90dc4ac60",
            "ticker": "KXHIGHNY-24NOV28-B46.5",
            "count": 7,
            "created_time": "2024-11-27T21:43:04.011781Z",
            "yes_price": 3,
            "no_price": 97,
            "taker_side": "no"
        },
        {
            "trade_id": "b28a9477-57cc-4ff5-b3fd-09178b210991",
            "ticker": "KXHIGHNY-24NOV28-B46.5",
            "count": 16,
            "created_time": "2024-11-27T21:43:02.927617Z",
            "yes_price": 3,
            "no_price": 97,
            "taker_side": "no"
        },
        {
            "trade_id": "b7ab7efe-99ff-4db2-aee8-6dafbf7c3ef6",
            "ticker": "KXHIGHNY-24NOV28-B46.5",
            "count": 16,
            "created_time": "2024-11-27T21:43:02.225472Z",
            "yes_price": 3,
            "no_price": 97,
            "taker_side": "no"
        },
        {
            "trade_id": "538adb53-f56b-4a10-b9ff-d45265ea44c2",
            "ticker": "KXHIGHNY-24NOV28-B46.5",
            "count": 16,
            "created_time": "2024-11-27T21:43:01.963964Z",
            "yes_price": 3,
            "no_price": 97,
            "taker_side": "no"
        },
        {
            "trade_id": "ebc654b0-e168-42f7-99e9-bc37e0c471f0",
            "ticker": "KXHIGHNY-24NOV28-B46.5",
            "count": 16,
            "created_time": "2024-11-27T21:43:01.869992Z",
            "yes_price": 3,
            "no_price": 97,
            "taker_side": "no"
        },
        {
            "trade_id": "fb79e5b5-43b9-4c18-a033-cae1bb1fac3d",
            "ticker": "KXHIGHNY-24NOV28-B46.5",
            "count": 28,
            "created_time": "2024-11-27T21:12:20.708767Z",
            "yes_price": 7,
            "no_price": 93,
            "taker_side": "yes"
        },
        {
            "trade_id": "379bcce5-843a-4b11-9bda-a8cb2541d536",
            "ticker": "KXHIGHNY-24NOV28-B46.5",
            "count": 100,
            "created_time": "2024-11-27T21:12:20.687793Z",
            "yes_price": 6,
            "no_price": 94,
            "taker_side": "yes"
        },
        {
            "trade_id": "a17e1f60-5319-4914-bf0f-a8481fce1e76",
            "ticker": "KXHIGHNY-24NOV28-B46.5",
            "count": 1,
            "created_time": "2024-11-27T20:32:21.421235Z",
            "yes_price": 3,
            "no_price": 97,
            "taker_side": "no"
        },
        {
            "trade_id": "42b0eac1-3d02-4b85-8238-be2b6eff708f",
            "ticker": "KXHIGHNY-24NOV28-B46.5",
            "count": 428,
            "created_time": "2024-11-27T20:32:06.634558Z",
            "yes_price": 3,
            "no_price": 97,
            "taker_side": "no"
        },
        {
            "trade_id": "ec6997b8-23e5-44c8-ada3-8dc19b3ad18b",
            "ticker": "KXHIGHNY-24NOV28-B46.5",
            "count": 180,
            "created_time": "2024-11-27T20:28:08.378346Z",
            "yes_price": 5,
            "no_price": 95,
            "taker_side": "no"
        },
        {
            "trade_id": "3a4621e6-3b63-47b3-9872-ebadf1e12062",
            "ticker": "KXHIGHNY-24NOV28-B46.5",
            "count": 180,
            "created_time": "2024-11-27T20:28:08.378346Z",
            "yes_price": 5,
            "no_price": 95,
            "taker_side": "no"
        },
        {
            "trade_id": "0ece9bad-5637-4177-a270-5274dd058bd9",
            "ticker": "KXHIGHNY-24NOV28-B46.5",
            "count": 100,
            "created_time": "2024-11-27T20:27:40.596119Z",
            "yes_price": 7,
            "no_price": 93,
            "taker_side": "yes"
        },
        {
            "trade_id": "16725415-2e76-43ae-b8e6-cc7ad796961d",
            "ticker": "KXHIGHNY-24NOV28-B46.5",
            "count": 100,
            "created_time": "2024-11-27T20:27:38.838214Z",
            "yes_price": 6,
            "no_price": 94,
            "taker_side": "no"
        },
        {
            "trade_id": "dcaac75c-2063-4272-9b8d-7e8f509f9eef",
            "ticker": "KXHIGHNY-24NOV28-B46.5",
            "count": 43,
            "created_time": "2024-11-27T18:58:49.126533Z",
            "yes_price": 8,
            "no_price": 92,
            "taker_side": "yes"
        },
        {
            "trade_id": "c175b2ee-7979-466b-b1c2-3546645b7c2a",
            "ticker": "KXHIGHNY-24NOV28-B46.5",
            "count": 100,
            "created_time": "2024-11-27T18:58:49.126533Z",
            "yes_price": 7,
            "no_price": 93,
            "taker_side": "yes"
        },
        {
            "trade_id": "ca7d49db-5fee-4283-9f95-7350b10f6153",
            "ticker": "KXHIGHNY-24NOV28-B46.5",
            "count": 200,
            "created_time": "2024-11-27T18:54:32.746491Z",
            "yes_price": 7,
            "no_price": 93,
            "taker_side": "yes"
        },
        {
            "trade_id": "87a93bed-9d43-40bf-b9b6-b75cb6ea9eef",
            "ticker": "KXHIGHNY-24NOV28-B46.5",
            "count": 24,
            "created_time": "2024-11-27T18:54:32.746491Z",
            "yes_price": 8,
            "no_price": 92,
            "taker_side": "yes"
        },
        {
            "trade_id": "4127ce66-6356-4fa0-a830-552fdc0aced3",
            "ticker": "KXHIGHNY-24NOV28-B46.5",
            "count": 40,
            "created_time": "2024-11-27T18:54:32.746491Z",
            "yes_price": 7,
            "no_price": 93,
            "taker_side": "yes"
        },
        {
            "trade_id": "548a99ec-6a69-438a-9328-f325c4f4212a",
            "ticker": "KXHIGHNY-24NOV28-B46.5",
            "count": 100,
            "created_time": "2024-11-27T18:42:34.904512Z",
            "yes_price": 6,
            "no_price": 94,
            "taker_side": "yes"
        },
        {
            "trade_id": "b3769df1-4998-44e5-9f53-e7fce39af6c6",
            "ticker": "KXHIGHNY-24NOV28-B46.5",
            "count": 25,
            "created_time": "2024-11-27T17:29:36.932053Z",
            "yes_price": 14,
            "no_price": 86,
            "taker_side": "yes"
        },
        {
            "trade_id": "50ef658b-c6cd-4668-a133-1ef632ec5348",
            "ticker": "KXHIGHNY-24NOV28-B46.5",
            "count": 145,
            "created_time": "2024-11-27T16:37:31.262362Z",
            "yes_price": 13,
            "no_price": 87,
            "taker_side": "yes"
        },
        {
            "trade_id": "65174bf8-ab3d-4a13-ab05-f9a9f10091aa",
            "ticker": "KXHIGHNY-24NOV28-B46.5",
            "count": 49,
            "created_time": "2024-11-27T15:39:29.576674Z",
            "yes_price": 6,
            "no_price": 94,
            "taker_side": "yes"
        },
        {
            "trade_id": "5be68f50-e00c-4a1d-a6dd-aba5846dceb3",
            "ticker": "KXHIGHNY-24NOV28-B46.5",
            "count": 1,
            "created_time": "2024-11-27T15:27:37.355765Z",
            "yes_price": 6,
            "no_price": 94,
            "taker_side": "yes"
        },
        {
            "trade_id": "412020d9-74fd-47a9-a13e-488e37cd3ca8",
            "ticker": "KXHIGHNY-24NOV28-B46.5",
            "count": 30,
            "created_time": "2024-11-27T15:17:53.153249Z",
            "yes_price": 3,
            "no_price": 97,
            "taker_side": "yes"
        },
        {
            "trade_id": "4bbe0835-ca4b-49c4-acf7-ad7b2526ddca",
            "ticker": "KXHIGHNY-24NOV28-B46.5",
            "count": 20,
            "created_time": "2024-11-27T15:17:52.836274Z",
            "yes_price": 3,
            "no_price": 97,
            "taker_side": "yes"
        },
        {
            "trade_id": "196bd063-b0d3-4ff2-a496-74def1d0c97c",
            "ticker": "KXHIGHNY-24NOV28-B46.5",
            "count": 27,
            "created_time": "2024-11-27T15:12:28.578897Z",
            "yes_price": 13,
            "no_price": 87,
            "taker_side": "no"
        }
    ],
    "KXHIGHNY-24NOV28-B48.5": [
        {
            "trade_id": "a925382b-a8ac-452e-a13a-409930e429f5",
            "ticker": "KXHIGHNY-24NOV28-B48.5",
            "count": 300,
            "created_time": "2024-11-29T04:52:19.941014Z",
            "yes_price": 99,
            "no_price": 1,
            "taker_side": "no"
        },
        {
            "trade_id": "cbdd88a1-550b-419c-b69f-8c05faf53f54",
            "ticker": "KXHIGHNY-24NOV28-B48.5",
            "count": 100,
            "created_time": "2024-11-29T04:01:22.162548Z",
            "yes_price": 99,
            "no_price": 1,
            "taker_side": "no"
        },
        {
            "trade_id": "97e4fe13-34be-4915-b26d-c3c1ac2c739e",
            "ticker": "KXHIGHNY-24NOV28-B48.5",
            "count": 183,
            "created_time": "2024-11-29T04:01:22.162548Z",
            "yes_price": 98,
            "no_price": 2,
            "taker_side": "no"
        },
        {
            "trade_id": "dd8f323d-fd4d-425b-89d8-246e3e16a196",
            "ticker": "KXHIGHNY-24NOV28-B48.5",
            "count": 247,
            "created_time": "2024-11-29T02:23:29.172906Z",
            "yes_price": 97,
            "no_price": 3,
            "taker_side": "no"
        },
        {
            "trade_id": "d08ee0e7-a5e3-4362-9758-c4433996c4bd",
            "ticker": "KXHIGHNY-24NOV28-B48.5",
            "count": 64,
            "created_time": "2024-11-29T02:23:29.172906Z",
            "yes_price": 97,
            "no_price": 3,
            "taker_side": "no"
        },
        {
            "trade_id": "b11e021d-0ab6-4034-bbc4-0827b24b8b88",
            "ticker": "KXHIGHNY-24NOV28-B48.5",
            "count": 122,
            "created_time": "2024-11-29T01:51:02.298208Z",
            "yes_price": 98,
            "no_price": 2,
            "taker_side": "no"
        },
        {
            "trade_id": "6c7f6b51-f026-4699-826c-154b32e20704",
            "ticker": "KXHIGHNY-24NOV28-B48.5",
            "count": 253,
            "created_time": "2024-11-29T01:51:02.298208Z",
            "yes_price": 97,
            "no_price": 3,
            "taker_side": "no"
        },
        {
            "trade_id": "5d73240b-6901-46b8-b490-218c07af32ab",
            "ticker": "KXHIGHNY-24NOV28-B48.5",
            "count": 5,
            "created_time": "2024-11-29T01:51:02.298208Z",
            "yes_price": 98,
            "no_price": 2,
            "taker_side": "no"
        },
        {
            "trade_id": "f76b8d0b-00bb-42f9-937a-fc07ba8917a6",
            "ticker": "KXHIGHNY-24NOV28-B48.5",
            "count": 124,
            "created_time": "2024-11-29T01:42:10.077317Z",
            "yes_price": 98,
            "no_price": 2,
            "taker_side": "no"
        },
        {
            "trade_id": "7d38038a-10e5-4a42-b74b-60915bba7dae",
            "ticker": "KXHIGHNY-24NOV28-B48.5",
            "count": 12,
            "created_time": "2024-11-29T01:42:10.077317Z",
            "yes_price": 98,
            "no_price": 2,
            "taker_side": "no"
        },
        {
            "trade_id": "e327bc63-a5ae-4c2d-8ac5-dff864ec3939",
            "ticker": "KXHIGHNY-24NOV28-B48.5",
            "count": 351,
            "created_time": "2024-11-29T01:06:13.190558Z",
            "yes_price": 95,
            "no_price": 5,
            "taker_side": "no"
        },
        {
            "trade_id": "be4768ee-b646-4215-8f2c-3e0fd9ea4aa2",
            "ticker": "KXHIGHNY-24NOV28-B48.5",
            "count": 1000,
            "created_time": "2024-11-29T01:06:13.190558Z",
            "yes_price": 98,
            "no_price": 2,
            "taker_side": "no"
        },
        {
            "trade_id": "a66ed521-7b12-44e5-bba0-dee4dc3dfcb8",
            "ticker": "KXHIGHNY-24NOV28-B48.5",
            "count": 302,
            "created_time": "2024-11-29T01:06:13.190558Z",
            "yes_price": 98,
            "no_price": 2,
            "taker_side": "no"
        },
        {
            "trade_id": "1a459bbc-66d9-49f2-bc8c-66e17e325c4c",
            "ticker": "KXHIGHNY-24NOV28-B48.5",
            "count": 2000,
            "created_time": "2024-11-29T01:06:13.190558Z",
            "yes_price": 98,
            "no_price": 2,
            "taker_side": "no"
        },
        {
            "trade_id": "0674ef88-4d55-4d89-9ccb-1fe21aec295f",
            "ticker": "KXHIGHNY-24NOV28-B48.5",
            "count": 500,
            "created_time": "2024-11-29T01:06:13.190558Z",
            "yes_price": 98,
            "no_price": 2,
            "taker_side": "no"
        },
        {
            "trade_id": "ee671cb3-abc6-4918-b657-97d4096db9b4",
            "ticker": "KXHIGHNY-24NOV28-B48.5",
            "count": 1500,
            "created_time": "2024-11-29T00:18:48.371186Z",
            "yes_price": 99,
            "no_price": 1,
            "taker_side": "no"
        },
        {
            "trade_id": "b4c8fa18-ccae-4510-a252-d22aae25e42e",
            "ticker": "KXHIGHNY-24NOV28-B48.5",
            "count": 698,
            "created_time": "2024-11-29T00:18:48.371186Z",
            "yes_price": 98,
            "no_price": 2,
            "taker_side": "no"
        },
        {
            "trade_id": "234219df-c6af-419c-ac3f-71e4636095a1",
            "ticker": "KXHIGHNY-24NOV28-B48.5",
            "count": 632,
            "created_time": "2024-11-29T00:18:48.371186Z",
            "yes_price": 98,
            "no_price": 2,
            "taker_side": "no"
        },
        {
            "trade_id": "0e007e1f-1e4e-45bc-9af8-a895f7f3a006",
            "ticker": "KXHIGHNY-24NOV28-B48.5",
            "count": 516,
            "created_time": "2024-11-29T00:18:48.371186Z",
            "yes_price": 99,
            "no_price": 1,
            "taker_side": "no"
        },
        {
            "trade_id": "dfcf4de9-0709-49ab-8c3e-9f068e68ae9c",
            "ticker": "KXHIGHNY-24NOV28-B48.5",
            "count": 312,
            "created_time": "2024-11-28T23:41:45.320607Z",
            "yes_price": 99,
            "no_price": 1,
            "taker_side": "no"
        },
        {
            "trade_id": "61f5a6f4-fef0-48f6-a484-61536a2ba9b9",
            "ticker": "KXHIGHNY-24NOV28-B48.5",
            "count": 257,
            "created_time": "2024-11-28T23:30:15.404332Z",
            "yes_price": 98,
            "no_price": 2,
            "taker_side": "no"
        },
        {
            "trade_id": "df25a9f8-497b-4d10-8eaa-fae5afa70f20",
            "ticker": "KXHIGHNY-24NOV28-B48.5",
            "count": 111,
            "created_time": "2024-11-28T23:28:51.51006Z",
            "yes_price": 98,
            "no_price": 2,
            "taker_side": "no"
        },
        {
            "trade_id": "a5555c21-1af8-468a-bc68-f4639baed09f",
            "ticker": "KXHIGHNY-24NOV28-B48.5",
            "count": 243,
            "created_time": "2024-11-28T23:28:51.51006Z",
            "yes_price": 99,
            "no_price": 1,
            "taker_side": "no"
        },
        {
            "trade_id": "1035bcbf-cd85-426a-97a2-e289dc584ccd",
            "ticker": "KXHIGHNY-24NOV28-B48.5",
            "count": 1,
            "created_time": "2024-11-28T23:28:51.51006Z",
            "yes_price": 99,
            "no_price": 1,
            "taker_side": "no"
        },
        {
            "trade_id": "0a99c77b-71c3-47d1-94c8-dd1c9e631020",
            "ticker": "KXHIGHNY-24NOV28-B48.5",
            "count": 139,
            "created_time": "2024-11-28T23:23:38.498176Z",
            "yes_price": 99,
            "no_price": 1,
            "taker_side": "no"
        },
        {
            "trade_id": "700e299f-c9ce-410e-a46b-7fe4e8c044f7",
            "ticker": "KXHIGHNY-24NOV28-B48.5",
            "count": 258,
            "created_time": "2024-11-28T23:20:05.655106Z",
            "yes_price": 99,
            "no_price": 1,
            "taker_side": "no"
        },
        {
            "trade_id": "500ce594-fcc6-48ee-8c4d-4493d1c14c96",
            "ticker": "KXHIGHNY-24NOV28-B48.5",
            "count": 2034,
            "created_time": "2024-11-28T23:20:05.655106Z",
            "yes_price": 99,
            "no_price": 1,
            "taker_side": "no"
        },
        {
            "trade_id": "3ccaf3d5-e238-4260-81e5-f1ac3d1d9052",
            "ticker": "KXHIGHNY-24NOV28-B48.5",
            "count": 1,
            "created_time": "2024-11-28T23:20:05.655106Z",
            "yes_price": 99,
            "no_price": 1,
            "taker_side": "no"
        },
        {
            "trade_id": "ecc02e46-da65-4819-b148-0398e30abed9",
            "ticker": "KXHIGHNY-24NOV28-B48.5",
            "count": 1,
            "created_time": "2024-11-28T23:17:35.630642Z",
            "yes_price": 99,
            "no_price": 1,
            "taker_side": "no"
        },
        {
            "trade_id": "cb84181b-13e7-4c43-8fc0-1d2ebe7bd5f1",
            "ticker": "KXHIGHNY-24NOV28-B48.5",
            "count": 2,
            "created_time": "2024-11-28T23:01:51.692366Z",
            "yes_price": 99,
            "no_price": 1,
            "taker_side": "no"
        },
        {
            "trade_id": "0d9082fc-5b8b-438a-8607-6249db917edd",
            "ticker": "KXHIGHNY-24NOV28-B48.5",
            "count": 63,
            "created_time": "2024-11-28T23:00:05.995677Z",
            "yes_price": 99,
            "no_price": 1,
            "taker_side": "no"
        },
        {
            "trade_id": "c0018f9b-4cd9-4969-aff0-c3eef4007d9f",
            "ticker": "KXHIGHNY-24NOV28-B48.5",
            "count": 232,
            "created_time": "2024-11-28T22:27:45.650488Z",
            "yes_price": 99,
            "no_price": 1,
            "taker_side": "no"
        },
        {
            "trade_id": "98c54c7c-dfc6-4ac8-be68-0e1e32dae130",
            "ticker": "KXHIGHNY-24NOV28-B48.5",
            "count": 935,
            "created_time": "2024-11-28T22:24:38.711459Z",
            "yes_price": 99,
            "no_price": 1,
            "taker_side": "no"
        },
        {
            "trade_id": "97670ba5-83e5-40ec-97d6-62509f9c07ff",
            "ticker": "KXHIGHNY-24NOV28-B48.5",
            "count": 2,
            "created_time": "2024-11-28T22:23:22.49706Z",
            "yes_price": 99,
            "no_price": 1,
            "taker_side": "no"
        },
        {
            "trade_id": "f63f8ae4-faaf-4749-befb-c7a2fb5e52ae",
            "ticker": "KXHIGHNY-24NOV28-B48.5",
            "count": 935,
            "created_time": "2024-11-28T22:13:58.845227Z",
            "yes_price": 99,
            "no_price": 1,
            "taker_side": "no"
        },
        {
            "trade_id": "f3a97fbd-10f5-4eb7-a909-7fa4eadf3bdb",
            "ticker": "KXHIGHNY-24NOV28-B48.5",
            "count": 52,
            "created_time": "2024-11-28T22:12:05.458571Z",
            "yes_price": 99,
            "no_price": 1,
            "taker_side": "no"
        },
        {
            "trade_id": "46004014-18af-4176-b19e-b3a89a914eef",
            "ticker": "KXHIGHNY-24NOV28-B48.5",
            "count": 47,
            "created_time": "2024-11-28T22:06:07.735156Z",
            "yes_price": 99,
            "no_price": 1,
            "taker_side": "no"
        },
        {
            "trade_id": "f12a6983-ef71-4bad-8d8b-e73022d73750",
            "ticker": "KXHIGHNY-24NOV28-B48.5",
            "count": 250,
            "created_time": "2024-11-28T21:59:14.275168Z",
            "yes_price": 99,
            "no_price": 1,
            "taker_side": "no"
        },
        {
            "trade_id": "68537e94-d0ea-48dc-ab98-31f6a961d6d4",
            "ticker": "KXHIGHNY-24NOV28-B48.5",
            "count": 2797,
            "created_time": "2024-11-28T21:59:14.275168Z",
            "yes_price": 99,
            "no_price": 1,
            "taker_side": "no"
        },
        {
            "trade_id": "133e51f9-add1-43d5-9245-dd141bc29d03",
            "ticker": "KXHIGHNY-24NOV28-B48.5",
            "count": 625,
            "created_time": "2024-11-28T21:59:14.275168Z",
            "yes_price": 99,
            "no_price": 1,
            "taker_side": "no"
        },
        {
            "trade_id": "10ab96db-6907-407c-81f4-bdc0971f6b08",
            "ticker": "KXHIGHNY-24NOV28-B48.5",
            "count": 1000,
            "created_time": "2024-11-28T21:59:14.275168Z",
            "yes_price": 99,
            "no_price": 1,
            "taker_side": "no"
        },
        {
            "trade_id": "1d791aea-18c2-4539-bee7-d8bd22bf2cc6",
            "ticker": "KXHIGHNY-24NOV28-B48.5",
            "count": 60,
            "created_time": "2024-11-28T21:56:06.616537Z",
            "yes_price": 99,
            "no_price": 1,
            "taker_side": "no"
        },
        {
            "trade_id": "49863b17-84c0-4d11-bcfc-567fced80551",
            "ticker": "KXHIGHNY-24NOV28-B48.5",
            "count": 45,
            "created_time": "2024-11-28T21:49:27.496517Z",
            "yes_price": 99,
            "no_price": 1,
            "taker_side": "no"
        },
        {
            "trade_id": "3abc65bf-126e-4836-b198-ddec6f919c43",
            "ticker": "KXHIGHNY-24NOV28-B48.5",
            "count": 10,
            "created_time": "2024-11-28T21:45:03.932871Z",
            "yes_price": 99,
            "no_price": 1,
            "taker_side": "no"
        },
        {
            "trade_id": "0e05a41f-c8d0-4c5a-a328-76b4a0103671",
            "ticker": "KXHIGHNY-24NOV28-B48.5",
            "count": 270,
            "created_time": "2024-11-28T21:45:03.932871Z",
            "yes_price": 99,
            "no_price": 1,
            "taker_side": "no"
        },
        {
            "trade_id": "8dcf89ad-1d88-4536-9558-d1c792891b9d",
            "ticker": "KXHIGHNY-24NOV28-B48.5",
            "count": 1193,
            "created_time": "2024-11-28T21:37:21.023772Z",
            "yes_price": 99,
            "no_price": 1,
            "taker_side": "yes"
        },
        {
            "trade_id": "7f96d17f-d982-4f46-af93-13bb1b55aecd",
            "ticker": "KXHIGHNY-24NOV28-B48.5",
            "count": 100,
            "created_time": "2024-11-28T21:37:21.023772Z",
            "yes_price": 99,
            "no_price": 1,
            "taker_side": "yes"
        },
        {
            "trade_id": "1bb1d6bd-f54f-4eaf-a778-ebd1134ff608",
            "ticker": "KXHIGHNY-24NOV28-B48.5",
            "count": 3,
            "created_time": "2024-11-28T21:35:49.601431Z",
            "yes_price": 99,
            "no_price": 1,
            "taker_side": "yes"
        },
        {
            "trade_id": "ec6ab7c1-da27-4a64-b279-fa3457564894",
            "ticker": "KXHIGHNY-24NOV28-B48.5",
            "count": 75,
            "created_time": "2024-11-28T21:32:15.515954Z",
            "yes_price": 99,
            "no_price": 1,
            "taker_side": "yes"
        },
        {
            "trade_id": "96496a2b-8922-4284-90a3-412de0d1cfc7",
            "ticker": "KXHIGHNY-24NOV28-B48.5",
            "count": 2,
            "created_time": "2024-11-28T21:32:15.515954Z",
            "yes_price": 98,
            "no_price": 2,
            "taker_side": "yes"
        },
        {
            "trade_id": "534f5ae7-c4e0-4809-9f17-c25b10c2ddab",
            "ticker": "KXHIGHNY-24NOV28-B48.5",
            "count": 5,
            "created_time": "2024-11-28T21:30:24.853395Z",
            "yes_price": 97,
            "no_price": 3,
            "taker_side": "no"
        },
        {
            "trade_id": "5aa7f7db-c7fd-423e-b158-504a805549de",
            "ticker": "KXHIGHNY-24NOV28-B48.5",
            "count": 6,
            "created_time": "2024-11-28T21:25:03.555485Z",
            "yes_price": 97,
            "no_price": 3,
            "taker_side": "no"
        },
        {
            "trade_id": "27e379e8-4703-4729-8a5c-4b64bcb99fd8",
            "ticker": "KXHIGHNY-24NOV28-B48.5",
            "count": 23,
            "created_time": "2024-11-28T21:24:28.933869Z",
            "yes_price": 97,
            "no_price": 3,
            "taker_side": "no"
        },
        {
            "trade_id": "2047814b-9a1c-4de0-ac5a-08d424c64a3b",
            "ticker": "KXHIGHNY-24NOV28-B48.5",
            "count": 6,
            "created_time": "2024-11-28T21:23:33.279822Z",
            "yes_price": 97,
            "no_price": 3,
            "taker_side": "no"
        },
        {
            "trade_id": "d30288f0-8867-4721-9674-a81857e037b4",
            "ticker": "KXHIGHNY-24NOV28-B48.5",
            "count": 65,
            "created_time": "2024-11-28T21:19:44.880637Z",
            "yes_price": 97,
            "no_price": 3,
            "taker_side": "no"
        },
        {
            "trade_id": "a9238646-2ee8-4d49-82c1-93537810e9ef",
            "ticker": "KXHIGHNY-24NOV28-B48.5",
            "count": 1174,
            "created_time": "2024-11-28T21:15:53.755743Z",
            "yes_price": 99,
            "no_price": 1,
            "taker_side": "yes"
        },
        {
            "trade_id": "63bff201-ced9-449b-b25b-4e232d4b5b7e",
            "ticker": "KXHIGHNY-24NOV28-B48.5",
            "count": 22,
            "created_time": "2024-11-28T21:15:53.755743Z",
            "yes_price": 99,
            "no_price": 1,
            "taker_side": "yes"
        },
        {
            "trade_id": "223bd9f4-edef-425e-85ec-504fd71d9f88",
            "ticker": "KXHIGHNY-24NOV28-B48.5",
            "count": 50,
            "created_time": "2024-11-28T21:15:53.755743Z",
            "yes_price": 99,
            "no_price": 1,
            "taker_side": "yes"
        },
        {
            "trade_id": "1409a31a-1a4d-409c-b992-980c10b96937",
            "ticker": "KXHIGHNY-24NOV28-B48.5",
            "count": 100,
            "created_time": "2024-11-28T21:15:53.755743Z",
            "yes_price": 99,
            "no_price": 1,
            "taker_side": "yes"
        },
        {
            "trade_id": "0a4d5238-d737-497d-8f5b-2aa80a2cc7ce",
            "ticker": "KXHIGHNY-24NOV28-B48.5",
            "count": 1,
            "created_time": "2024-11-28T21:15:53.755743Z",
            "yes_price": 99,
            "no_price": 1,
            "taker_side": "yes"
        },
        {
            "trade_id": "37e06c55-3ff4-44da-8fa1-ca329b29c677",
            "ticker": "KXHIGHNY-24NOV28-B48.5",
            "count": 60,
            "created_time": "2024-11-28T21:13:14.895936Z",
            "yes_price": 99,
            "no_price": 1,
            "taker_side": "yes"
        },
        {
            "trade_id": "72f7efac-f4d1-474a-a443-920342ea6548",
            "ticker": "KXHIGHNY-24NOV28-B48.5",
            "count": 54,
            "created_time": "2024-11-28T21:13:01.750066Z",
            "yes_price": 96,
            "no_price": 4,
            "taker_side": "no"
        },
        {
            "trade_id": "9d522378-079e-4752-ab78-d10c47709e29",
            "ticker": "KXHIGHNY-24NOV28-B48.5",
            "count": 10,
            "created_time": "2024-11-28T21:12:25.448636Z",
            "yes_price": 97,
            "no_price": 3,
            "taker_side": "no"
        },
        {
            "trade_id": "6cbc4bf8-4e53-4669-9489-e4b59794c68f",
            "ticker": "KXHIGHNY-24NOV28-B48.5",
            "count": 607,
            "created_time": "2024-11-28T21:05:19.174046Z",
            "yes_price": 99,
            "no_price": 1,
            "taker_side": "yes"
        },
        {
            "trade_id": "373ed8a9-5ccb-43e9-a717-25791a326d0f",
            "ticker": "KXHIGHNY-24NOV28-B48.5",
            "count": 248,
            "created_time": "2024-11-28T21:05:19.174046Z",
            "yes_price": 99,
            "no_price": 1,
            "taker_side": "yes"
        },
        {
            "trade_id": "ca192cc9-e221-47c1-839f-d48d33e27b26",
            "ticker": "KXHIGHNY-24NOV28-B48.5",
            "count": 50,
            "created_time": "2024-11-28T20:58:17.980405Z",
            "yes_price": 99,
            "no_price": 1,
            "taker_side": "yes"
        },
        {
            "trade_id": "7718cd84-498d-477c-a8f6-bef50d8d7357",
            "ticker": "KXHIGHNY-24NOV28-B48.5",
            "count": 100,
            "created_time": "2024-11-28T20:58:01.873451Z",
            "yes_price": 99,
            "no_price": 1,
            "taker_side": "yes"
        },
        {
            "trade_id": "b5eb4989-2a99-4523-894b-d211049db0ae",
            "ticker": "KXHIGHNY-24NOV28-B48.5",
            "count": 500,
            "created_time": "2024-11-28T20:57:30.326003Z",
            "yes_price": 99,
            "no_price": 1,
            "taker_side": "yes"
        },
        {
            "trade_id": "cc34e661-6685-45fe-8d6c-b5cba0e8c1c2",
            "ticker": "KXHIGHNY-24NOV28-B48.5",
            "count": 100,
            "created_time": "2024-11-28T20:57:11.722873Z",
            "yes_price": 99,
            "no_price": 1,
            "taker_side": "yes"
        },
        {
            "trade_id": "9a5c5868-3308-4373-96a2-af3751122fc9",
            "ticker": "KXHIGHNY-24NOV28-B48.5",
            "count": 100,
            "created_time": "2024-11-28T20:57:11.722873Z",
            "yes_price": 99,
            "no_price": 1,
            "taker_side": "yes"
        },
        {
            "trade_id": "80e422c2-dc81-4c76-81ea-3ea0b25c8e9a",
            "ticker": "KXHIGHNY-24NOV28-B48.5",
            "count": 61,
            "created_time": "2024-11-28T20:57:11.722873Z",
            "yes_price": 99,
            "no_price": 1,
            "taker_side": "yes"
        },
        {
            "trade_id": "714ffbe3-e027-4ca4-bb2d-4ca838467196",
            "ticker": "KXHIGHNY-24NOV28-B48.5",
            "count": 102,
            "created_time": "2024-11-28T20:57:11.722873Z",
            "yes_price": 99,
            "no_price": 1,
            "taker_side": "yes"
        },
        {
            "trade_id": "51718377-18a2-4230-a3f2-a1f4a16acc37",
            "ticker": "KXHIGHNY-24NOV28-B48.5",
            "count": 105,
            "created_time": "2024-11-28T20:57:11.722873Z",
            "yes_price": 99,
            "no_price": 1,
            "taker_side": "yes"
        },
        {
            "trade_id": "2c7ccb13-9bd6-4ce4-896c-ea854e6600c0",
            "ticker": "KXHIGHNY-24NOV28-B48.5",
            "count": 30,
            "created_time": "2024-11-28T20:57:11.722873Z",
            "yes_price": 99,
            "no_price": 1,
            "taker_side": "yes"
        },
        {
            "trade_id": "1a5e19f0-8287-45fa-98f0-8e07d9ca7587",
            "ticker": "KXHIGHNY-24NOV28-B48.5",
            "count": 502,
            "created_time": "2024-11-28T20:57:11.722873Z",
            "yes_price": 99,
            "no_price": 1,
            "taker_side": "yes"
        },
        {
            "trade_id": "e25cbde1-1f26-4253-a4fd-9b03839318db",
            "ticker": "KXHIGHNY-24NOV28-B48.5",
            "count": 18,
            "created_time": "2024-11-28T20:55:43.27653Z",
            "yes_price": 99,
            "no_price": 1,
            "taker_side": "yes"
        },
        {
            "trade_id": "9120409e-9195-4873-b069-a473b594d0ae",
            "ticker": "KXHIGHNY-24NOV28-B48.5",
            "count": 80,
            "created_time": "2024-11-28T20:55:43.27653Z",
            "yes_price": 99,
            "no_price": 1,
            "taker_side": "yes"
        },
        {
            "trade_id": "3bb0c44a-4806-4e8e-aede-7e61c03d5081",
            "ticker": "KXHIGHNY-24NOV28-B48.5",
            "count": 690,
            "created_time": "2024-11-28T20:55:43.27653Z",
            "yes_price": 99,
            "no_price": 1,
            "taker_side": "yes"
        },
        {
            "trade_id": "9042bb3b-0335-407a-a335-d8ef8681166e",
            "ticker": "KXHIGHNY-24NOV28-B48.5",
            "count": 300,
            "created_time": "2024-11-28T20:55:27.632712Z",
            "yes_price": 99,
            "no_price": 1,
            "taker_side": "yes"
        },
        {
            "trade_id": "de23d1fd-d005-4298-93f2-82ab040944db",
            "ticker": "KXHIGHNY-24NOV28-B48.5",
            "count": 2092,
            "created_time": "2024-11-28T20:54:30.182941Z",
            "yes_price": 98,
            "no_price": 2,
            "taker_side": "yes"
        },
        {
            "trade_id": "4c2eca35-c3f5-4ab4-83b7-82bd28c18a7b",
            "ticker": "KXHIGHNY-24NOV28-B48.5",
            "count": 138,
            "created_time": "2024-11-28T20:54:30.182941Z",
            "yes_price": 98,
            "no_price": 2,
            "taker_side": "yes"
        },
        {
            "trade_id": "572e72b7-5410-4eee-849d-08e103f7126e",
            "ticker": "KXHIGHNY-24NOV28-B48.5",
            "count": 1,
            "created_time": "2024-11-28T20:54:14.333086Z",
            "yes_price": 98,
            "no_price": 2,
            "taker_side": "yes"
        },
        {
            "trade_id": "dcd98621-22ea-48a5-9d13-0ed4f729c47d",
            "ticker": "KXHIGHNY-24NOV28-B48.5",
            "count": 1,
            "created_time": "2024-11-28T20:52:36.003742Z",
            "yes_price": 95,
            "no_price": 5,
            "taker_side": "no"
        },
        {
            "trade_id": "12e03972-d24a-460f-b365-74d27ba6bf43",
            "ticker": "KXHIGHNY-24NOV28-B48.5",
            "count": 1,
            "created_time": "2024-11-28T20:50:49.072978Z",
            "yes_price": 98,
            "no_price": 2,
            "taker_side": "yes"
        },
        {
            "trade_id": "685bce04-4478-42ac-af98-c0c7b89961db",
            "ticker": "KXHIGHNY-24NOV28-B48.5",
            "count": 1,
            "created_time": "2024-11-28T20:49:34.495607Z",
            "yes_price": 98,
            "no_price": 2,
            "taker_side": "yes"
        },
        {
            "trade_id": "960f6ad1-fb8b-496e-ba7b-6db28049fc58",
            "ticker": "KXHIGHNY-24NOV28-B48.5",
            "count": 100,
            "created_time": "2024-11-28T20:48:06.640556Z",
            "yes_price": 98,
            "no_price": 2,
            "taker_side": "yes"
        },
        {
            "trade_id": "4d44b6ec-1b0a-4181-8ee0-ee2e4059ae5a",
            "ticker": "KXHIGHNY-24NOV28-B48.5",
            "count": 5,
            "created_time": "2024-11-28T20:48:06.640556Z",
            "yes_price": 98,
            "no_price": 2,
            "taker_side": "yes"
        },
        {
            "trade_id": "ff047112-6ea3-408f-87ea-9262f6f103e9",
            "ticker": "KXHIGHNY-24NOV28-B48.5",
            "count": 18,
            "created_time": "2024-11-28T20:46:54.38681Z",
            "yes_price": 95,
            "no_price": 5,
            "taker_side": "no"
        },
        {
            "trade_id": "d21188db-f045-4909-b1da-256dcd687bd5",
            "ticker": "KXHIGHNY-24NOV28-B48.5",
            "count": 250,
            "created_time": "2024-11-28T20:43:14.125677Z",
            "yes_price": 96,
            "no_price": 4,
            "taker_side": "no"
        },
        {
            "trade_id": "b40a8b0e-7659-44f3-a21c-d76683125fc1",
            "ticker": "KXHIGHNY-24NOV28-B48.5",
            "count": 1,
            "created_time": "2024-11-28T20:43:14.125677Z",
            "yes_price": 97,
            "no_price": 3,
            "taker_side": "no"
        },
        {
            "trade_id": "5efee0ed-b3d1-4a6e-81e5-1847eee210cc",
            "ticker": "KXHIGHNY-24NOV28-B48.5",
            "count": 486,
            "created_time": "2024-11-28T20:43:14.125677Z",
            "yes_price": 95,
            "no_price": 5,
            "taker_side": "no"
        },
        {
            "trade_id": "2d2e38ad-f892-4291-8565-f3d0655082b1",
            "ticker": "KXHIGHNY-24NOV28-B48.5",
            "count": 207,
            "created_time": "2024-11-28T20:43:14.125677Z",
            "yes_price": 97,
            "no_price": 3,
            "taker_side": "no"
        },
        {
            "trade_id": "2b725137-5748-4eaf-8572-577a6c25d36a",
            "ticker": "KXHIGHNY-24NOV28-B48.5",
            "count": 2000,
            "created_time": "2024-11-28T20:43:14.125677Z",
            "yes_price": 97,
            "no_price": 3,
            "taker_side": "no"
        },
        {
            "trade_id": "57c5faf5-1803-4c15-b496-4086f88a063c",
            "ticker": "KXHIGHNY-24NOV28-B48.5",
            "count": 156,
            "created_time": "2024-11-28T20:38:31.229076Z",
            "yes_price": 98,
            "no_price": 2,
            "taker_side": "yes"
        },
        {
            "trade_id": "33306527-3cfc-402a-886b-eb9a6cf100f3",
            "ticker": "KXHIGHNY-24NOV28-B48.5",
            "count": 93,
            "created_time": "2024-11-28T20:34:20.06244Z",
            "yes_price": 97,
            "no_price": 3,
            "taker_side": "no"
        },
        {
            "trade_id": "027ab3b5-ab98-4d39-ae4d-06dee960fead",
            "ticker": "KXHIGHNY-24NOV28-B48.5",
            "count": 10,
            "created_time": "2024-11-28T20:31:30.770537Z",
            "yes_price": 99,
            "no_price": 1,
            "taker_side": "yes"
        },
        {
            "trade_id": "0c5e2236-7a23-46e0-93c1-419ab18fa9bb",
            "ticker": "KXHIGHNY-24NOV28-B48.5",
            "count": 230,
            "created_time": "2024-11-28T20:31:15.312409Z",
            "yes_price": 96,
            "no_price": 4,
            "taker_side": "no"
        },
        {
            "trade_id": "ffa20b5d-b95f-410c-9fbd-3aff907cd510",
            "ticker": "KXHIGHNY-24NOV28-B48.5",
            "count": 107,
            "created_time": "2024-11-28T20:29:05.575441Z",
            "yes_price": 96,
            "no_price": 4,
            "taker_side": "no"
        },
        {
            "trade_id": "bc6a1934-7430-4f7a-a5e8-4d9dd152db9c",
            "ticker": "KXHIGHNY-24NOV28-B48.5",
            "count": 1,
            "created_time": "2024-11-28T20:28:17.189928Z",
            "yes_price": 98,
            "no_price": 2,
            "taker_side": "yes"
        },
        {
            "trade_id": "7a46ba19-c61d-422a-b1b9-4e8ecf9a571a",
            "ticker": "KXHIGHNY-24NOV28-B48.5",
            "count": 19,
            "created_time": "2024-11-28T20:28:17.189928Z",
            "yes_price": 98,
            "no_price": 2,
            "taker_side": "yes"
        },
        {
            "trade_id": "8f2daaa7-7956-4aba-b060-d18cad062efe",
            "ticker": "KXHIGHNY-24NOV28-B48.5",
            "count": 10,
            "created_time": "2024-11-28T20:27:21.007638Z",
            "yes_price": 98,
            "no_price": 2,
            "taker_side": "no"
        },
        {
            "trade_id": "b919d479-fd08-49ff-b826-354acd221490",
            "ticker": "KXHIGHNY-24NOV28-B48.5",
            "count": 83,
            "created_time": "2024-11-28T20:27:08.63308Z",
            "yes_price": 98,
            "no_price": 2,
            "taker_side": "yes"
        },
        {
            "trade_id": "6a3472b4-03e8-424d-9373-546e7b75cbf1",
            "ticker": "KXHIGHNY-24NOV28-B48.5",
            "count": 1,
            "created_time": "2024-11-28T20:27:08.63308Z",
            "yes_price": 98,
            "no_price": 2,
            "taker_side": "yes"
        },
        {
            "trade_id": "3d7ff502-2867-40c8-9e0b-6019c727fc21",
            "ticker": "KXHIGHNY-24NOV28-B48.5",
            "count": 50,
            "created_time": "2024-11-28T20:27:08.63308Z",
            "yes_price": 98,
            "no_price": 2,
            "taker_side": "yes"
        },
        {
            "trade_id": "8b2610ed-4348-45b0-9062-487ecc0b8632",
            "ticker": "KXHIGHNY-24NOV28-B48.5",
            "count": 26,
            "created_time": "2024-11-28T20:26:42.810675Z",
            "yes_price": 94,
            "no_price": 6,
            "taker_side": "no"
        },
        {
            "trade_id": "82931d63-3fed-48bd-a1f6-3756ab987115",
            "ticker": "KXHIGHNY-24NOV28-B48.5",
            "count": 66,
            "created_time": "2024-11-28T20:26:42.810675Z",
            "yes_price": 95,
            "no_price": 5,
            "taker_side": "no"
        },
        {
            "trade_id": "7f6d9bd3-bbfa-40cd-b0b3-e3985c968460",
            "ticker": "KXHIGHNY-24NOV28-B48.5",
            "count": 17,
            "created_time": "2024-11-28T20:25:40.0177Z",
            "yes_price": 98,
            "no_price": 2,
            "taker_side": "yes"
        },
        {
            "trade_id": "4cd8633d-f267-4588-8cce-f9f65d5d17a7",
            "ticker": "KXHIGHNY-24NOV28-B48.5",
            "count": 240,
            "created_time": "2024-11-28T20:25:40.0177Z",
            "yes_price": 97,
            "no_price": 3,
            "taker_side": "yes"
        },
        {
            "trade_id": "c442aa33-ef98-4088-bcf5-6630ebb03162",
            "ticker": "KXHIGHNY-24NOV28-B48.5",
            "count": 35,
            "created_time": "2024-11-28T20:24:07.306561Z",
            "yes_price": 96,
            "no_price": 4,
            "taker_side": "yes"
        },
        {
            "trade_id": "9b0c55d4-50c4-4e9d-93cb-b4e1a0fb58d5",
            "ticker": "KXHIGHNY-24NOV28-B48.5",
            "count": 138,
            "created_time": "2024-11-28T20:24:07.306561Z",
            "yes_price": 94,
            "no_price": 6,
            "taker_side": "yes"
        },
        {
            "trade_id": "853673e9-b85d-4984-b18b-7edd584b6ec3",
            "ticker": "KXHIGHNY-24NOV28-B48.5",
            "count": 100,
            "created_time": "2024-11-28T20:24:07.306561Z",
            "yes_price": 97,
            "no_price": 3,
            "taker_side": "yes"
        },
        {
            "trade_id": "81748c15-9b72-46dd-adb3-1a061f79cd6f",
            "ticker": "KXHIGHNY-24NOV28-B48.5",
            "count": 200,
            "created_time": "2024-11-28T20:24:07.306561Z",
            "yes_price": 96,
            "no_price": 4,
            "taker_side": "yes"
        },
        {
            "trade_id": "4de1c9fb-a23f-4bd5-a078-29cdde735030",
            "ticker": "KXHIGHNY-24NOV28-B48.5",
            "count": 45,
            "created_time": "2024-11-28T20:24:07.306561Z",
            "yes_price": 97,
            "no_price": 3,
            "taker_side": "yes"
        },
        {
            "trade_id": "2c568b29-61fa-4fec-bbf3-37d0a51bd5bb",
            "ticker": "KXHIGHNY-24NOV28-B48.5",
            "count": 87,
            "created_time": "2024-11-28T20:24:07.306561Z",
            "yes_price": 97,
            "no_price": 3,
            "taker_side": "yes"
        },
        {
            "trade_id": "380c5f4e-57f9-4bdf-9d5a-79ed90a7ef62",
            "ticker": "KXHIGHNY-24NOV28-B48.5",
            "count": 291,
            "created_time": "2024-11-28T20:19:43.476813Z",
            "yes_price": 94,
            "no_price": 6,
            "taker_side": "yes"
        },
        {
            "trade_id": "b636a383-97e9-444f-9300-5d080541c645",
            "ticker": "KXHIGHNY-24NOV28-B48.5",
            "count": 1,
            "created_time": "2024-11-28T20:19:34.522957Z",
            "yes_price": 94,
            "no_price": 6,
            "taker_side": "yes"
        },
        {
            "trade_id": "943f90fc-1006-44ef-a8a8-4c6c1e5f2490",
            "ticker": "KXHIGHNY-24NOV28-B48.5",
            "count": 242,
            "created_time": "2024-11-28T20:17:59.108946Z",
            "yes_price": 94,
            "no_price": 6,
            "taker_side": "yes"
        },
        {
            "trade_id": "82ba21df-7d4b-4b50-a653-44bae3a5ac82",
            "ticker": "KXHIGHNY-24NOV28-B48.5",
            "count": 35,
            "created_time": "2024-11-28T20:17:59.108946Z",
            "yes_price": 92,
            "no_price": 8,
            "taker_side": "yes"
        },
        {
            "trade_id": "75594cdd-d425-4b11-8991-8e055b654bbc",
            "ticker": "KXHIGHNY-24NOV28-B48.5",
            "count": 24,
            "created_time": "2024-11-28T20:17:25.257468Z",
            "yes_price": 95,
            "no_price": 5,
            "taker_side": "yes"
        },
        {
            "trade_id": "b3bb116a-9caf-4bdc-b5da-d7d73b9496d1",
            "ticker": "KXHIGHNY-24NOV28-B48.5",
            "count": 7,
            "created_time": "2024-11-28T20:17:00.306357Z",
            "yes_price": 93,
            "no_price": 7,
            "taker_side": "yes"
        },
        {
            "trade_id": "71679d0f-64c1-455d-8efa-91ae1221f6a0",
            "ticker": "KXHIGHNY-24NOV28-B48.5",
            "count": 243,
            "created_time": "2024-11-28T20:17:00.306357Z",
            "yes_price": 93,
            "no_price": 7,
            "taker_side": "yes"
        },
        {
            "trade_id": "0c15764f-f026-4782-b5ed-2febc86f6069",
            "ticker": "KXHIGHNY-24NOV28-B48.5",
            "count": 3,
            "created_time": "2024-11-28T20:16:14.407985Z",
            "yes_price": 93,
            "no_price": 7,
            "taker_side": "yes"
        },
        {
            "trade_id": "f07152e1-c512-44e4-b315-cb9e9399828b",
            "ticker": "KXHIGHNY-24NOV28-B48.5",
            "count": 17,
            "created_time": "2024-11-28T20:15:46.756414Z",
            "yes_price": 91,
            "no_price": 9,
            "taker_side": "yes"
        },
        {
            "trade_id": "10774f61-eec5-45f3-97b3-73e8e39009bd",
            "ticker": "KXHIGHNY-24NOV28-B48.5",
            "count": 157,
            "created_time": "2024-11-28T20:15:25.879663Z",
            "yes_price": 88,
            "no_price": 12,
            "taker_side": "no"
        },
        {
            "trade_id": "f009bfed-93f6-4528-8655-9f3d1408f596",
            "ticker": "KXHIGHNY-24NOV28-B48.5",
            "count": 343,
            "created_time": "2024-11-28T20:15:23.242576Z",
            "yes_price": 89,
            "no_price": 11,
            "taker_side": "yes"
        },
        {
            "trade_id": "b08c3ec2-d1cd-4d85-a332-c00340f3434b",
            "ticker": "KXHIGHNY-24NOV28-B48.5",
            "count": 52,
            "created_time": "2024-11-28T20:15:23.242576Z",
            "yes_price": 91,
            "no_price": 9,
            "taker_side": "yes"
        },
        {
            "trade_id": "251db3ff-69eb-4499-9529-3cda643bcfa2",
            "ticker": "KXHIGHNY-24NOV28-B48.5",
            "count": 1,
            "created_time": "2024-11-28T20:15:05.14775Z",
            "yes_price": 89,
            "no_price": 11,
            "taker_side": "yes"
        },
        {
            "trade_id": "bc6c0d6b-2df4-4ab2-b408-6c577b1dec2f",
            "ticker": "KXHIGHNY-24NOV28-B48.5",
            "count": 31,
            "created_time": "2024-11-28T20:14:51.526632Z",
            "yes_price": 89,
            "no_price": 11,
            "taker_side": "yes"
        },
        {
            "trade_id": "80075db3-b401-4879-ad7b-e47928b722b7",
            "ticker": "KXHIGHNY-24NOV28-B48.5",
            "count": 80,
            "created_time": "2024-11-28T20:14:51.526632Z",
            "yes_price": 88,
            "no_price": 12,
            "taker_side": "yes"
        },
        {
            "trade_id": "240c0fb9-4a25-464e-9652-44945b0ab9e0",
            "ticker": "KXHIGHNY-24NOV28-B48.5",
            "count": 64,
            "created_time": "2024-11-28T20:14:30.576055Z",
            "yes_price": 89,
            "no_price": 11,
            "taker_side": "yes"
        },
        {
            "trade_id": "660d3d55-8284-4b7d-b457-fbc25c73e071",
            "ticker": "KXHIGHNY-24NOV28-B48.5",
            "count": 5,
            "created_time": "2024-11-28T20:14:14.151443Z",
            "yes_price": 89,
            "no_price": 11,
            "taker_side": "yes"
        },
        {
            "trade_id": "1f3411d2-e81c-4f02-ab3d-3a1eb25b0b23",
            "ticker": "KXHIGHNY-24NOV28-B48.5",
            "count": 15,
            "created_time": "2024-11-28T20:11:20.383631Z",
            "yes_price": 89,
            "no_price": 11,
            "taker_side": "yes"
        },
        {
            "trade_id": "398ab0a2-da25-4988-8e33-3e844f03cff1",
            "ticker": "KXHIGHNY-24NOV28-B48.5",
            "count": 35,
            "created_time": "2024-11-28T20:10:55.850978Z",
            "yes_price": 85,
            "no_price": 15,
            "taker_side": "no"
        },
        {
            "trade_id": "00d8306b-4d7e-47e8-99ad-b8330bceaa8b",
            "ticker": "KXHIGHNY-24NOV28-B48.5",
            "count": 45,
            "created_time": "2024-11-28T20:10:55.707456Z",
            "yes_price": 85,
            "no_price": 15,
            "taker_side": "no"
        },
        {
            "trade_id": "66791135-27d3-4c95-bb8d-a135eb2fab8a",
            "ticker": "KXHIGHNY-24NOV28-B48.5",
            "count": 192,
            "created_time": "2024-11-28T20:10:46.656312Z",
            "yes_price": 86,
            "no_price": 14,
            "taker_side": "no"
        },
        {
            "trade_id": "d80488ba-55e6-4a4b-96a2-348209b13903",
            "ticker": "KXHIGHNY-24NOV28-B48.5",
            "count": 6,
            "created_time": "2024-11-28T20:10:45.781941Z",
            "yes_price": 89,
            "no_price": 11,
            "taker_side": "yes"
        },
        {
            "trade_id": "fe061dda-2d32-4441-9d05-79db2bfc505c",
            "ticker": "KXHIGHNY-24NOV28-B48.5",
            "count": 35,
            "created_time": "2024-11-28T20:09:59.799983Z",
            "yes_price": 89,
            "no_price": 11,
            "taker_side": "yes"
        },
        {
            "trade_id": "88a31468-5ab5-46b2-a3a1-182fe0370c4e",
            "ticker": "KXHIGHNY-24NOV28-B48.5",
            "count": 72,
            "created_time": "2024-11-28T20:08:39.998709Z",
            "yes_price": 87,
            "no_price": 13,
            "taker_side": "no"
        },
        {
            "trade_id": "31376fed-4323-4d08-bfc6-9036af70f619",
            "ticker": "KXHIGHNY-24NOV28-B48.5",
            "count": 36,
            "created_time": "2024-11-28T20:04:06.046512Z",
            "yes_price": 87,
            "no_price": 13,
            "taker_side": "no"
        },
        {
            "trade_id": "06780373-863f-4c6f-9205-c3be6cc2582f",
            "ticker": "KXHIGHNY-24NOV28-B48.5",
            "count": 19,
            "created_time": "2024-11-28T20:03:28.743361Z",
            "yes_price": 89,
            "no_price": 11,
            "taker_side": "no"
        },
        {
            "trade_id": "43911bf2-ea32-4a0b-9f0c-fb74b94adf9a",
            "ticker": "KXHIGHNY-24NOV28-B48.5",
            "count": 10,
            "created_time": "2024-11-28T20:02:29.123835Z",
            "yes_price": 89,
            "no_price": 11,
            "taker_side": "no"
        },
        {
            "trade_id": "b6f28885-3621-4649-82b8-b45c703a248b",
            "ticker": "KXHIGHNY-24NOV28-B48.5",
            "count": 80,
            "created_time": "2024-11-28T20:00:14.191307Z",
            "yes_price": 94,
            "no_price": 6,
            "taker_side": "no"
        },
        {
            "trade_id": "efa2e2d8-5dc6-49c0-8368-febcfa21b7be",
            "ticker": "KXHIGHNY-24NOV28-B48.5",
            "count": 2,
            "created_time": "2024-11-28T19:59:58.440579Z",
            "yes_price": 90,
            "no_price": 10,
            "taker_side": "no"
        },
        {
            "trade_id": "5f236533-5d15-4cba-8bdb-df56d2c7b6fc",
            "ticker": "KXHIGHNY-24NOV28-B48.5",
            "count": 40,
            "created_time": "2024-11-28T19:59:58.440579Z",
            "yes_price": 89,
            "no_price": 11,
            "taker_side": "no"
        },
        {
            "trade_id": "6c488291-9756-47c7-9331-423afffa46a4",
            "ticker": "KXHIGHNY-24NOV28-B48.5",
            "count": 107,
            "created_time": "2024-11-28T19:56:45.149493Z",
            "yes_price": 93,
            "no_price": 7,
            "taker_side": "yes"
        },
        {
            "trade_id": "df2d3d28-b2cb-4e94-81c9-643c906cb4aa",
            "ticker": "KXHIGHNY-24NOV28-B48.5",
            "count": 1,
            "created_time": "2024-11-28T19:55:41.243049Z",
            "yes_price": 93,
            "no_price": 7,
            "taker_side": "yes"
        },
        {
            "trade_id": "5d94a953-914a-4495-bc54-b9a1d25c6791",
            "ticker": "KXHIGHNY-24NOV28-B48.5",
            "count": 4,
            "created_time": "2024-11-28T19:55:41.243049Z",
            "yes_price": 93,
            "no_price": 7,
            "taker_side": "yes"
        },
        {
            "trade_id": "25e70f3f-208c-4b42-b01f-690d914bd924",
            "ticker": "KXHIGHNY-24NOV28-B48.5",
            "count": 5,
            "created_time": "2024-11-28T19:55:41.243049Z",
            "yes_price": 92,
            "no_price": 8,
            "taker_side": "yes"
        },
        {
            "trade_id": "58b01125-a43b-42b0-9cee-83e42813820e",
            "ticker": "KXHIGHNY-24NOV28-B48.5",
            "count": 35,
            "created_time": "2024-11-28T19:55:15.870385Z",
            "yes_price": 89,
            "no_price": 11,
            "taker_side": "yes"
        },
        {
            "trade_id": "4d22886a-4860-4ff6-94e7-0378858ed7c8",
            "ticker": "KXHIGHNY-24NOV28-B48.5",
            "count": 95,
            "created_time": "2024-11-28T19:55:15.870385Z",
            "yes_price": 94,
            "no_price": 6,
            "taker_side": "yes"
        },
        {
            "trade_id": "39c61740-edf5-4436-b3be-ebb2d158c047",
            "ticker": "KXHIGHNY-24NOV28-B48.5",
            "count": 3,
            "created_time": "2024-11-28T19:55:15.870385Z",
            "yes_price": 89,
            "no_price": 11,
            "taker_side": "yes"
        },
        {
            "trade_id": "2b3b0d3c-859b-4821-9ead-53ca69557d5d",
            "ticker": "KXHIGHNY-24NOV28-B48.5",
            "count": 10,
            "created_time": "2024-11-28T19:55:15.870385Z",
            "yes_price": 90,
            "no_price": 10,
            "taker_side": "yes"
        },
        {
            "trade_id": "25b5f76d-4e96-453b-abd0-c45d28e10774",
            "ticker": "KXHIGHNY-24NOV28-B48.5",
            "count": 12,
            "created_time": "2024-11-28T19:55:15.870385Z",
            "yes_price": 88,
            "no_price": 12,
            "taker_side": "yes"
        },
        {
            "trade_id": "e8a11bff-7993-4478-8a6c-6e2701978fdd",
            "ticker": "KXHIGHNY-24NOV28-B48.5",
            "count": 53,
            "created_time": "2024-11-28T19:53:58.445183Z",
            "yes_price": 86,
            "no_price": 14,
            "taker_side": "no"
        },
        {
            "trade_id": "27b58f48-4134-4f97-a78c-38b5403c9943",
            "ticker": "KXHIGHNY-24NOV28-B48.5",
            "count": 5,
            "created_time": "2024-11-28T19:53:58.445183Z",
            "yes_price": 86,
            "no_price": 14,
            "taker_side": "no"
        },
        {
            "trade_id": "61958d29-bc17-42b8-a08b-90eeaf0260b7",
            "ticker": "KXHIGHNY-24NOV28-B48.5",
            "count": 53,
            "created_time": "2024-11-28T19:52:28.744437Z",
            "yes_price": 87,
            "no_price": 13,
            "taker_side": "yes"
        },
        {
            "trade_id": "823daa7b-3e99-4b41-9012-680ef2cd06b4",
            "ticker": "KXHIGHNY-24NOV28-B48.5",
            "count": 22,
            "created_time": "2024-11-28T19:51:05.233809Z",
            "yes_price": 85,
            "no_price": 15,
            "taker_side": "no"
        },
        {
            "trade_id": "50c47904-5d1e-4b74-aa7b-bd7bbc5a68aa",
            "ticker": "KXHIGHNY-24NOV28-B48.5",
            "count": 101,
            "created_time": "2024-11-28T19:51:05.233809Z",
            "yes_price": 86,
            "no_price": 14,
            "taker_side": "no"
        },
        {
            "trade_id": "aa430245-6b55-4a99-bf06-dbd8426d51c6",
            "ticker": "KXHIGHNY-24NOV28-B48.5",
            "count": 102,
            "created_time": "2024-11-28T19:50:29.854531Z",
            "yes_price": 86,
            "no_price": 14,
            "taker_side": "no"
        },
        {
            "trade_id": "3495f28d-7d58-4f3d-aff4-4e8ce7290d05",
            "ticker": "KXHIGHNY-24NOV28-B48.5",
            "count": 22,
            "created_time": "2024-11-28T19:50:08.16052Z",
            "yes_price": 88,
            "no_price": 12,
            "taker_side": "yes"
        },
        {
            "trade_id": "d0c5d168-7bfd-4762-ad91-c8d230acebae",
            "ticker": "KXHIGHNY-24NOV28-B48.5",
            "count": 12,
            "created_time": "2024-11-28T19:49:23.567736Z",
            "yes_price": 86,
            "no_price": 14,
            "taker_side": "yes"
        },
        {
            "trade_id": "53ef3ccc-7927-478c-ac15-70ce8bddf67f",
            "ticker": "KXHIGHNY-24NOV28-B48.5",
            "count": 165,
            "created_time": "2024-11-28T19:49:23.567736Z",
            "yes_price": 86,
            "no_price": 14,
            "taker_side": "yes"
        },
        {
            "trade_id": "07d7b64c-4b51-4c6a-98d6-de8b5bae7914",
            "ticker": "KXHIGHNY-24NOV28-B48.5",
            "count": 8,
            "created_time": "2024-11-28T19:49:04.653586Z",
            "yes_price": 86,
            "no_price": 14,
            "taker_side": "yes"
        },
        {
            "trade_id": "6e2511a3-cc36-42bc-88a2-04a4ea766daa",
            "ticker": "KXHIGHNY-24NOV28-B48.5",
            "count": 130,
            "created_time": "2024-11-28T19:49:03.096145Z",
            "yes_price": 86,
            "no_price": 14,
            "taker_side": "yes"
        },
        {
            "trade_id": "4044eee9-f06d-4ca6-99f6-ccf3e08fa97a",
            "ticker": "KXHIGHNY-24NOV28-B48.5",
            "count": 100,
            "created_time": "2024-11-28T19:49:03.096145Z",
            "yes_price": 86,
            "no_price": 14,
            "taker_side": "yes"
        },
        {
            "trade_id": "bdc4ac54-1d81-4ad1-8d58-8e313eca536d",
            "ticker": "KXHIGHNY-24NOV28-B48.5",
            "count": 68,
            "created_time": "2024-11-28T19:48:29.757806Z",
            "yes_price": 85,
            "no_price": 15,
            "taker_side": "yes"
        },
        {
            "trade_id": "a3981218-775e-4461-8500-e1863ab1afb6",
            "ticker": "KXHIGHNY-24NOV28-B48.5",
            "count": 150,
            "created_time": "2024-11-28T19:48:29.757806Z",
            "yes_price": 85,
            "no_price": 15,
            "taker_side": "yes"
        },
        {
            "trade_id": "2ea9e20a-2cae-4991-96ff-ea8610490c9a",
            "ticker": "KXHIGHNY-24NOV28-B48.5",
            "count": 30,
            "created_time": "2024-11-28T19:48:29.757806Z",
            "yes_price": 85,
            "no_price": 15,
            "taker_side": "yes"
        },
        {
            "trade_id": "5847d961-ce0d-4df0-9020-44cea3ca7794",
            "ticker": "KXHIGHNY-24NOV28-B48.5",
            "count": 20,
            "created_time": "2024-11-28T19:46:58.632685Z",
            "yes_price": 84,
            "no_price": 16,
            "taker_side": "no"
        },
        {
            "trade_id": "830dcac8-df76-4d15-b72e-caa0fff22c8d",
            "ticker": "KXHIGHNY-24NOV28-B48.5",
            "count": 9,
            "created_time": "2024-11-28T19:46:56.218453Z",
            "yes_price": 84,
            "no_price": 16,
            "taker_side": "no"
        },
        {
            "trade_id": "b50265f4-cb83-4d9d-8f4b-bb1929637fb3",
            "ticker": "KXHIGHNY-24NOV28-B48.5",
            "count": 232,
            "created_time": "2024-11-28T19:46:41.777373Z",
            "yes_price": 85,
            "no_price": 15,
            "taker_side": "yes"
        },
        {
            "trade_id": "b15c9729-96b7-4600-ae05-f6689e9664ba",
            "ticker": "KXHIGHNY-24NOV28-B48.5",
            "count": 50,
            "created_time": "2024-11-28T19:44:24.552309Z",
            "yes_price": 84,
            "no_price": 16,
            "taker_side": "no"
        },
        {
            "trade_id": "6dd6e4fe-8850-495d-be6f-67e0a40c7b51",
            "ticker": "KXHIGHNY-24NOV28-B48.5",
            "count": 42,
            "created_time": "2024-11-28T19:44:10.597529Z",
            "yes_price": 84,
            "no_price": 16,
            "taker_side": "no"
        },
        {
            "trade_id": "c6b1bed3-460c-4439-afa3-bf321139b863",
            "ticker": "KXHIGHNY-24NOV28-B48.5",
            "count": 50,
            "created_time": "2024-11-28T19:44:09.888519Z",
            "yes_price": 84,
            "no_price": 16,
            "taker_side": "no"
        },
        {
            "trade_id": "509d732b-5cba-4f99-b5a8-503232979516",
            "ticker": "KXHIGHNY-24NOV28-B48.5",
            "count": 30,
            "created_time": "2024-11-28T19:43:32.843537Z",
            "yes_price": 84,
            "no_price": 16,
            "taker_side": "no"
        },
        {
            "trade_id": "bfe7e686-e4c2-493a-b1e8-a961c20bcf92",
            "ticker": "KXHIGHNY-24NOV28-B48.5",
            "count": 95,
            "created_time": "2024-11-28T19:43:20.447407Z",
            "yes_price": 84,
            "no_price": 16,
            "taker_side": "no"
        },
        {
            "trade_id": "d568b484-eb82-4a3d-a828-6acbe5a6a692",
            "ticker": "KXHIGHNY-24NOV28-B48.5",
            "count": 5,
            "created_time": "2024-11-28T19:43:17.741951Z",
            "yes_price": 84,
            "no_price": 16,
            "taker_side": "no"
        },
        {
            "trade_id": "33d903ee-aaa9-4bfd-b7f5-2653f5cc766b",
            "ticker": "KXHIGHNY-24NOV28-B48.5",
            "count": 19,
            "created_time": "2024-11-28T19:43:11.974772Z",
            "yes_price": 84,
            "no_price": 16,
            "taker_side": "no"
        },
        {
            "trade_id": "dac9bf56-2257-45d5-b5cf-822d998c6d66",
            "ticker": "KXHIGHNY-24NOV28-B48.5",
            "count": 200,
            "created_time": "2024-11-28T19:42:36.493764Z",
            "yes_price": 84,
            "no_price": 16,
            "taker_side": "no"
        },
        {
            "trade_id": "d849e65d-4d72-4298-a785-642c7f321d8f",
            "ticker": "KXHIGHNY-24NOV28-B48.5",
            "count": 149,
            "created_time": "2024-11-28T19:42:05.35077Z",
            "yes_price": 84,
            "no_price": 16,
            "taker_side": "no"
        },
        {
            "trade_id": "53912c9a-e9c2-4f38-89b4-0452ca632b7f",
            "ticker": "KXHIGHNY-24NOV28-B48.5",
            "count": 131,
            "created_time": "2024-11-28T19:41:55.583357Z",
            "yes_price": 84,
            "no_price": 16,
            "taker_side": "no"
        },
        {
            "trade_id": "4513fe49-6f0f-4c46-b779-2554bded647b",
            "ticker": "KXHIGHNY-24NOV28-B48.5",
            "count": 30,
            "created_time": "2024-11-28T19:40:52.504717Z",
            "yes_price": 85,
            "no_price": 15,
            "taker_side": "no"
        },
        {
            "trade_id": "2350f60e-bdbd-4357-9b1a-3288a931364d",
            "ticker": "KXHIGHNY-24NOV28-B48.5",
            "count": 294,
            "created_time": "2024-11-28T19:40:52.504717Z",
            "yes_price": 84,
            "no_price": 16,
            "taker_side": "no"
        },
        {
            "trade_id": "83003475-5ae0-4ffb-b337-61b9fdc6968b",
            "ticker": "KXHIGHNY-24NOV28-B48.5",
            "count": 21,
            "created_time": "2024-11-28T19:40:01.247906Z",
            "yes_price": 84,
            "no_price": 16,
            "taker_side": "no"
        },
        {
            "trade_id": "7f1b27e8-1470-4d6f-9bb9-ff3903cdc0e7",
            "ticker": "KXHIGHNY-24NOV28-B48.5",
            "count": 78,
            "created_time": "2024-11-28T19:39:54.205206Z",
            "yes_price": 84,
            "no_price": 16,
            "taker_side": "no"
        },
        {
            "trade_id": "4c56cd4a-77f9-4e31-b543-70e896323063",
            "ticker": "KXHIGHNY-24NOV28-B48.5",
            "count": 33,
            "created_time": "2024-11-28T19:39:43.33731Z",
            "yes_price": 84,
            "no_price": 16,
            "taker_side": "no"
        },
        {
            "trade_id": "d623b2dd-cef4-407b-b3b8-2230936ba418",
            "ticker": "KXHIGHNY-24NOV28-B48.5",
            "count": 1,
            "created_time": "2024-11-28T19:39:31.164642Z",
            "yes_price": 85,
            "no_price": 15,
            "taker_side": "yes"
        },
        {
            "trade_id": "d76a8725-a6c5-48ac-8c39-25497d634880",
            "ticker": "KXHIGHNY-24NOV28-B48.5",
            "count": 8,
            "created_time": "2024-11-28T19:39:30.902677Z",
            "yes_price": 85,
            "no_price": 15,
            "taker_side": "yes"
        },
        {
            "trade_id": "1cee2784-cd13-4cae-b3d0-2ce97411bc0f",
            "ticker": "KXHIGHNY-24NOV28-B48.5",
            "count": 27,
            "created_time": "2024-11-28T19:39:27.776318Z",
            "yes_price": 85,
            "no_price": 15,
            "taker_side": "no"
        },
        {
            "trade_id": "3fc6f5b0-2d2e-4717-a6bb-a19d251ef569",
            "ticker": "KXHIGHNY-24NOV28-B48.5",
            "count": 21,
            "created_time": "2024-11-28T19:39:25.459007Z",
            "yes_price": 85,
            "no_price": 15,
            "taker_side": "no"
        },
        {
            "trade_id": "f8e7625a-e61b-458c-8a8a-0c803ef5c958",
            "ticker": "KXHIGHNY-24NOV28-B48.5",
            "count": 21,
            "created_time": "2024-11-28T19:39:25.431566Z",
            "yes_price": 85,
            "no_price": 15,
            "taker_side": "no"
        },
        {
            "trade_id": "5356e257-6b06-424b-b149-bf573c3f984d",
            "ticker": "KXHIGHNY-24NOV28-B48.5",
            "count": 45,
            "created_time": "2024-11-28T19:39:04.318496Z",
            "yes_price": 86,
            "no_price": 14,
            "taker_side": "yes"
        },
        {
            "trade_id": "122105e7-06cf-4463-9e33-52b112abc266",
            "ticker": "KXHIGHNY-24NOV28-B48.5",
            "count": 1,
            "created_time": "2024-11-28T19:38:49.726688Z",
            "yes_price": 85,
            "no_price": 15,
            "taker_side": "no"
        },
        {
            "trade_id": "e0934780-58aa-4e37-b2f2-4f2e8921255f",
            "ticker": "KXHIGHNY-24NOV28-B48.5",
            "count": 80,
            "created_time": "2024-11-28T19:38:05.996096Z",
            "yes_price": 84,
            "no_price": 16,
            "taker_side": "no"
        },
        {
            "trade_id": "7d32c53b-0f5f-4f13-bada-781be2a43c38",
            "ticker": "KXHIGHNY-24NOV28-B48.5",
            "count": 80,
            "created_time": "2024-11-28T19:38:05.974045Z",
            "yes_price": 84,
            "no_price": 16,
            "taker_side": "no"
        },
        {
            "trade_id": "faef83b5-b8a9-4e0d-9fa4-a1cb0d7b7cdf",
            "ticker": "KXHIGHNY-24NOV28-B48.5",
            "count": 126,
            "created_time": "2024-11-28T19:36:59.509406Z",
            "yes_price": 86,
            "no_price": 14,
            "taker_side": "no"
        },
        {
            "trade_id": "39e85ac6-a295-480e-b92e-5fdfcd7a74c1",
            "ticker": "KXHIGHNY-24NOV28-B48.5",
            "count": 15,
            "created_time": "2024-11-28T19:36:47.56188Z",
            "yes_price": 86,
            "no_price": 14,
            "taker_side": "no"
        },
        {
            "trade_id": "9b99f9f0-72e3-44dd-a713-9039734f10d5",
            "ticker": "KXHIGHNY-24NOV28-B48.5",
            "count": 4,
            "created_time": "2024-11-28T19:36:26.986758Z",
            "yes_price": 81,
            "no_price": 19,
            "taker_side": "no"
        },
        {
            "trade_id": "83e00b39-5dfc-4ba7-872a-f1b571d1cac3",
            "ticker": "KXHIGHNY-24NOV28-B48.5",
            "count": 2,
            "created_time": "2024-11-28T19:36:26.986758Z",
            "yes_price": 80,
            "no_price": 20,
            "taker_side": "no"
        },
        {
            "trade_id": "0c216a8b-156f-4aa4-84b1-9edb7b82a716",
            "ticker": "KXHIGHNY-24NOV28-B48.5",
            "count": 4,
            "created_time": "2024-11-28T19:36:26.986758Z",
            "yes_price": 85,
            "no_price": 15,
            "taker_side": "no"
        },
        {
            "trade_id": "1c6fe0da-42cc-42e2-b282-41084c9128bf",
            "ticker": "KXHIGHNY-24NOV28-B48.5",
            "count": 438,
            "created_time": "2024-11-28T19:36:11.258118Z",
            "yes_price": 86,
            "no_price": 14,
            "taker_side": "no"
        },
        {
            "trade_id": "3c99f41e-d837-4b60-99c1-b510684fba4b",
            "ticker": "KXHIGHNY-24NOV28-B48.5",
            "count": 12,
            "created_time": "2024-11-28T19:36:00.457045Z",
            "yes_price": 85,
            "no_price": 15,
            "taker_side": "no"
        },
        {
            "trade_id": "5c5ecef3-32a8-4361-a461-fc5900dc3393",
            "ticker": "KXHIGHNY-24NOV28-B48.5",
            "count": 50,
            "created_time": "2024-11-28T19:35:23.135082Z",
            "yes_price": 85,
            "no_price": 15,
            "taker_side": "no"
        },
        {
            "trade_id": "e05963e0-7510-4a8e-a1f6-a744a677b1ea",
            "ticker": "KXHIGHNY-24NOV28-B48.5",
            "count": 12,
            "created_time": "2024-11-28T19:34:27.284199Z",
            "yes_price": 82,
            "no_price": 18,
            "taker_side": "no"
        },
        {
            "trade_id": "b971137c-341c-4420-9959-0424070c9bb1",
            "ticker": "KXHIGHNY-24NOV28-B48.5",
            "count": 3,
            "created_time": "2024-11-28T19:34:27.284199Z",
            "yes_price": 83,
            "no_price": 17,
            "taker_side": "no"
        },
        {
            "trade_id": "b1568973-4704-47ec-ae43-0c33240c704a",
            "ticker": "KXHIGHNY-24NOV28-B48.5",
            "count": 34,
            "created_time": "2024-11-28T19:34:27.284199Z",
            "yes_price": 84,
            "no_price": 16,
            "taker_side": "no"
        },
        {
            "trade_id": "9388f79d-9d23-493a-a8e2-a1b9512377fc",
            "ticker": "KXHIGHNY-24NOV28-B48.5",
            "count": 63,
            "created_time": "2024-11-28T19:34:27.284199Z",
            "yes_price": 80,
            "no_price": 20,
            "taker_side": "no"
        },
        {
            "trade_id": "4e86c0b4-266a-47be-912f-03d34e63c09e",
            "ticker": "KXHIGHNY-24NOV28-B48.5",
            "count": 7,
            "created_time": "2024-11-28T19:33:55.122604Z",
            "yes_price": 89,
            "no_price": 11,
            "taker_side": "yes"
        },
        {
            "trade_id": "0358ea42-3afb-4631-b921-ff2f0252f656",
            "ticker": "KXHIGHNY-24NOV28-B48.5",
            "count": 50,
            "created_time": "2024-11-28T19:33:55.122604Z",
            "yes_price": 85,
            "no_price": 15,
            "taker_side": "yes"
        },
        {
            "trade_id": "c683fce5-2604-459c-961d-e34210439068",
            "ticker": "KXHIGHNY-24NOV28-B48.5",
            "count": 15,
            "created_time": "2024-11-28T19:33:48.954732Z",
            "yes_price": 85,
            "no_price": 15,
            "taker_side": "yes"
        },
        {
            "trade_id": "6303f0c8-5877-4299-aa49-c170e6f67efb",
            "ticker": "KXHIGHNY-24NOV28-B48.5",
            "count": 1,
            "created_time": "2024-11-28T19:33:07.789384Z",
            "yes_price": 85,
            "no_price": 15,
            "taker_side": "yes"
        },
        {
            "trade_id": "ed9da854-3ce1-4e4a-b5c7-91461f7a197e",
            "ticker": "KXHIGHNY-24NOV28-B48.5",
            "count": 24,
            "created_time": "2024-11-28T19:32:43.495855Z",
            "yes_price": 85,
            "no_price": 15,
            "taker_side": "no"
        },
        {
            "trade_id": "5cb633a8-5c2a-4cba-b610-840cf5a192c4",
            "ticker": "KXHIGHNY-24NOV28-B48.5",
            "count": 5,
            "created_time": "2024-11-28T19:32:43.495855Z",
            "yes_price": 85,
            "no_price": 15,
            "taker_side": "no"
        },
        {
            "trade_id": "ce2dc0d9-06d2-430d-a44d-d26c5752407e",
            "ticker": "KXHIGHNY-24NOV28-B48.5",
            "count": 100,
            "created_time": "2024-11-28T19:32:33.033417Z",
            "yes_price": 88,
            "no_price": 12,
            "taker_side": "yes"
        },
        {
            "trade_id": "9a955906-e9ab-4e0e-a28a-35a5bd420b68",
            "ticker": "KXHIGHNY-24NOV28-B48.5",
            "count": 6,
            "created_time": "2024-11-28T19:32:32.416906Z",
            "yes_price": 85,
            "no_price": 15,
            "taker_side": "no"
        },
        {
            "trade_id": "a26e57d0-4636-4a07-aa32-07f5cab98005",
            "ticker": "KXHIGHNY-24NOV28-B48.5",
            "count": 5,
            "created_time": "2024-11-28T19:32:29.11978Z",
            "yes_price": 87,
            "no_price": 13,
            "taker_side": "yes"
        },
        {
            "trade_id": "a27aad78-5bf6-4f2c-8c96-06ab6b9f3e80",
            "ticker": "KXHIGHNY-24NOV28-B48.5",
            "count": 11,
            "created_time": "2024-11-28T19:32:21.65307Z",
            "yes_price": 85,
            "no_price": 15,
            "taker_side": "no"
        },
        {
            "trade_id": "71ec4db9-5a56-4556-aca0-8d199864e084",
            "ticker": "KXHIGHNY-24NOV28-B48.5",
            "count": 17,
            "created_time": "2024-11-28T19:32:09.116955Z",
            "yes_price": 88,
            "no_price": 12,
            "taker_side": "yes"
        },
        {
            "trade_id": "0716b2fb-d0b3-49b7-97ae-ec72dfe9397c",
            "ticker": "KXHIGHNY-24NOV28-B48.5",
            "count": 33,
            "created_time": "2024-11-28T19:32:09.116955Z",
            "yes_price": 88,
            "no_price": 12,
            "taker_side": "yes"
        },
        {
            "trade_id": "9266fd57-b83e-4689-a204-7db4de6102cc",
            "ticker": "KXHIGHNY-24NOV28-B48.5",
            "count": 13,
            "created_time": "2024-11-28T19:32:07.453248Z",
            "yes_price": 86,
            "no_price": 14,
            "taker_side": "no"
        },
        {
            "trade_id": "d3518de1-3e5f-445e-9c6b-79c7f8bcc58b",
            "ticker": "KXHIGHNY-24NOV28-B48.5",
            "count": 20,
            "created_time": "2024-11-28T19:31:31.313908Z",
            "yes_price": 88,
            "no_price": 12,
            "taker_side": "yes"
        },
        {
            "trade_id": "19bb9516-4f31-4dc7-8b84-436fdc12461a",
            "ticker": "KXHIGHNY-24NOV28-B48.5",
            "count": 13,
            "created_time": "2024-11-28T19:31:26.473819Z",
            "yes_price": 86,
            "no_price": 14,
            "taker_side": "no"
        },
        {
            "trade_id": "fe053838-b144-4601-8881-58b9b09ff097",
            "ticker": "KXHIGHNY-24NOV28-B48.5",
            "count": 42,
            "created_time": "2024-11-28T19:31:00.280827Z",
            "yes_price": 86,
            "no_price": 14,
            "taker_side": "no"
        },
        {
            "trade_id": "f21e6c29-3a7f-4679-8674-2315cb6e7b71",
            "ticker": "KXHIGHNY-24NOV28-B48.5",
            "count": 10,
            "created_time": "2024-11-28T19:28:43.162338Z",
            "yes_price": 89,
            "no_price": 11,
            "taker_side": "yes"
        },
        {
            "trade_id": "8c9d6856-c256-4154-81ef-f65c8276a2ab",
            "ticker": "KXHIGHNY-24NOV28-B48.5",
            "count": 34,
            "created_time": "2024-11-28T19:28:43.162338Z",
            "yes_price": 88,
            "no_price": 12,
            "taker_side": "yes"
        },
        {
            "trade_id": "898d17df-b794-490b-92fb-6a0d6f0e758f",
            "ticker": "KXHIGHNY-24NOV28-B48.5",
            "count": 20,
            "created_time": "2024-11-28T19:28:43.162338Z",
            "yes_price": 89,
            "no_price": 11,
            "taker_side": "yes"
        },
        {
            "trade_id": "5cdb3778-7d39-41a2-aef8-5bdd899dce78",
            "ticker": "KXHIGHNY-24NOV28-B48.5",
            "count": 55,
            "created_time": "2024-11-28T19:28:43.162338Z",
            "yes_price": 87,
            "no_price": 13,
            "taker_side": "yes"
        },
        {
            "trade_id": "24cce6db-4310-4b25-a430-2e6232a5fc70",
            "ticker": "KXHIGHNY-24NOV28-B48.5",
            "count": 350,
            "created_time": "2024-11-28T19:28:43.162338Z",
            "yes_price": 89,
            "no_price": 11,
            "taker_side": "yes"
        },
        {
            "trade_id": "a1f99b20-2041-40e6-bad5-dec1b39abf27",
            "ticker": "KXHIGHNY-24NOV28-B48.5",
            "count": 1,
            "created_time": "2024-11-28T19:28:24.644522Z",
            "yes_price": 88,
            "no_price": 12,
            "taker_side": "yes"
        },
        {
            "trade_id": "40a3fa53-2f13-4ece-a461-c3add470e1d6",
            "ticker": "KXHIGHNY-24NOV28-B48.5",
            "count": 1,
            "created_time": "2024-11-28T19:28:08.48326Z",
            "yes_price": 88,
            "no_price": 12,
            "taker_side": "yes"
        },
        {
            "trade_id": "f9a9210c-e7fa-44fe-86e3-0eb3c4d5a854",
            "ticker": "KXHIGHNY-24NOV28-B48.5",
            "count": 72,
            "created_time": "2024-11-28T19:27:58.55774Z",
            "yes_price": 88,
            "no_price": 12,
            "taker_side": "yes"
        },
        {
            "trade_id": "cd6e57ca-90e5-4041-b9b5-c99ed1de2b64",
            "ticker": "KXHIGHNY-24NOV28-B48.5",
            "count": 14,
            "created_time": "2024-11-28T19:27:58.55774Z",
            "yes_price": 88,
            "no_price": 12,
            "taker_side": "yes"
        },
        {
            "trade_id": "077d5494-3536-40be-bca4-3b1b496b5137",
            "ticker": "KXHIGHNY-24NOV28-B48.5",
            "count": 50,
            "created_time": "2024-11-28T19:27:58.55774Z",
            "yes_price": 86,
            "no_price": 14,
            "taker_side": "yes"
        },
        {
            "trade_id": "881c0173-0076-43ec-ab2a-fe64c73140d4",
            "ticker": "KXHIGHNY-24NOV28-B48.5",
            "count": 203,
            "created_time": "2024-11-28T19:27:46.153018Z",
            "yes_price": 88,
            "no_price": 12,
            "taker_side": "yes"
        },
        {
            "trade_id": "47a19048-4ea3-463f-8b34-3c8bb39ee0ba",
            "ticker": "KXHIGHNY-24NOV28-B48.5",
            "count": 64,
            "created_time": "2024-11-28T19:27:46.153018Z",
            "yes_price": 87,
            "no_price": 13,
            "taker_side": "yes"
        },
        {
            "trade_id": "0149eb56-85c9-44ee-958f-1027c920fb54",
            "ticker": "KXHIGHNY-24NOV28-B48.5",
            "count": 300,
            "created_time": "2024-11-28T19:27:46.153018Z",
            "yes_price": 87,
            "no_price": 13,
            "taker_side": "yes"
        },
        {
            "trade_id": "a81aa31e-56c7-4bcd-9bdf-131f43ba8edb",
            "ticker": "KXHIGHNY-24NOV28-B48.5",
            "count": 12,
            "created_time": "2024-11-28T19:27:25.737807Z",
            "yes_price": 85,
            "no_price": 15,
            "taker_side": "no"
        },
        {
            "trade_id": "64748b2e-82db-480f-81eb-1f93a2c1dcb1",
            "ticker": "KXHIGHNY-24NOV28-B48.5",
            "count": 292,
            "created_time": "2024-11-28T19:25:35.301982Z",
            "yes_price": 85,
            "no_price": 15,
            "taker_side": "no"
        },
        {
            "trade_id": "60748d22-be75-44ea-83fa-5b871a0202b3",
            "ticker": "KXHIGHNY-24NOV28-B48.5",
            "count": 5,
            "created_time": "2024-11-28T19:24:14.408863Z",
            "yes_price": 86,
            "no_price": 14,
            "taker_side": "no"
        },
        {
            "trade_id": "4a5a36b6-d0a8-4401-8749-a272a83e450f",
            "ticker": "KXHIGHNY-24NOV28-B48.5",
            "count": 55,
            "created_time": "2024-11-28T19:24:14.408863Z",
            "yes_price": 85,
            "no_price": 15,
            "taker_side": "no"
        },
        {
            "trade_id": "e192fee8-9a87-4617-aa37-527d16cc52d0",
            "ticker": "KXHIGHNY-24NOV28-B48.5",
