{
    "KXHIGHNY-24OCT28-T55": [
        {
            "trade_id": "1634ba4b-cc73-415a-9049-9173046ab254",
            "ticker": "KXHIGHNY-24OCT28-T55",
            "count": 39,
            "created_time": "2024-10-29T02:16:49.541529Z",
            "yes_price": 1,
            "no_price": 99,
            "taker_side": "yes"
        },
        {
            "trade_id": "ce44eddc-f21a-407c-9c9d-66d7b80e5162",
            "ticker": "KXHIGHNY-24OCT28-T55",
            "count": 9214,
            "created_time": "2024-10-28T22:48:11.689382Z",
            "yes_price": 1,
            "no_price": 99,
            "taker_side": "yes"
        },
        {
            "trade_id": "90f1150b-2b19-4fad-bbcd-82e65783f62a",
            "ticker": "KXHIGHNY-24OCT28-T55",
            "count": 130,
            "created_time": "2024-10-28T22:48:11.689382Z",
            "yes_price": 1,
            "no_price": 99,
            "taker_side": "yes"
        },
        {
            "trade_id": "6467c5cb-b2ed-46af-805c-55fc89866584",
            "ticker": "KXHIGHNY-24OCT28-T55",
            "count": 1870,
            "created_time": "2024-10-28T17:38:53.221796Z",
            "yes_price": 1,
            "no_price": 99,
            "taker_side": "yes"
        }
    ],
    "KXHIGHNY-24OCT28-B55.5": [
        {
            "trade_id": "ef626c3d-b93c-4a7a-b624-22ab0c547254",
            "ticker": "KXHIGHNY-24OCT28-B55.5",
            "count": 9,
            "created_time": "2024-10-28T18:02:53.157066Z",
            "yes_price": 1,
            "no_price": 99,
            "taker_side": "yes"
        },
        {
            "trade_id": "5794a482-c5f2-4326-b616-c91861dfa1cb",
            "ticker": "KXHIGHNY-24OCT28-B55.5",
            "count": 1,
            "created_time": "2024-10-28T12:17:17.106787Z",
            "yes_price": 1,
            "no_price": 99,
            "taker_side": "no"
        },
        {
            "trade_id": "7bacc088-82ce-4900-9551-25eb05365430",
            "ticker": "KXHIGHNY-24OCT28-B55.5",
            "count": 8,
            "created_time": "2024-10-28T12:17:01.996441Z",
            "yes_price": 1,
            "no_price": 99,
            "taker_side": "no"
        }
    ],
    "KXHIGHNY-24OCT28-B57.5": [
        {
            "trade_id": "70cc8343-6c33-4e5b-b560-bf6dd7e39e08",
            "ticker": "KXHIGHNY-24OCT28-B57.5",
            "count": 95,
            "created_time": "2024-10-29T03:40:30.295767Z",
            "yes_price": 1,
            "no_price": 99,
            "taker_side": "yes"
        },
        {
            "trade_id": "68e173be-62dc-4a31-8dc4-165dcac35e63",
            "ticker": "KXHIGHNY-24OCT28-B57.5",
            "count": 10,
            "created_time": "2024-10-29T02:34:24.85806Z",
            "yes_price": 1,
            "no_price": 99,
            "taker_side": "yes"
        },
        {
            "trade_id": "e47064f2-7ed0-4365-bdc5-b0809015fc0a",
            "ticker": "KXHIGHNY-24OCT28-B57.5",
            "count": 11,
            "created_time": "2024-10-29T01:35:45.995451Z",
            "yes_price": 1,
            "no_price": 99,
            "taker_side": "yes"
        },
        {
            "trade_id": "c67cf1d0-5675-4e04-bc2f-1ff99cdc40e8",
            "ticker": "KXHIGHNY-24OCT28-B57.5",
            "count": 187,
            "created_time": "2024-10-28T23:37:05.155985Z",
            "yes_price": 1,
            "no_price": 99,
            "taker_side": "yes"
        },
        {
            "trade_id": "82c6522f-7125-4ed0-9989-d2f61f4a9e27",
            "ticker": "KXHIGHNY-24OCT28-B57.5",
            "count": 467,
            "created_time": "2024-10-28T20:50:33.077683Z",
            "yes_price": 1,
            "no_price": 99,
            "taker_side": "yes"
        },
        {
            "trade_id": "095b2bb5-195a-42e8-8e28-b607d6c6feca",
            "ticker": "KXHIGHNY-24OCT28-B57.5",
            "count": 3,
            "created_time": "2024-10-28T17:36:15.711474Z",
            "yes_price": 1,
            "no_price": 99,
            "taker_side": "yes"
        },
        {
            "trade_id": "94163336-cb4b-4ff2-b02e-852c59901b0b",
            "ticker": "KXHIGHNY-24OCT28-B57.5",
            "count": 30,
            "created_time": "2024-10-28T17:01:50.244214Z",
            "yes_price": 1,
            "no_price": 99,
            "taker_side": "yes"
        },
        {
            "trade_id": "df23a834-8400-4aa3-85d7-1ad6d7835cc4",
            "ticker": "KXHIGHNY-24OCT28-B57.5",
            "count": 47,
            "created_time": "2024-10-28T16:53:36.246576Z",
            "yes_price": 1,
            "no_price": 99,
            "taker_side": "no"
        },
        {
            "trade_id": "8f7928b4-a1ac-491c-badd-76eaf0b1458a",
            "ticker": "KXHIGHNY-24OCT28-B57.5",
            "count": 1,
            "created_time": "2024-10-28T16:52:33.601538Z",
            "yes_price": 2,
            "no_price": 98,
            "taker_side": "no"
        },
        {
            "trade_id": "9267bd83-3fdf-45a4-a647-6efee958d229",
            "ticker": "KXHIGHNY-24OCT28-B57.5",
            "count": 12,
            "created_time": "2024-10-28T16:52:23.464365Z",
            "yes_price": 2,
            "no_price": 98,
            "taker_side": "no"
        },
        {
            "trade_id": "fde63ec3-ebc2-4015-84aa-cf2fc1605d24",
            "ticker": "KXHIGHNY-24OCT28-B57.5",
            "count": 12,
            "created_time": "2024-10-28T16:52:22.302171Z",
            "yes_price": 2,
            "no_price": 98,
            "taker_side": "no"
        },
        {
            "trade_id": "8a3f6f0c-2a32-4cd8-a30e-d2c646dfb0cd",
            "ticker": "KXHIGHNY-24OCT28-B57.5",
            "count": 12,
            "created_time": "2024-10-28T16:52:20.800875Z",
            "yes_price": 3,
            "no_price": 97,
            "taker_side": "no"
        },
        {
            "trade_id": "5044d79b-d72d-4a2c-8fc4-ebf296e58001",
            "ticker": "KXHIGHNY-24OCT28-B57.5",
            "count": 5,
            "created_time": "2024-10-28T16:47:48.886873Z",
            "yes_price": 3,
            "no_price": 97,
            "taker_side": "no"
        },
        {
            "trade_id": "3020456a-d391-41e3-8102-0901f85efbb2",
            "ticker": "KXHIGHNY-24OCT28-B57.5",
            "count": 26,
            "created_time": "2024-10-28T16:47:48.886873Z",
            "yes_price": 4,
            "no_price": 96,
            "taker_side": "no"
        },
        {
            "trade_id": "c8a6a6b4-f5bb-4e1b-a4ab-0f6e857893cd",
            "ticker": "KXHIGHNY-24OCT28-B57.5",
            "count": 32,
            "created_time": "2024-10-28T16:36:06.855992Z",
            "yes_price": 4,
            "no_price": 96,
            "taker_side": "no"
        },
        {
            "trade_id": "f9b9d5eb-e9b1-4c00-9ae6-c88df5e61cb9",
            "ticker": "KXHIGHNY-24OCT28-B57.5",
            "count": 10,
            "created_time": "2024-10-28T16:21:50.128131Z",
            "yes_price": 15,
            "no_price": 85,
            "taker_side": "yes"
        },
        {
            "trade_id": "1f0405cf-084a-4ed6-9b3f-ef4821d87501",
            "ticker": "KXHIGHNY-24OCT28-B57.5",
            "count": 29,
            "created_time": "2024-10-28T16:21:50.128131Z",
            "yes_price": 16,
            "no_price": 84,
            "taker_side": "yes"
        },
        {
            "trade_id": "077ed2d1-a758-43ca-a3af-cbbff373bed1",
            "ticker": "KXHIGHNY-24OCT28-B57.5",
            "count": 10,
            "created_time": "2024-10-28T16:21:50.128131Z",
            "yes_price": 14,
            "no_price": 86,
            "taker_side": "yes"
        },
        {
            "trade_id": "e75d3da2-5a9c-4f0e-9871-1d5cc2dd0ff1",
            "ticker": "KXHIGHNY-24OCT28-B57.5",
            "count": 13,
            "created_time": "2024-10-28T16:08:52.639944Z",
            "yes_price": 4,
            "no_price": 96,
            "taker_side": "yes"
        },
        {
            "trade_id": "040cc91c-88e0-4029-91ba-2eeed555b016",
            "ticker": "KXHIGHNY-24OCT28-B57.5",
            "count": 113,
            "created_time": "2024-10-28T15:46:56.502007Z",
            "yes_price": 5,
            "no_price": 95,
            "taker_side": "no"
        },
        {
            "trade_id": "a8760110-b889-4bb1-b384-ba9fd76b8cb3",
            "ticker": "KXHIGHNY-24OCT28-B57.5",
            "count": 3,
            "created_time": "2024-10-28T15:24:01.61915Z",
            "yes_price": 5,
            "no_price": 95,
            "taker_side": "no"
        },
        {
            "trade_id": "a52fc587-123f-49b8-9be5-35e81eb3205d",
            "ticker": "KXHIGHNY-24OCT28-B57.5",
            "count": 2,
            "created_time": "2024-10-28T15:14:59.801436Z",
            "yes_price": 9,
            "no_price": 91,
            "taker_side": "no"
        },
        {
            "trade_id": "73c87edd-8fd2-4a8c-a4dc-0fe5cd39c85b",
            "ticker": "KXHIGHNY-24OCT28-B57.5",
            "count": 384,
            "created_time": "2024-10-28T15:14:59.801436Z",
            "yes_price": 5,
            "no_price": 95,
            "taker_side": "no"
        },
        {
            "trade_id": "6a7ab30c-527a-4658-a891-cb7a81d665cc",
            "ticker": "KXHIGHNY-24OCT28-B57.5",
            "count": 6,
            "created_time": "2024-10-28T15:14:59.801436Z",
            "yes_price": 5,
            "no_price": 95,
            "taker_side": "no"
        },
        {
            "trade_id": "0a12d8e2-fcf0-4965-882b-bd2e2eb21599",
            "ticker": "KXHIGHNY-24OCT28-B57.5",
            "count": 40,
            "created_time": "2024-10-28T15:14:59.801436Z",
            "yes_price": 7,
            "no_price": 93,
            "taker_side": "no"
        },
        {
            "trade_id": "5d852028-1958-4b98-88b7-8ca77f4b4a27",
            "ticker": "KXHIGHNY-24OCT28-B57.5",
            "count": 11,
            "created_time": "2024-10-28T14:33:39.83011Z",
            "yes_price": 10,
            "no_price": 90,
            "taker_side": "no"
        },
        {
            "trade_id": "8f741876-a667-42fa-88c6-22916440417b",
            "ticker": "KXHIGHNY-24OCT28-B57.5",
            "count": 2,
            "created_time": "2024-10-28T14:03:28.638601Z",
            "yes_price": 19,
            "no_price": 81,
            "taker_side": "yes"
        },
        {
            "trade_id": "65d239b4-f4f5-4886-96b9-cbe800275ed2",
            "ticker": "KXHIGHNY-24OCT28-B57.5",
            "count": 50,
            "created_time": "2024-10-28T14:03:28.638601Z",
            "yes_price": 18,
            "no_price": 82,
            "taker_side": "yes"
        },
        {
            "trade_id": "d70c310b-5956-4a85-9092-31d99e182468",
            "ticker": "KXHIGHNY-24OCT28-B57.5",
            "count": 3,
            "created_time": "2024-10-28T13:49:56.82659Z",
            "yes_price": 9,
            "no_price": 91,
            "taker_side": "no"
        },
        {
            "trade_id": "38d3c3fb-1e1a-4bde-b7e8-0dbb8d456492",
            "ticker": "KXHIGHNY-24OCT28-B57.5",
            "count": 17,
            "created_time": "2024-10-28T13:48:17.027245Z",
            "yes_price": 11,
            "no_price": 89,
            "taker_side": "no"
        },
        {
            "trade_id": "db845e50-7ba6-4276-a671-2e68a0b33e0a",
            "ticker": "KXHIGHNY-24OCT28-B57.5",
            "count": 1,
            "created_time": "2024-10-28T13:48:13.234009Z",
            "yes_price": 11,
            "no_price": 89,
            "taker_side": "no"
        },
        {
            "trade_id": "5aa5a80f-7e10-4506-ada8-482670c83909",
            "ticker": "KXHIGHNY-24OCT28-B57.5",
            "count": 7,
            "created_time": "2024-10-28T13:48:06.748277Z",
            "yes_price": 11,
            "no_price": 89,
            "taker_side": "no"
        },
        {
            "trade_id": "c3865b65-28df-4246-926b-48dfa17f90ee",
            "ticker": "KXHIGHNY-24OCT28-B57.5",
            "count": 11,
            "created_time": "2024-10-28T13:47:52.205305Z",
            "yes_price": 11,
            "no_price": 89,
            "taker_side": "no"
        },
        {
            "trade_id": "fb38218f-9667-4a5b-9f55-494ab25fdae9",
            "ticker": "KXHIGHNY-24OCT28-B57.5",
            "count": 10,
            "created_time": "2024-10-28T12:40:33.072998Z",
            "yes_price": 10,
            "no_price": 90,
            "taker_side": "no"
        },
        {
            "trade_id": "fdec8e46-1ace-4763-abb4-cb23299c3dd4",
            "ticker": "KXHIGHNY-24OCT28-B57.5",
            "count": 31,
            "created_time": "2024-10-28T12:38:20.785297Z",
            "yes_price": 15,
            "no_price": 85,
            "taker_side": "yes"
        },
        {
            "trade_id": "949756af-96e0-49e1-95e0-236bf29ec7c8",
            "ticker": "KXHIGHNY-24OCT28-B57.5",
            "count": 5,
            "created_time": "2024-10-28T12:30:06.70524Z",
            "yes_price": 10,
            "no_price": 90,
            "taker_side": "no"
        },
        {
            "trade_id": "cdb622bf-b360-4a75-ae68-dcbd4727ceec",
            "ticker": "KXHIGHNY-24OCT28-B57.5",
            "count": 7,
            "created_time": "2024-10-28T12:29:37.03518Z",
            "yes_price": 11,
            "no_price": 89,
            "taker_side": "no"
        },
        {
            "trade_id": "40af033b-59ef-4ef3-9422-cf9ec56c3924",
            "ticker": "KXHIGHNY-24OCT28-B57.5",
            "count": 9,
            "created_time": "2024-10-28T12:29:24.202383Z",
            "yes_price": 11,
            "no_price": 89,
            "taker_side": "no"
        },
        {
            "trade_id": "b5d44a0f-8033-4738-91c0-724bf4c5c1b1",
            "ticker": "KXHIGHNY-24OCT28-B57.5",
            "count": 1,
            "created_time": "2024-10-28T12:17:17.654059Z",
            "yes_price": 11,
            "no_price": 89,
            "taker_side": "no"
        },
        {
            "trade_id": "f21ec828-a098-4c05-ae0b-5dd82f33b45e",
            "ticker": "KXHIGHNY-24OCT28-B57.5",
            "count": 8,
            "created_time": "2024-10-28T12:17:01.303614Z",
            "yes_price": 11,
            "no_price": 89,
            "taker_side": "no"
        },
        {
            "trade_id": "4d6aaa4e-61aa-425d-bdb5-ded76ef4b6e2",
            "ticker": "KXHIGHNY-24OCT28-B57.5",
            "count": 100,
            "created_time": "2024-10-28T12:08:32.61726Z",
            "yes_price": 16,
            "no_price": 84,
            "taker_side": "yes"
        },
        {
            "trade_id": "f828f757-9ac7-4624-bef2-4fdcc51e5ad4",
            "ticker": "KXHIGHNY-24OCT28-B57.5",
            "count": 100,
            "created_time": "2024-10-28T12:07:59.418336Z",
            "yes_price": 15,
            "no_price": 85,
            "taker_side": "yes"
        },
        {
            "trade_id": "e32103fb-a2ec-40cf-a3d8-c598a20a1d9b",
            "ticker": "KXHIGHNY-24OCT28-B57.5",
            "count": 100,
            "created_time": "2024-10-28T06:41:34.135641Z",
            "yes_price": 16,
            "no_price": 84,
            "taker_side": "yes"
        },
        {
            "trade_id": "b7f6d56c-ff6e-411c-b338-31b3d48acb39",
            "ticker": "KXHIGHNY-24OCT28-B57.5",
            "count": 3,
            "created_time": "2024-10-28T06:41:00.552006Z",
            "yes_price": 13,
            "no_price": 87,
            "taker_side": "yes"
        },
        {
            "trade_id": "b13af433-ba6f-4704-a4c5-dd6a5a6790b6",
            "ticker": "KXHIGHNY-24OCT28-B57.5",
            "count": 93,
            "created_time": "2024-10-28T06:41:00.552006Z",
            "yes_price": 13,
            "no_price": 87,
            "taker_side": "yes"
        },
        {
            "trade_id": "98a6e7c1-001e-469c-bc96-0adce63bf8d9",
            "ticker": "KXHIGHNY-24OCT28-B57.5",
            "count": 100,
            "created_time": "2024-10-28T06:41:00.552006Z",
            "yes_price": 15,
            "no_price": 85,
            "taker_side": "yes"
        },
        {
            "trade_id": "97536e62-cc1a-4851-b4fb-9cb04396b14f",
            "ticker": "KXHIGHNY-24OCT28-B57.5",
            "count": 100,
            "created_time": "2024-10-28T06:41:00.552006Z",
            "yes_price": 15,
            "no_price": 85,
            "taker_side": "yes"
        },
        {
            "trade_id": "26bdeae4-1fd4-41cb-9b21-ee64769da3c3",
            "ticker": "KXHIGHNY-24OCT28-B57.5",
            "count": 200,
            "created_time": "2024-10-28T06:41:00.552006Z",
            "yes_price": 14,
            "no_price": 86,
            "taker_side": "yes"
        },
        {
            "trade_id": "03ec0164-f015-4406-b4a6-eafae86cdd2d",
            "ticker": "KXHIGHNY-24OCT28-B57.5",
            "count": 4,
            "created_time": "2024-10-28T06:41:00.552006Z",
            "yes_price": 13,
            "no_price": 87,
            "taker_side": "yes"
        },
        {
            "trade_id": "abfd3daa-51b2-40ca-8151-38794fe1990f",
            "ticker": "KXHIGHNY-24OCT28-B57.5",
            "count": 3,
            "created_time": "2024-10-28T06:14:10.425936Z",
            "yes_price": 13,
            "no_price": 87,
            "taker_side": "yes"
        },
        {
            "trade_id": "c714683d-4766-47fe-81b3-0dc249a1cb93",
            "ticker": "KXHIGHNY-24OCT28-B57.5",
            "count": 4,
            "created_time": "2024-10-28T06:13:13.665139Z",
            "yes_price": 13,
            "no_price": 87,
            "taker_side": "yes"
        },
        {
            "trade_id": "5dbfa98f-e46e-42ce-a4d2-691829d0b5a1",
            "ticker": "KXHIGHNY-24OCT28-B57.5",
            "count": 10,
            "created_time": "2024-10-28T03:21:26.358555Z",
            "yes_price": 13,
            "no_price": 87,
            "taker_side": "yes"
        },
        {
            "trade_id": "a64c0139-1f54-47bd-b857-3aa80b4a6767",
            "ticker": "KXHIGHNY-24OCT28-B57.5",
            "count": 50,
            "created_time": "2024-10-28T03:05:38.974311Z",
            "yes_price": 13,
            "no_price": 87,
            "taker_side": "yes"
        },
        {
            "trade_id": "144145b3-bff4-4f68-8eb3-a84bd6935436",
            "ticker": "KXHIGHNY-24OCT28-B57.5",
            "count": 34,
            "created_time": "2024-10-28T02:48:11.286581Z",
            "yes_price": 13,
            "no_price": 87,
            "taker_side": "yes"
        },
        {
            "trade_id": "f18033f4-a0ed-424e-8cbf-9adbbca57049",
            "ticker": "KXHIGHNY-24OCT28-B57.5",
            "count": 1,
            "created_time": "2024-10-28T02:13:06.108143Z",
            "yes_price": 13,
            "no_price": 87,
            "taker_side": "yes"
        },
        {
            "trade_id": "ef5646a8-5a7f-4d59-aa7d-82a03cb121ef",
            "ticker": "KXHIGHNY-24OCT28-B57.5",
            "count": 3,
            "created_time": "2024-10-28T01:00:59.665827Z",
            "yes_price": 12,
            "no_price": 88,
            "taker_side": "no"
        },
        {
            "trade_id": "5ff658a2-81d7-4c42-b6d7-5b2f71842fec",
            "ticker": "KXHIGHNY-24OCT28-B57.5",
            "count": 40,
            "created_time": "2024-10-28T00:05:26.577787Z",
            "yes_price": 16,
            "no_price": 84,
            "taker_side": "yes"
        },
        {
            "trade_id": "5c20f127-2317-4504-89c9-38b030ab1357",
            "ticker": "KXHIGHNY-24OCT28-B57.5",
            "count": 20,
            "created_time": "2024-10-28T00:05:26.577787Z",
            "yes_price": 15,
            "no_price": 85,
            "taker_side": "yes"
        },
        {
            "trade_id": "c351a084-d3d3-4df3-8f89-3c72fefb1b39",
            "ticker": "KXHIGHNY-24OCT28-B57.5",
            "count": 31,
            "created_time": "2024-10-27T22:54:17.685917Z",
            "yes_price": 18,
            "no_price": 82,
            "taker_side": "yes"
        },
        {
            "trade_id": "2eeb3699-2d03-4550-92b0-8de16e452848",
            "ticker": "KXHIGHNY-24OCT28-B57.5",
            "count": 100,
            "created_time": "2024-10-27T22:54:17.685917Z",
            "yes_price": 17,
            "no_price": 83,
            "taker_side": "yes"
        },
        {
            "trade_id": "fb81d89b-eb5f-4b9e-8f35-3d03a920d4ee",
            "ticker": "KXHIGHNY-24OCT28-B57.5",
            "count": 23,
            "created_time": "2024-10-27T21:25:23.987107Z",
            "yes_price": 22,
            "no_price": 78,
            "taker_side": "no"
        },
        {
            "trade_id": "bece26de-c0c6-46a9-8c4b-6b67fa429d69",
            "ticker": "KXHIGHNY-24OCT28-B57.5",
            "count": 91,
            "created_time": "2024-10-27T21:24:15.56429Z",
            "yes_price": 24,
            "no_price": 76,
            "taker_side": "yes"
        },
        {
            "trade_id": "0c836607-5af2-422c-84ad-7311a20cefe1",
            "ticker": "KXHIGHNY-24OCT28-B57.5",
            "count": 8,
            "created_time": "2024-10-27T21:24:15.56429Z",
            "yes_price": 23,
            "no_price": 77,
            "taker_side": "yes"
        },
        {
            "trade_id": "7974bae1-757a-428f-a32a-f0895a79ec13",
            "ticker": "KXHIGHNY-24OCT28-B57.5",
            "count": 200,
            "created_time": "2024-10-27T14:16:59.272424Z",
            "yes_price": 17,
            "no_price": 83,
            "taker_side": "yes"
        }
    ],
    "KXHIGHNY-24OCT28-B59.5": [
        {
            "trade_id": "a63f5b15-2bcd-43e5-be28-8e62ceaeafa4",
            "ticker": "KXHIGHNY-24OCT28-B59.5",
            "count": 1168,
            "created_time": "2024-10-29T03:09:14.416048Z",
            "yes_price": 1,
            "no_price": 99,
            "taker_side": "yes"
        },
        {
            "trade_id": "54638590-5273-456a-81e7-6cdc4fcf36d1",
            "ticker": "KXHIGHNY-24OCT28-B59.5",
            "count": 828,
            "created_time": "2024-10-29T02:22:51.159941Z",
            "yes_price": 1,
            "no_price": 99,
            "taker_side": "yes"
        },
        {
            "trade_id": "16532bdd-e3c0-4663-830a-6a4fe14d248d",
            "ticker": "KXHIGHNY-24OCT28-B59.5",
            "count": 106,
            "created_time": "2024-10-29T02:22:51.159941Z",
            "yes_price": 1,
            "no_price": 99,
            "taker_side": "yes"
        },
        {
            "trade_id": "fb35f3db-aec0-46f7-98ee-3a4138a48df2",
            "ticker": "KXHIGHNY-24OCT28-B59.5",
            "count": 935,
            "created_time": "2024-10-29T02:05:28.178901Z",
            "yes_price": 1,
            "no_price": 99,
            "taker_side": "yes"
        },
        {
            "trade_id": "801334d1-a2cb-4820-897f-80ae4df4fd0c",
            "ticker": "KXHIGHNY-24OCT28-B59.5",
            "count": 18,
            "created_time": "2024-10-29T01:35:25.134909Z",
            "yes_price": 1,
            "no_price": 99,
            "taker_side": "yes"
        },
        {
            "trade_id": "0c4ec744-4b0a-459a-b186-7aa3da641842",
            "ticker": "KXHIGHNY-24OCT28-B59.5",
            "count": 93,
            "created_time": "2024-10-29T00:41:44.416542Z",
            "yes_price": 1,
            "no_price": 99,
            "taker_side": "yes"
        },
        {
            "trade_id": "c4ba5322-0537-4028-b06f-e79b12de5769",
            "ticker": "KXHIGHNY-24OCT28-B59.5",
            "count": 93,
            "created_time": "2024-10-29T00:28:11.072896Z",
            "yes_price": 1,
            "no_price": 99,
            "taker_side": "yes"
        },
        {
            "trade_id": "e8ae7e03-40b9-46a2-adb7-795c1dc62e0a",
            "ticker": "KXHIGHNY-24OCT28-B59.5",
            "count": 467,
            "created_time": "2024-10-29T00:21:51.669901Z",
            "yes_price": 1,
            "no_price": 99,
            "taker_side": "yes"
        },
        {
            "trade_id": "37d773fc-c46c-4de5-9057-38d83d2f1f06",
            "ticker": "KXHIGHNY-24OCT28-B59.5",
            "count": 6546,
            "created_time": "2024-10-28T22:43:45.162515Z",
            "yes_price": 1,
            "no_price": 99,
            "taker_side": "yes"
        },
        {
            "trade_id": "488c586c-7ecb-4a8c-81c5-20ba8c3cd69c",
            "ticker": "KXHIGHNY-24OCT28-B59.5",
            "count": 93,
            "created_time": "2024-10-28T21:59:03.944597Z",
            "yes_price": 1,
            "no_price": 99,
            "taker_side": "yes"
        },
        {
            "trade_id": "55e59627-3331-4756-b6b7-833e102e6317",
            "ticker": "KXHIGHNY-24OCT28-B59.5",
            "count": 1288,
            "created_time": "2024-10-28T21:58:58.639767Z",
            "yes_price": 1,
            "no_price": 99,
            "taker_side": "yes"
        },
        {
            "trade_id": "d713824f-3657-4cb6-af75-3c350f8cd39a",
            "ticker": "KXHIGHNY-24OCT28-B59.5",
            "count": 93,
            "created_time": "2024-10-28T21:10:26.343704Z",
            "yes_price": 1,
            "no_price": 99,
            "taker_side": "yes"
        },
        {
            "trade_id": "0f5718ae-88c6-4a18-a66c-ee04e8c9476f",
            "ticker": "KXHIGHNY-24OCT28-B59.5",
            "count": 187,
            "created_time": "2024-10-28T21:02:11.665374Z",
            "yes_price": 1,
            "no_price": 99,
            "taker_side": "yes"
        },
        {
            "trade_id": "2bfdbcbb-bdeb-4b0e-9318-669049c982c9",
            "ticker": "KXHIGHNY-24OCT28-B59.5",
            "count": 8,
            "created_time": "2024-10-28T20:32:27.832814Z",
            "yes_price": 1,
            "no_price": 99,
            "taker_side": "yes"
        },
        {
            "trade_id": "09e70595-e2e4-47c8-b3cc-ad111f87bf84",
            "ticker": "KXHIGHNY-24OCT28-B59.5",
            "count": 467,
            "created_time": "2024-10-28T20:22:10.869227Z",
            "yes_price": 1,
            "no_price": 99,
            "taker_side": "yes"
        },
        {
            "trade_id": "9709d987-41c0-42e1-9370-fff7d91b3be3",
            "ticker": "KXHIGHNY-24OCT28-B59.5",
            "count": 93,
            "created_time": "2024-10-28T20:13:08.533379Z",
            "yes_price": 1,
            "no_price": 99,
            "taker_side": "yes"
        },
        {
            "trade_id": "cd5448d5-5322-46bf-a133-aa1542b81df4",
            "ticker": "KXHIGHNY-24OCT28-B59.5",
            "count": 467,
            "created_time": "2024-10-28T19:57:07.834525Z",
            "yes_price": 1,
            "no_price": 99,
            "taker_side": "yes"
        },
        {
            "trade_id": "e4c9e76d-d99e-4d42-b318-6e3d3f31651a",
            "ticker": "KXHIGHNY-24OCT28-B59.5",
            "count": 57,
            "created_time": "2024-10-28T19:55:05.947162Z",
            "yes_price": 1,
            "no_price": 99,
            "taker_side": "yes"
        },
        {
            "trade_id": "5fa28175-e13c-44e7-b041-b0e8d2cc0ec0",
            "ticker": "KXHIGHNY-24OCT28-B59.5",
            "count": 935,
            "created_time": "2024-10-28T19:50:00.161009Z",
            "yes_price": 1,
            "no_price": 99,
            "taker_side": "yes"
        },
        {
            "trade_id": "c65fe85a-4662-4b6e-93b8-ee802a774862",
            "ticker": "KXHIGHNY-24OCT28-B59.5",
            "count": 467,
            "created_time": "2024-10-28T19:37:26.969782Z",
            "yes_price": 1,
            "no_price": 99,
            "taker_side": "yes"
        },
        {
            "trade_id": "729b812e-2a9b-4236-a7e7-753554f60365",
            "ticker": "KXHIGHNY-24OCT28-B59.5",
            "count": 17,
            "created_time": "2024-10-28T19:08:01.868523Z",
            "yes_price": 1,
            "no_price": 99,
            "taker_side": "yes"
        },
        {
            "trade_id": "b2328646-37ac-49fe-bc68-cfeff413e838",
            "ticker": "KXHIGHNY-24OCT28-B59.5",
            "count": 200,
            "created_time": "2024-10-28T18:58:52.481576Z",
            "yes_price": 1,
            "no_price": 99,
            "taker_side": "yes"
        },
        {
            "trade_id": "25b8aeca-2537-4000-98e0-79c12078ae45",
            "ticker": "KXHIGHNY-24OCT28-B59.5",
            "count": 100,
            "created_time": "2024-10-28T18:57:14.198081Z",
            "yes_price": 1,
            "no_price": 99,
            "taker_side": "yes"
        },
        {
            "trade_id": "3d74877d-cc00-4f61-8713-9e0b7144f06f",
            "ticker": "KXHIGHNY-24OCT28-B59.5",
            "count": 935,
            "created_time": "2024-10-28T18:54:17.803675Z",
            "yes_price": 1,
            "no_price": 99,
            "taker_side": "yes"
        },
        {
            "trade_id": "1549e5c3-8e02-4fa7-aa7e-c0bea6c300ea",
            "ticker": "KXHIGHNY-24OCT28-B59.5",
            "count": 748,
            "created_time": "2024-10-28T18:37:23.301114Z",
            "yes_price": 1,
            "no_price": 99,
            "taker_side": "yes"
        },
        {
            "trade_id": "d55bb47b-4653-4e75-90ce-a1206c2fafd3",
            "ticker": "KXHIGHNY-24OCT28-B59.5",
            "count": 46,
            "created_time": "2024-10-28T18:21:13.58851Z",
            "yes_price": 1,
            "no_price": 99,
            "taker_side": "yes"
        },
        {
            "trade_id": "6f11d6f6-a383-4224-b22f-3305916d7807",
            "ticker": "KXHIGHNY-24OCT28-B59.5",
            "count": 210,
            "created_time": "2024-10-28T18:09:41.186847Z",
            "yes_price": 1,
            "no_price": 99,
            "taker_side": "yes"
        },
        {
            "trade_id": "5a6693a2-2427-44cf-99b8-90a499c7d8fd",
            "ticker": "KXHIGHNY-24OCT28-B59.5",
            "count": 101,
            "created_time": "2024-10-28T18:09:41.186847Z",
            "yes_price": 1,
            "no_price": 99,
            "taker_side": "yes"
        },
        {
            "trade_id": "5296db0e-3ab4-4202-8deb-3a1dc3dcd332",
            "ticker": "KXHIGHNY-24OCT28-B59.5",
            "count": 55,
            "created_time": "2024-10-28T18:09:41.186847Z",
            "yes_price": 1,
            "no_price": 99,
            "taker_side": "yes"
        },
        {
            "trade_id": "1791a898-018f-431e-aabf-406efc78af31",
            "ticker": "KXHIGHNY-24OCT28-B59.5",
            "count": 101,
            "created_time": "2024-10-28T18:09:41.186847Z",
            "yes_price": 1,
            "no_price": 99,
            "taker_side": "yes"
        },
        {
            "trade_id": "d281bea2-f9c2-44f8-a44f-baf334f268a7",
            "ticker": "KXHIGHNY-24OCT28-B59.5",
            "count": 11,
            "created_time": "2024-10-28T18:05:43.676721Z",
            "yes_price": 1,
            "no_price": 99,
            "taker_side": "yes"
        },
        {
            "trade_id": "2b7e6180-fc1a-43e5-99ad-941a0f06d75f",
            "ticker": "KXHIGHNY-24OCT28-B59.5",
            "count": 46,
            "created_time": "2024-10-28T18:05:43.676721Z",
            "yes_price": 1,
            "no_price": 99,
            "taker_side": "yes"
        },
        {
            "trade_id": "efefeef1-be92-4178-9f13-3a82b3a16063",
            "ticker": "KXHIGHNY-24OCT28-B59.5",
            "count": 2,
            "created_time": "2024-10-28T18:01:07.524802Z",
            "yes_price": 1,
            "no_price": 99,
            "taker_side": "yes"
        },
        {
            "trade_id": "2651a87d-8e8e-41c4-adff-51efa4c51961",
            "ticker": "KXHIGHNY-24OCT28-B59.5",
            "count": 33,
            "created_time": "2024-10-28T17:58:55.57545Z",
            "yes_price": 1,
            "no_price": 99,
            "taker_side": "yes"
        },
        {
            "trade_id": "e37c8244-3ecb-454f-9f4d-2a9394079db7",
            "ticker": "KXHIGHNY-24OCT28-B59.5",
            "count": 193,
            "created_time": "2024-10-28T17:55:16.921274Z",
            "yes_price": 1,
            "no_price": 99,
            "taker_side": "yes"
        },
        {
            "trade_id": "d60bc906-e184-45cf-bda2-aebd1e8f7441",
            "ticker": "KXHIGHNY-24OCT28-B59.5",
            "count": 55,
            "created_time": "2024-10-28T17:55:16.921274Z",
            "yes_price": 1,
            "no_price": 99,
            "taker_side": "yes"
        },
        {
            "trade_id": "080d3e6a-7085-4189-916c-c033929a2caa",
            "ticker": "KXHIGHNY-24OCT28-B59.5",
            "count": 218,
            "created_time": "2024-10-28T17:55:16.921274Z",
            "yes_price": 1,
            "no_price": 99,
            "taker_side": "yes"
        },
        {
            "trade_id": "f429d87d-9b9a-4d52-9f65-4d6290ca3910",
            "ticker": "KXHIGHNY-24OCT28-B59.5",
            "count": 15,
            "created_time": "2024-10-28T17:54:09.081292Z",
            "yes_price": 1,
            "no_price": 99,
            "taker_side": "yes"
        },
        {
            "trade_id": "3827cacf-eb5b-4a1e-929d-85c66f414972",
            "ticker": "KXHIGHNY-24OCT28-B59.5",
            "count": 25,
            "created_time": "2024-10-28T17:54:09.081292Z",
            "yes_price": 1,
            "no_price": 99,
            "taker_side": "yes"
        },
        {
            "trade_id": "7722779c-63fb-4381-8d81-39eba251827e",
            "ticker": "KXHIGHNY-24OCT28-B59.5",
            "count": 6,
            "created_time": "2024-10-28T17:54:06.853527Z",
            "yes_price": 1,
            "no_price": 99,
            "taker_side": "yes"
        },
        {
            "trade_id": "48c52c59-d867-4584-b434-7076d366bf78",
            "ticker": "KXHIGHNY-24OCT28-B59.5",
            "count": 4,
            "created_time": "2024-10-28T17:54:06.606584Z",
            "yes_price": 1,
            "no_price": 99,
            "taker_side": "yes"
        },
        {
            "trade_id": "d73b6cf3-6413-489e-b843-b66ecf57fc29",
            "ticker": "KXHIGHNY-24OCT28-B59.5",
            "count": 5,
            "created_time": "2024-10-28T17:54:06.261229Z",
            "yes_price": 1,
            "no_price": 99,
            "taker_side": "yes"
        },
        {
            "trade_id": "edef152d-b10e-4de7-9444-2c2c90dfb73e",
            "ticker": "KXHIGHNY-24OCT28-B59.5",
            "count": 70,
            "created_time": "2024-10-28T17:54:06.130588Z",
            "yes_price": 2,
            "no_price": 98,
            "taker_side": "no"
        },
        {
            "trade_id": "619ab2d1-df01-49a6-a55d-0b586836af99",
            "ticker": "KXHIGHNY-24OCT28-B59.5",
            "count": 100,
            "created_time": "2024-10-28T17:54:06.130588Z",
            "yes_price": 2,
            "no_price": 98,
            "taker_side": "no"
        },
        {
            "trade_id": "20ea17d7-ae05-46b6-be7c-e3d3db151ea3",
            "ticker": "KXHIGHNY-24OCT28-B59.5",
            "count": 20,
            "created_time": "2024-10-28T17:54:06.130588Z",
            "yes_price": 1,
            "no_price": 99,
            "taker_side": "no"
        },
        {
            "trade_id": "eaea11ec-7b2f-48f8-b3c2-5805b90596df",
            "ticker": "KXHIGHNY-24OCT28-B59.5",
            "count": 7,
            "created_time": "2024-10-28T17:54:06.076105Z",
            "yes_price": 9,
            "no_price": 91,
            "taker_side": "no"
        },
        {
            "trade_id": "d6762fd1-2b7d-4a68-9b64-5d356df75c63",
            "ticker": "KXHIGHNY-24OCT28-B59.5",
            "count": 7,
            "created_time": "2024-10-28T17:54:06.076105Z",
            "yes_price": 5,
            "no_price": 95,
            "taker_side": "no"
        },
        {
            "trade_id": "7d32c1ec-2591-473b-8ca0-d88901d5a7de",
            "ticker": "KXHIGHNY-24OCT28-B59.5",
            "count": 7,
            "created_time": "2024-10-28T17:54:06.076105Z",
            "yes_price": 2,
            "no_price": 98,
            "taker_side": "no"
        },
        {
            "trade_id": "4056bedb-1da9-4d3f-862d-1559c6e437ed",
            "ticker": "KXHIGHNY-24OCT28-B59.5",
            "count": 100,
            "created_time": "2024-10-28T17:54:06.076105Z",
            "yes_price": 3,
            "no_price": 97,
            "taker_side": "no"
        },
        {
            "trade_id": "38e4e890-543f-4c56-892a-29eaa43ef05b",
            "ticker": "KXHIGHNY-24OCT28-B59.5",
            "count": 40,
            "created_time": "2024-10-28T17:54:06.076105Z",
            "yes_price": 17,
            "no_price": 83,
            "taker_side": "no"
        },
        {
            "trade_id": "287e4d57-71d4-4bda-8622-5d4979b18661",
            "ticker": "KXHIGHNY-24OCT28-B59.5",
            "count": 10,
            "created_time": "2024-10-28T17:54:06.076105Z",
            "yes_price": 2,
            "no_price": 98,
            "taker_side": "no"
        },
        {
            "trade_id": "0ef41360-1f93-42bf-9407-d9afcf1ee1a5",
            "ticker": "KXHIGHNY-24OCT28-B59.5",
            "count": 57,
            "created_time": "2024-10-28T17:54:06.076105Z",
            "yes_price": 3,
            "no_price": 97,
            "taker_side": "no"
        },
        {
            "trade_id": "e204ce75-718c-4e0e-94fd-15aeea5da7e6",
            "ticker": "KXHIGHNY-24OCT28-B59.5",
            "count": 15,
            "created_time": "2024-10-28T17:54:04.131342Z",
            "yes_price": 26,
            "no_price": 74,
            "taker_side": "no"
        },
        {
            "trade_id": "cf82ab28-848c-4bef-b8f7-2855cde790a7",
            "ticker": "KXHIGHNY-24OCT28-B59.5",
            "count": 4,
            "created_time": "2024-10-28T17:54:04.131342Z",
            "yes_price": 31,
            "no_price": 69,
            "taker_side": "no"
        },
        {
            "trade_id": "b0e7e0a2-7bb6-496e-a446-f10bef2429f3",
            "ticker": "KXHIGHNY-24OCT28-B59.5",
            "count": 5,
            "created_time": "2024-10-28T17:54:04.131342Z",
            "yes_price": 30,
            "no_price": 70,
            "taker_side": "no"
        },
        {
            "trade_id": "681f05fd-bfed-4930-920a-8e81a9acb075",
            "ticker": "KXHIGHNY-24OCT28-B59.5",
            "count": 8,
            "created_time": "2024-10-28T17:54:04.131342Z",
            "yes_price": 18,
            "no_price": 82,
            "taker_side": "no"
        },
        {
            "trade_id": "18ea5998-71f2-48e0-a66a-a1bbb8a0f590",
            "ticker": "KXHIGHNY-24OCT28-B59.5",
            "count": 1,
            "created_time": "2024-10-28T17:39:44.488511Z",
            "yes_price": 33,
            "no_price": 67,
            "taker_side": "no"
        },
        {
            "trade_id": "16a51cf0-30ae-41de-a2e7-467137725780",
            "ticker": "KXHIGHNY-24OCT28-B59.5",
            "count": 16,
            "created_time": "2024-10-28T17:39:44.488511Z",
            "yes_price": 32,
            "no_price": 68,
            "taker_side": "no"
        },
        {
            "trade_id": "02bcc21b-547c-45c0-aad7-ab773108a605",
            "ticker": "KXHIGHNY-24OCT28-B59.5",
            "count": 3,
            "created_time": "2024-10-28T17:39:44.488511Z",
            "yes_price": 28,
            "no_price": 72,
            "taker_side": "no"
        },
        {
            "trade_id": "8590973b-3937-4980-b52f-a95da2534d11",
            "ticker": "KXHIGHNY-24OCT28-B59.5",
            "count": 1,
            "created_time": "2024-10-28T17:31:42.853486Z",
            "yes_price": 22,
            "no_price": 78,
            "taker_side": "no"
        },
        {
            "trade_id": "254c3a94-7985-4d85-af88-4ab7b5b0207d",
            "ticker": "KXHIGHNY-24OCT28-B59.5",
            "count": 15,
            "created_time": "2024-10-28T17:31:20.518548Z",
            "yes_price": 17,
            "no_price": 83,
            "taker_side": "no"
        },
        {
            "trade_id": "1e188a20-dee3-4280-9289-898e37e50a99",
            "ticker": "KXHIGHNY-24OCT28-B59.5",
            "count": 1,
            "created_time": "2024-10-28T17:31:20.518548Z",
            "yes_price": 24,
            "no_price": 76,
            "taker_side": "no"
        },
        {
            "trade_id": "db6f74c6-582b-49bf-9bd6-add6cadef06b",
            "ticker": "KXHIGHNY-24OCT28-B59.5",
            "count": 1,
            "created_time": "2024-10-28T17:29:42.973242Z",
            "yes_price": 21,
            "no_price": 79,
            "taker_side": "no"
        },
        {
            "trade_id": "b13d77da-b6b6-45c0-9ea6-78e95874238c",
            "ticker": "KXHIGHNY-24OCT28-B59.5",
            "count": 2,
            "created_time": "2024-10-28T17:29:42.973242Z",
            "yes_price": 16,
            "no_price": 84,
            "taker_side": "no"
        },
        {
            "trade_id": "a600f274-a44a-4d1c-af63-718095999585",
            "ticker": "KXHIGHNY-24OCT28-B59.5",
            "count": 38,
            "created_time": "2024-10-28T17:29:42.973242Z",
            "yes_price": 17,
            "no_price": 83,
            "taker_side": "no"
        },
        {
            "trade_id": "ff2ec906-f221-4f34-adcd-e1d97317c18c",
            "ticker": "KXHIGHNY-24OCT28-B59.5",
            "count": 2,
            "created_time": "2024-10-28T17:29:20.401746Z",
            "yes_price": 26,
            "no_price": 74,
            "taker_side": "no"
        },
        {
            "trade_id": "11ef8bd9-ddb4-42e4-9e47-53ed5f2c6a63",
            "ticker": "KXHIGHNY-24OCT28-B59.5",
            "count": 3,
            "created_time": "2024-10-28T17:29:20.401746Z",
            "yes_price": 24,
            "no_price": 76,
            "taker_side": "no"
        },
        {
            "trade_id": "74abe1ef-8209-464f-8562-66af4bc7cf1b",
            "ticker": "KXHIGHNY-24OCT28-B59.5",
            "count": 12,
            "created_time": "2024-10-28T17:25:16.170016Z",
            "yes_price": 40,
            "no_price": 60,
            "taker_side": "yes"
        },
        {
            "trade_id": "7f36b1a0-dadd-416c-a775-39a8525a3252",
            "ticker": "KXHIGHNY-24OCT28-B59.5",
            "count": 24,
            "created_time": "2024-10-28T17:25:06.265681Z",
            "yes_price": 39,
            "no_price": 61,
            "taker_side": "yes"
        },
        {
            "trade_id": "be37b54c-245f-4828-8469-b23c8283ac53",
            "ticker": "KXHIGHNY-24OCT28-B59.5",
            "count": 10,
            "created_time": "2024-10-28T17:23:14.037568Z",
            "yes_price": 37,
            "no_price": 63,
            "taker_side": "no"
        },
        {
            "trade_id": "1a10e989-83fb-43c7-ba30-2163719052a3",
            "ticker": "KXHIGHNY-24OCT28-B59.5",
            "count": 8,
            "created_time": "2024-10-28T17:22:58.638684Z",
            "yes_price": 37,
            "no_price": 63,
            "taker_side": "no"
        },
        {
            "trade_id": "717be269-8e4e-4413-8572-3b30deef2f4c",
            "ticker": "KXHIGHNY-24OCT28-B59.5",
            "count": 4,
            "created_time": "2024-10-28T17:21:55.750072Z",
            "yes_price": 24,
            "no_price": 76,
            "taker_side": "no"
        },
        {
            "trade_id": "4c9c4479-dda3-4d52-8460-2b8c68540d6d",
            "ticker": "KXHIGHNY-24OCT28-B59.5",
            "count": 1,
            "created_time": "2024-10-28T17:21:55.750072Z",
            "yes_price": 25,
            "no_price": 75,
            "taker_side": "no"
        },
        {
            "trade_id": "d7455127-60b3-4005-ba98-a21782880d3b",
            "ticker": "KXHIGHNY-24OCT28-B59.5",
            "count": 2,
            "created_time": "2024-10-28T17:16:49.455685Z",
            "yes_price": 41,
            "no_price": 59,
            "taker_side": "no"
        },
        {
            "trade_id": "ae9c33d2-9f4e-4ddc-bda7-d43f20ecc7d5",
            "ticker": "KXHIGHNY-24OCT28-B59.5",
            "count": 23,
            "created_time": "2024-10-28T17:16:49.455685Z",
            "yes_price": 34,
            "no_price": 66,
            "taker_side": "no"
        },
        {
            "trade_id": "906f7bfc-f9f4-4715-8085-72db7c62e00c",
            "ticker": "KXHIGHNY-24OCT28-B59.5",
            "count": 10,
            "created_time": "2024-10-28T17:16:49.455685Z",
            "yes_price": 34,
            "no_price": 66,
            "taker_side": "no"
        },
        {
            "trade_id": "86905da8-6d96-4e49-a797-4dca7700885c",
            "ticker": "KXHIGHNY-24OCT28-B59.5",
            "count": 2,
            "created_time": "2024-10-28T17:16:49.455685Z",
            "yes_price": 35,
            "no_price": 65,
            "taker_side": "no"
        },
        {
            "trade_id": "6e5550ad-9052-4362-95a4-1ccbb4372ac9",
            "ticker": "KXHIGHNY-24OCT28-B59.5",
            "count": 30,
            "created_time": "2024-10-28T17:16:49.455685Z",
            "yes_price": 35,
            "no_price": 65,
            "taker_side": "no"
        },
        {
            "trade_id": "68fdfca6-adb0-402c-a993-0a39197dfd2a",
            "ticker": "KXHIGHNY-24OCT28-B59.5",
            "count": 5,
            "created_time": "2024-10-28T17:16:49.455685Z",
            "yes_price": 34,
            "no_price": 66,
            "taker_side": "no"
        },
        {
            "trade_id": "c93a3e9b-31f3-4805-8ac6-2945cc0f7a08",
            "ticker": "KXHIGHNY-24OCT28-B59.5",
            "count": 16,
            "created_time": "2024-10-28T17:16:34.59124Z",
            "yes_price": 41,
            "no_price": 59,
            "taker_side": "no"
        },
        {
            "trade_id": "4249f5c8-6373-4f0f-81e4-c0142763b90b",
            "ticker": "KXHIGHNY-24OCT28-B59.5",
            "count": 3,
            "created_time": "2024-10-28T17:16:29.599515Z",
            "yes_price": 42,
            "no_price": 58,
            "taker_side": "no"
        },
        {
            "trade_id": "73c2fa24-ecf2-4d05-9fd1-693a71589c99",
            "ticker": "KXHIGHNY-24OCT28-B59.5",
            "count": 9,
            "created_time": "2024-10-28T17:14:04.636542Z",
            "yes_price": 43,
            "no_price": 57,
            "taker_side": "no"
        },
        {
            "trade_id": "a0353308-cf49-497b-ba8b-95df068042f9",
            "ticker": "KXHIGHNY-24OCT28-B59.5",
            "count": 4,
            "created_time": "2024-10-28T17:13:22.824734Z",
            "yes_price": 46,
            "no_price": 54,
            "taker_side": "no"
        },
        {
            "trade_id": "989bee5d-6111-40f7-83a0-76cde199ce60",
            "ticker": "KXHIGHNY-24OCT28-B59.5",
            "count": 16,
            "created_time": "2024-10-28T17:13:08.075344Z",
            "yes_price": 47,
            "no_price": 53,
            "taker_side": "no"
        },
        {
            "trade_id": "e6aaea0c-e24e-47c7-b9fc-25fbf921e258",
            "ticker": "KXHIGHNY-24OCT28-B59.5",
            "count": 2,
            "created_time": "2024-10-28T17:11:33.471241Z",
            "yes_price": 47,
            "no_price": 53,
            "taker_side": "no"
        },
        {
            "trade_id": "dbd2e317-e0e5-4646-b664-26706ec84897",
            "ticker": "KXHIGHNY-24OCT28-B59.5",
            "count": 3,
            "created_time": "2024-10-28T17:04:39.248767Z",
            "yes_price": 59,
            "no_price": 41,
            "taker_side": "yes"
        },
        {
            "trade_id": "868874e5-6181-40eb-a0a6-2a06cdc705fd",
            "ticker": "KXHIGHNY-24OCT28-B59.5",
            "count": 13,
            "created_time": "2024-10-28T17:00:43.748639Z",
            "yes_price": 53,
            "no_price": 47,
            "taker_side": "no"
        },
        {
            "trade_id": "26b0fe31-70c9-4a35-b3fb-dc5c2fd07d0e",
            "ticker": "KXHIGHNY-24OCT28-B59.5",
            "count": 2,
            "created_time": "2024-10-28T16:55:45.336454Z",
            "yes_price": 68,
            "no_price": 32,
            "taker_side": "yes"
        },
        {
            "trade_id": "c87e6d99-3022-49fd-9604-42befdb1ad4f",
            "ticker": "KXHIGHNY-24OCT28-B59.5",
            "count": 13,
            "created_time": "2024-10-28T16:54:14.828607Z",
            "yes_price": 70,
            "no_price": 30,
            "taker_side": "yes"
        },
        {
            "trade_id": "4725c832-1250-4591-917a-29be7715dcd0",
            "ticker": "KXHIGHNY-24OCT28-B59.5",
            "count": 4,
            "created_time": "2024-10-28T16:35:33.238665Z",
            "yes_price": 59,
            "no_price": 41,
            "taker_side": "yes"
        },
        {
            "trade_id": "dc0440c4-a733-47b2-8b0c-038df81929ed",
            "ticker": "KXHIGHNY-24OCT28-B59.5",
            "count": 16,
            "created_time": "2024-10-28T16:32:40.283453Z",
            "yes_price": 58,
            "no_price": 42,
            "taker_side": "yes"
        },
        {
            "trade_id": "5ce6f493-01e5-4e1e-8e2c-b4c9939b59c5",
            "ticker": "KXHIGHNY-24OCT28-B59.5",
            "count": 16,
            "created_time": "2024-10-28T16:25:46.695912Z",
            "yes_price": 57,
            "no_price": 43,
            "taker_side": "yes"
        },
        {
            "trade_id": "37ba7892-e1ad-4c86-92c1-4ed5b4e6f63b",
            "ticker": "KXHIGHNY-24OCT28-B59.5",
            "count": 1,
            "created_time": "2024-10-28T16:25:46.695912Z",
            "yes_price": 56,
            "no_price": 44,
            "taker_side": "yes"
        },
        {
            "trade_id": "078df6df-98e1-4b1c-b48d-08333e4642fc",
            "ticker": "KXHIGHNY-24OCT28-B59.5",
            "count": 25,
            "created_time": "2024-10-28T16:25:46.695912Z",
            "yes_price": 58,
            "no_price": 42,
            "taker_side": "yes"
        },
        {
            "trade_id": "df23fbe6-af0f-4096-9a2b-f3772491959a",
            "ticker": "KXHIGHNY-24OCT28-B59.5",
            "count": 75,
            "created_time": "2024-10-28T16:12:25.611774Z",
            "yes_price": 58,
            "no_price": 42,
            "taker_side": "no"
        },
        {
            "trade_id": "8c1d49a5-d1f6-4565-ae89-566e90305443",
            "ticker": "KXHIGHNY-24OCT28-B59.5",
            "count": 3,
            "created_time": "2024-10-28T16:12:25.611774Z",
            "yes_price": 31,
            "no_price": 69,
            "taker_side": "no"
        },
        {
            "trade_id": "7530fb44-9831-47ef-a8f7-86f9fd94536c",
            "ticker": "KXHIGHNY-24OCT28-B59.5",
            "count": 2,
            "created_time": "2024-10-28T16:12:25.611774Z",
            "yes_price": 41,
            "no_price": 59,
            "taker_side": "no"
        },
        {
            "trade_id": "57d0ca77-ea95-45fe-ab2b-897fac2e15e5",
            "ticker": "KXHIGHNY-24OCT28-B59.5",
            "count": 16,
            "created_time": "2024-10-28T16:12:25.611774Z",
            "yes_price": 32,
            "no_price": 68,
            "taker_side": "no"
        },
        {
            "trade_id": "25e8e177-d8cc-4409-88a3-d93de45a4621",
            "ticker": "KXHIGHNY-24OCT28-B59.5",
            "count": 4,
            "created_time": "2024-10-28T16:12:25.611774Z",
            "yes_price": 53,
            "no_price": 47,
            "taker_side": "no"
        },
        {
            "trade_id": "ae82baf1-f26c-4c36-bfe8-b3da372b26ce",
            "ticker": "KXHIGHNY-24OCT28-B59.5",
            "count": 22,
            "created_time": "2024-10-28T16:09:40.847476Z",
            "yes_price": 59,
            "no_price": 41,
            "taker_side": "no"
        },
        {
            "trade_id": "68779e55-1434-401f-972a-9872ff67fd7c",
            "ticker": "KXHIGHNY-24OCT28-B59.5",
            "count": 34,
            "created_time": "2024-10-28T15:56:39.343362Z",
            "yes_price": 71,
            "no_price": 29,
            "taker_side": "yes"
        },
        {
            "trade_id": "b77a63f7-863f-4a85-850e-05320a7607a9",
            "ticker": "KXHIGHNY-24OCT28-B59.5",
            "count": 10,
            "created_time": "2024-10-28T15:54:32.628279Z",
            "yes_price": 61,
            "no_price": 39,
            "taker_side": "yes"
        },
        {
            "trade_id": "27e2d270-cd8b-4fd7-b520-d1669d6c6048",
            "ticker": "KXHIGHNY-24OCT28-B59.5",
            "count": 24,
            "created_time": "2024-10-28T15:54:32.628279Z",
            "yes_price": 60,
            "no_price": 40,
            "taker_side": "yes"
        },
        {
            "trade_id": "0d5df0bc-c21f-483a-81ee-b3db31ca1b44",
            "ticker": "KXHIGHNY-24OCT28-B59.5",
            "count": 3,
            "created_time": "2024-10-28T15:48:10.705349Z",
            "yes_price": 60,
            "no_price": 40,
            "taker_side": "yes"
        },
        {
            "trade_id": "2c8133d1-997d-4c01-b5f3-e2db29a45562",
            "ticker": "KXHIGHNY-24OCT28-B59.5",
            "count": 2,
            "created_time": "2024-10-28T15:35:44.660283Z",
            "yes_price": 59,
            "no_price": 41,
            "taker_side": "yes"
        },
        {
            "trade_id": "a8699254-482e-4648-9be7-32c8c10b410a",
            "ticker": "KXHIGHNY-24OCT28-B59.5",
            "count": 2,
            "created_time": "2024-10-28T15:34:59.172718Z",
            "yes_price": 52,
            "no_price": 48,
            "taker_side": "no"
        },
        {
            "trade_id": "2acc44c8-8aa9-48a1-a329-b204e6f4b6e2",
            "ticker": "KXHIGHNY-24OCT28-B59.5",
            "count": 12,
            "created_time": "2024-10-28T15:34:59.172718Z",
            "yes_price": 53,
            "no_price": 47,
            "taker_side": "no"
        },
        {
            "trade_id": "84a2bbdc-1659-487b-b41c-416fcd3dcafa",
            "ticker": "KXHIGHNY-24OCT28-B59.5",
            "count": 7,
            "created_time": "2024-10-28T15:02:14.318675Z",
            "yes_price": 60,
            "no_price": 40,
            "taker_side": "yes"
        },
        {
            "trade_id": "90286824-1d80-4013-a332-4190d6e19cdd",
            "ticker": "KXHIGHNY-24OCT28-B59.5",
            "count": 16,
            "created_time": "2024-10-28T14:49:39.899427Z",
            "yes_price": 59,
            "no_price": 41,
            "taker_side": "yes"
        },
        {
            "trade_id": "ee5c81f1-f639-4b9d-952c-37725730d5c3",
            "ticker": "KXHIGHNY-24OCT28-B59.5",
            "count": 16,
            "created_time": "2024-10-28T14:41:06.431342Z",
            "yes_price": 57,
            "no_price": 43,
            "taker_side": "yes"
        },
        {
            "trade_id": "dd8a94ba-0080-4688-9ba7-1cddb8c5ce2d",
            "ticker": "KXHIGHNY-24OCT28-B59.5",
            "count": 14,
            "created_time": "2024-10-28T14:40:00.340413Z",
            "yes_price": 53,
            "no_price": 47,
            "taker_side": "yes"
        },
        {
            "trade_id": "5ccfe10d-c014-47df-9410-95725ca799eb",
            "ticker": "KXHIGHNY-24OCT28-B59.5",
            "count": 18,
            "created_time": "2024-10-28T14:33:16.270915Z",
            "yes_price": 48,
            "no_price": 52,
            "taker_side": "no"
        },
        {
            "trade_id": "3e42aa0e-1790-48a5-b088-f03bccfe242b",
            "ticker": "KXHIGHNY-24OCT28-B59.5",
            "count": 56,
            "created_time": "2024-10-28T14:30:50.645809Z",
            "yes_price": 56,
            "no_price": 44,
            "taker_side": "yes"
        },
        {
            "trade_id": "1f03f960-8c7e-4b4a-b090-32fe225fc6dc",
            "ticker": "KXHIGHNY-24OCT28-B59.5",
            "count": 16,
            "created_time": "2024-10-28T14:12:02.467897Z",
            "yes_price": 58,
            "no_price": 42,
            "taker_side": "yes"
        },
        {
            "trade_id": "21b0cdef-57ce-4c36-b337-0501a913d995",
            "ticker": "KXHIGHNY-24OCT28-B59.5",
            "count": 8,
            "created_time": "2024-10-28T14:06:05.02161Z",
            "yes_price": 55,
            "no_price": 45,
            "taker_side": "yes"
        },
        {
            "trade_id": "e614f73b-d398-4043-af82-e95c4e66d316",
            "ticker": "KXHIGHNY-24OCT28-B59.5",
            "count": 17,
            "created_time": "2024-10-28T14:05:53.218995Z",
            "yes_price": 55,
            "no_price": 45,
            "taker_side": "yes"
        },
        {
            "trade_id": "7bd3b8db-63c7-4a77-9fb8-0eac36834fea",
            "ticker": "KXHIGHNY-24OCT28-B59.5",
            "count": 9,
            "created_time": "2024-10-28T13:58:54.854741Z",
            "yes_price": 53,
            "no_price": 47,
            "taker_side": "yes"
        },
        {
            "trade_id": "3d63f33d-cfc7-4626-9f60-71409750229f",
            "ticker": "KXHIGHNY-24OCT28-B59.5",
            "count": 18,
            "created_time": "2024-10-28T13:53:27.597849Z",
            "yes_price": 47,
            "no_price": 53,
            "taker_side": "no"
        },
        {
            "trade_id": "c7adfba7-14a4-48d2-b81c-a898c5eef941",
            "ticker": "KXHIGHNY-24OCT28-B59.5",
            "count": 49,
            "created_time": "2024-10-28T13:51:22.404524Z",
            "yes_price": 49,
            "no_price": 51,
            "taker_side": "yes"
        },
        {
            "trade_id": "a850e84a-6580-457e-bd87-bbf1f41d8aac",
            "ticker": "KXHIGHNY-24OCT28-B59.5",
            "count": 1,
            "created_time": "2024-10-28T13:50:36.077912Z",
            "yes_price": 47,
            "no_price": 53,
            "taker_side": "no"
        },
        {
            "trade_id": "9caef078-4d43-4fa3-944b-fa321427fb9f",
            "ticker": "KXHIGHNY-24OCT28-B59.5",
            "count": 20,
            "created_time": "2024-10-28T13:48:45.360144Z",
            "yes_price": 49,
            "no_price": 51,
            "taker_side": "yes"
        },
        {
            "trade_id": "c8ee25bf-44c7-450d-9654-226f31b6d42f",
            "ticker": "KXHIGHNY-24OCT28-B59.5",
            "count": 17,
            "created_time": "2024-10-28T13:48:17.896843Z",
            "yes_price": 47,
            "no_price": 53,
            "taker_side": "no"
        },
        {
            "trade_id": "51ae23f3-804c-4dfd-8363-cb6f39e07d79",
            "ticker": "KXHIGHNY-24OCT28-B59.5",
            "count": 1,
            "created_time": "2024-10-28T13:48:12.644013Z",
            "yes_price": 47,
            "no_price": 53,
            "taker_side": "no"
        },
        {
            "trade_id": "8351b073-a248-402a-a7bf-22d6182133fd",
            "ticker": "KXHIGHNY-24OCT28-B59.5",
            "count": 7,
            "created_time": "2024-10-28T13:48:06.188028Z",
            "yes_price": 47,
            "no_price": 53,
            "taker_side": "no"
        },
        {
            "trade_id": "da877478-faee-44c5-b6bb-4d9346eaad39",
            "ticker": "KXHIGHNY-24OCT28-B59.5",
            "count": 11,
            "created_time": "2024-10-28T13:47:52.209589Z",
            "yes_price": 47,
            "no_price": 53,
            "taker_side": "no"
        },
        {
            "trade_id": "2c01bcb4-51e7-43c9-8841-c71c0a22622d",
            "ticker": "KXHIGHNY-24OCT28-B59.5",
            "count": 5,
            "created_time": "2024-10-28T13:46:25.386679Z",
            "yes_price": 49,
            "no_price": 51,
            "taker_side": "yes"
        },
        {
            "trade_id": "c7cec61b-2b59-414c-a986-2b720a9d2af8",
            "ticker": "KXHIGHNY-24OCT28-B59.5",
            "count": 100,
            "created_time": "2024-10-28T13:40:37.999927Z",
            "yes_price": 48,
            "no_price": 52,
            "taker_side": "no"
        },
        {
            "trade_id": "26a82798-58f3-459c-b569-246a9fcbc6c6",
            "ticker": "KXHIGHNY-24OCT28-B59.5",
            "count": 15,
            "created_time": "2024-10-28T12:48:47.481427Z",
            "yes_price": 52,
            "no_price": 48,
            "taker_side": "yes"
        },
        {
            "trade_id": "09f3dc91-95d1-48fa-9fb9-383eab5ca9cf",
            "ticker": "KXHIGHNY-24OCT28-B59.5",
            "count": 21,
            "created_time": "2024-10-28T12:48:47.481427Z",
            "yes_price": 54,
            "no_price": 46,
            "taker_side": "yes"
        },
        {
            "trade_id": "4256e822-b895-4aa2-b096-c8efc22959f5",
            "ticker": "KXHIGHNY-24OCT28-B59.5",
            "count": 8,
            "created_time": "2024-10-28T12:40:32.456119Z",
            "yes_price": 50,
            "no_price": 50,
            "taker_side": "no"
        },
        {
            "trade_id": "4452efda-2899-4942-86b2-74f6e576c811",
            "ticker": "KXHIGHNY-24OCT28-B59.5",
            "count": 17,
            "created_time": "2024-10-28T12:40:21.397303Z",
            "yes_price": 50,
            "no_price": 50,
            "taker_side": "no"
        },
        {
            "trade_id": "16a2c4c8-4fc7-4452-b8a0-8edbe6aa2b41",
            "ticker": "KXHIGHNY-24OCT28-B59.5",
            "count": 68,
            "created_time": "2024-10-28T12:38:25.666154Z",
            "yes_price": 57,
            "no_price": 43,
            "taker_side": "yes"
        },
        {
            "trade_id": "c9c02d4e-eef1-4a2e-8f87-83638ed74007",
            "ticker": "KXHIGHNY-24OCT28-B59.5",
            "count": 17,
            "created_time": "2024-10-28T12:37:43.506298Z",
            "yes_price": 57,
            "no_price": 43,
            "taker_side": "yes"
        },
        {
            "trade_id": "3d44aff9-41a9-4f20-b1f4-df27af59612d",
            "ticker": "KXHIGHNY-24OCT28-B59.5",
            "count": 5,
            "created_time": "2024-10-28T12:30:05.931424Z",
            "yes_price": 54,
            "no_price": 46,
            "taker_side": "no"
        },
        {
            "trade_id": "f2364fd5-1c8a-48b4-aead-688186e65611",
            "ticker": "KXHIGHNY-24OCT28-B59.5",
            "count": 7,
            "created_time": "2024-10-28T12:29:37.608994Z",
            "yes_price": 54,
            "no_price": 46,
            "taker_side": "no"
        },
        {
            "trade_id": "423c6b0d-fca8-4ba4-8b44-4bb8d91760e2",
            "ticker": "KXHIGHNY-24OCT28-B59.5",
            "count": 69,
            "created_time": "2024-10-28T12:29:26.882695Z",
            "yes_price": 56,
            "no_price": 44,
            "taker_side": "yes"
        },
        {
            "trade_id": "ab572ca5-bbee-4a46-b4c5-443a26996c49",
            "ticker": "KXHIGHNY-24OCT28-B59.5",
            "count": 9,
            "created_time": "2024-10-28T12:29:23.515282Z",
            "yes_price": 54,
            "no_price": 46,
            "taker_side": "no"
        },
        {
            "trade_id": "73891603-2365-4792-b4b5-07553cc600af",
            "ticker": "KXHIGHNY-24OCT28-B59.5",
            "count": 20,
            "created_time": "2024-10-28T12:26:45.051943Z",
            "yes_price": 54,
            "no_price": 46,
            "taker_side": "no"
        },
        {
            "trade_id": "2f413a52-fd47-4e40-9989-a7cc1f616cb4",
            "ticker": "KXHIGHNY-24OCT28-B59.5",
            "count": 100,
            "created_time": "2024-10-28T12:26:08.298282Z",
            "yes_price": 54,
            "no_price": 46,
            "taker_side": "yes"
        },
        {
            "trade_id": "a8f2e1f3-8e59-4b3c-a8c4-37027b2f1216",
            "ticker": "KXHIGHNY-24OCT28-B59.5",
            "count": 2,
            "created_time": "2024-10-28T12:18:50.040226Z",
            "yes_price": 52,
            "no_price": 48,
            "taker_side": "no"
        },
        {
            "trade_id": "6104de73-3eb9-42d3-be0f-cb2f71afd3c6",
            "ticker": "KXHIGHNY-24OCT28-B59.5",
            "count": 1,
            "created_time": "2024-10-28T12:17:18.356571Z",
            "yes_price": 52,
            "no_price": 48,
            "taker_side": "no"
        },
        {
            "trade_id": "d8eee619-e3d2-4418-b3c5-82bf8c8d24bc",
            "ticker": "KXHIGHNY-24OCT28-B59.5",
            "count": 8,
            "created_time": "2024-10-28T12:16:59.736553Z",
            "yes_price": 52,
            "no_price": 48,
            "taker_side": "no"
        },
        {
            "trade_id": "e43d4f05-b84d-4f25-ab29-edeb59bb95f5",
            "ticker": "KXHIGHNY-24OCT28-B59.5",
            "count": 17,
            "created_time": "2024-10-28T12:15:14.825755Z",
            "yes_price": 56,
            "no_price": 44,
            "taker_side": "yes"
        },
        {
            "trade_id": "f91607df-adbb-4ed2-b324-c1293e960e14",
            "ticker": "KXHIGHNY-24OCT28-B59.5",
            "count": 12,
            "created_time": "2024-10-28T12:10:33.704486Z",
            "yes_price": 58,
            "no_price": 42,
            "taker_side": "yes"
        },
        {
            "trade_id": "19fb4eea-f859-412a-bbb7-d39ddee9a6bd",
            "ticker": "KXHIGHNY-24OCT28-B59.5",
            "count": 2,
            "created_time": "2024-10-28T12:08:52.047611Z",
            "yes_price": 52,
            "no_price": 48,
            "taker_side": "no"
        },
        {
            "trade_id": "1db317a9-709f-4a24-bf63-c2b123a68881",
            "ticker": "KXHIGHNY-24OCT28-B59.5",
            "count": 33,
            "created_time": "2024-10-28T12:02:09.308215Z",
            "yes_price": 58,
            "no_price": 42,
            "taker_side": "yes"
        },
        {
            "trade_id": "b039711d-825b-4045-a6f7-c130c38ae80f",
            "ticker": "KXHIGHNY-24OCT28-B59.5",
            "count": 25,
            "created_time": "2024-10-28T12:00:28.26735Z",
            "yes_price": 55,
            "no_price": 45,
            "taker_side": "yes"
        },
        {
            "trade_id": "3de1cbf0-bc61-41c5-9963-d1d497148290",
            "ticker": "KXHIGHNY-24OCT28-B59.5",
            "count": 26,
            "created_time": "2024-10-28T12:00:28.26735Z",
            "yes_price": 58,
            "no_price": 42,
            "taker_side": "yes"
        },
        {
            "trade_id": "cb2eae7b-d99c-430f-815f-9bf88451d8a8",
            "ticker": "KXHIGHNY-24OCT28-B59.5",
            "count": 100,
            "created_time": "2024-10-28T06:41:20.521798Z",
            "yes_price": 53,
            "no_price": 47,
            "taker_side": "yes"
        },
        {
            "trade_id": "4aec6dca-291c-4f00-bc7a-ed31d0d01a2f",
            "ticker": "KXHIGHNY-24OCT28-B59.5",
            "count": 19,
            "created_time": "2024-10-28T06:41:20.521798Z",
            "yes_price": 53,
            "no_price": 47,
            "taker_side": "yes"
        },
        {
            "trade_id": "16d9a575-2e5e-47a2-978d-9ed126e78802",
            "ticker": "KXHIGHNY-24OCT28-B59.5",
            "count": 100,
            "created_time": "2024-10-28T06:41:20.521798Z",
            "yes_price": 54,
            "no_price": 46,
            "taker_side": "yes"
        },
        {
            "trade_id": "961d0972-1bab-4f49-ba1b-61a85ec58ca6",
            "ticker": "KXHIGHNY-24OCT28-B59.5",
            "count": 20,
            "created_time": "2024-10-28T06:33:04.009125Z",
            "yes_price": 46,
            "no_price": 54,
            "taker_side": "no"
        },
        {
            "trade_id": "28218e34-34de-4561-ad40-93074528135d",
            "ticker": "KXHIGHNY-24OCT28-B59.5",
            "count": 1,
            "created_time": "2024-10-28T06:33:04.009125Z",
            "yes_price": 45,
            "no_price": 55,
            "taker_side": "no"
        },
        {
            "trade_id": "ba83c19d-ea81-4406-8929-e36c122591c4",
            "ticker": "KXHIGHNY-24OCT28-B59.5",
            "count": 58,
            "created_time": "2024-10-28T04:44:31.432072Z",
            "yes_price": 42,
            "no_price": 58,
            "taker_side": "no"
        },
        {
            "trade_id": "5fa95f3b-4a7a-416c-a468-d7313fb12e59",
            "ticker": "KXHIGHNY-24OCT28-B59.5",
            "count": 20,
            "created_time": "2024-10-28T04:34:52.050629Z",
            "yes_price": 44,
            "no_price": 56,
            "taker_side": "no"
        },
        {
            "trade_id": "5cc50f63-3ed3-4966-8d32-800d690a7e6d",
            "ticker": "KXHIGHNY-24OCT28-B59.5",
            "count": 17,
            "created_time": "2024-10-28T04:19:08.075212Z",
            "yes_price": 44,
            "no_price": 56,
            "taker_side": "no"
        },
        {
            "trade_id": "b91a9443-7b38-47cb-95ff-d21f7454f7d9",
            "ticker": "KXHIGHNY-24OCT28-B59.5",
            "count": 100,
            "created_time": "2024-10-28T04:09:03.360331Z",
            "yes_price": 50,
            "no_price": 50,
            "taker_side": "yes"
        },
        {
            "trade_id": "90622d4d-90a5-4fb5-9490-d75140fbddb8",
            "ticker": "KXHIGHNY-24OCT28-B59.5",
            "count": 8,
            "created_time": "2024-10-28T04:09:03.360331Z",
            "yes_price": 50,
            "no_price": 50,
            "taker_side": "yes"
        },
        {
            "trade_id": "65b8140b-e7dc-405a-86c4-a80cdf643792",
            "ticker": "KXHIGHNY-24OCT28-B59.5",
            "count": 48,
            "created_time": "2024-10-28T04:09:03.360331Z",
            "yes_price": 51,
            "no_price": 49,
            "taker_side": "yes"
        },
        {
            "trade_id": "1ee1542c-bbf4-4adf-b813-42d84170354d",
            "ticker": "KXHIGHNY-24OCT28-B59.5",
            "count": 17,
            "created_time": "2024-10-28T04:09:03.360331Z",
            "yes_price": 49,
            "no_price": 51,
            "taker_side": "yes"
        },
        {
            "trade_id": "d92d6db9-15c9-480a-822e-82b2f931dd5b",
            "ticker": "KXHIGHNY-24OCT28-B59.5",
            "count": 5,
            "created_time": "2024-10-28T03:36:37.87207Z",
            "yes_price": 50,
            "no_price": 50,
            "taker_side": "yes"
        },
        {
            "trade_id": "fa67a543-c0c3-428e-91e1-ce042b54851e",
            "ticker": "KXHIGHNY-24OCT28-B59.5",
            "count": 3,
            "created_time": "2024-10-28T03:21:52.903624Z",
            "yes_price": 50,
            "no_price": 50,
            "taker_side": "yes"
        },
        {
            "trade_id": "9ab2317b-6489-4bdd-b7d3-e568370e2416",
            "ticker": "KXHIGHNY-24OCT28-B59.5",
            "count": 9,
            "created_time": "2024-10-28T02:36:24.184606Z",
            "yes_price": 51,
            "no_price": 49,
            "taker_side": "yes"
        },
        {
            "trade_id": "27336683-4bca-4100-9e94-2ed1c1942bc5",
            "ticker": "KXHIGHNY-24OCT28-B59.5",
            "count": 100,
            "created_time": "2024-10-28T02:20:42.902785Z",
            "yes_price": 49,
            "no_price": 51,
            "taker_side": "no"
        },
        {
            "trade_id": "cfaeaf39-d401-44b8-b0af-5ee8e4681d98",
            "ticker": "KXHIGHNY-24OCT28-B59.5",
            "count": 100,
            "created_time": "2024-10-28T00:29:15.935691Z",
            "yes_price": 47,
            "no_price": 53,
            "taker_side": "yes"
        },
        {
            "trade_id": "6bd7dc4a-2178-4b44-94d8-83eab1d1e6be",
            "ticker": "KXHIGHNY-24OCT28-B59.5",
            "count": 100,
            "created_time": "2024-10-28T00:29:15.935691Z",
            "yes_price": 48,
            "no_price": 52,
            "taker_side": "yes"
        },
        {
            "trade_id": "60f98c1c-dc3f-4a77-875c-5c17913798d7",
            "ticker": "KXHIGHNY-24OCT28-B59.5",
            "count": 100,
            "created_time": "2024-10-28T00:29:15.935691Z",
            "yes_price": 49,
            "no_price": 51,
            "taker_side": "yes"
        },
        {
            "trade_id": "1fb76a87-2bd6-4348-8266-ebe916ae15fe",
            "ticker": "KXHIGHNY-24OCT28-B59.5",
            "count": 30,
            "created_time": "2024-10-27T23:18:58.181458Z",
            "yes_price": 47,
            "no_price": 53,
            "taker_side": "yes"
        },
        {
            "trade_id": "a7c1e7dd-3513-467e-bfa0-7965e338c790",
            "ticker": "KXHIGHNY-24OCT28-B59.5",
            "count": 20,
            "created_time": "2024-10-27T23:18:35.034888Z",
            "yes_price": 47,
            "no_price": 53,
            "taker_side": "yes"
        },
        {
            "trade_id": "072099c5-ef1a-470c-9c75-1ede3888884f",
            "ticker": "KXHIGHNY-24OCT28-B59.5",
            "count": 30,
            "created_time": "2024-10-27T21:27:32.618396Z",
            "yes_price": 54,
            "no_price": 46,
            "taker_side": "yes"
        },
        {
            "trade_id": "11958207-e4dd-4426-b733-daad2bd0ce7c",
            "ticker": "KXHIGHNY-24OCT28-B59.5",
            "count": 23,
            "created_time": "2024-10-27T21:25:24.037622Z",
            "yes_price": 53,
            "no_price": 47,
            "taker_side": "no"
        },
        {
            "trade_id": "4d6cbfe8-e2f8-47eb-86cf-9c2d733fed6a",
            "ticker": "KXHIGHNY-24OCT28-B59.5",
            "count": 6,
            "created_time": "2024-10-27T21:24:40.214886Z",
            "yes_price": 53,
            "no_price": 47,
            "taker_side": "yes"
        },
        {
            "trade_id": "7028bfbc-4ac0-4210-8441-b13218877798",
            "ticker": "KXHIGHNY-24OCT28-B59.5",
            "count": 12,
            "created_time": "2024-10-27T20:46:53.986156Z",
            "yes_price": 54,
            "no_price": 46,
            "taker_side": "yes"
        },
        {
            "trade_id": "39683187-425f-448f-a644-9d3ddbab1122",
            "ticker": "KXHIGHNY-24OCT28-B59.5",
            "count": 6,
            "created_time": "2024-10-27T20:46:53.986156Z",
            "yes_price": 53,
            "no_price": 47,
            "taker_side": "yes"
        },
        {
            "trade_id": "132bda5c-6dc1-42aa-a40f-15af977d8508",
            "ticker": "KXHIGHNY-24OCT28-B59.5",
            "count": 46,
            "created_time": "2024-10-27T19:45:46.108503Z",
            "yes_price": 52,
            "no_price": 48,
            "taker_side": "yes"
        },
        {
            "trade_id": "38677999-4cce-421d-afd5-e71786151881",
            "ticker": "KXHIGHNY-24OCT28-B59.5",
            "count": 100,
            "created_time": "2024-10-27T19:44:19.936699Z",
            "yes_price": 53,
            "no_price": 47,
            "taker_side": "yes"
        },
        {
            "trade_id": "bb1d2498-a6e3-4726-b1cd-a0b101f06349",
            "ticker": "KXHIGHNY-24OCT28-B59.5",
            "count": 10,
            "created_time": "2024-10-27T19:25:19.185018Z",
            "yes_price": 55,
            "no_price": 45,
            "taker_side": "yes"
        }
    ],
    "KXHIGHNY-24OCT28-B61.5": [
        {
            "trade_id": "fa07490a-78b3-4a45-b562-d80aca55d0a4",
            "ticker": "KXHIGHNY-24OCT28-B61.5",
            "count": 312,
            "created_time": "2024-10-29T03:34:54.189732Z",
            "yes_price": 97,
            "no_price": 3,
            "taker_side": "no"
        },
        {
            "trade_id": "e4f6f7dc-ea07-4cd7-a58d-684e20b258e5",
            "ticker": "KXHIGHNY-24OCT28-B61.5",
            "count": 312,
            "created_time": "2024-10-29T03:10:29.051694Z",
            "yes_price": 97,
            "no_price": 3,
            "taker_side": "no"
        },
        {
            "trade_id": "22345b8b-cc56-42c0-86e8-e342a2f07da2",
            "ticker": "KXHIGHNY-24OCT28-B61.5",
            "count": 31,
            "created_time": "2024-10-29T01:58:36.979401Z",
            "yes_price": 97,
            "no_price": 3,
            "taker_side": "no"
        },
        {
            "trade_id": "9a262235-8eed-4e59-b591-92060a24f3bb",
            "ticker": "KXHIGHNY-24OCT28-B61.5",
            "count": 61,
            "created_time": "2024-10-29T01:56:50.13743Z",
            "yes_price": 97,
            "no_price": 3,
            "taker_side": "no"
        },
        {
            "trade_id": "6edebbee-107d-4dab-8931-9d5effa37bae",
            "ticker": "KXHIGHNY-24OCT28-B61.5",
            "count": 250,
            "created_time": "2024-10-29T01:56:50.13743Z",
            "yes_price": 97,
            "no_price": 3,
            "taker_side": "no"
        },
        {
            "trade_id": "16871398-9719-456e-a1ce-51746e2e63ad",
            "ticker": "KXHIGHNY-24OCT28-B61.5",
            "count": 156,
            "created_time": "2024-10-29T01:55:59.133026Z",
            "yes_price": 97,
            "no_price": 3,
            "taker_side": "no"
        },
        {
            "trade_id": "d78e586f-39a1-4881-9ffd-9d6005ce1a28",
            "ticker": "KXHIGHNY-24OCT28-B61.5",
            "count": 7,
            "created_time": "2024-10-29T01:22:50.867354Z",
            "yes_price": 99,
            "no_price": 1,
            "taker_side": "no"
        },
        {
            "trade_id": "8e0e2bb3-dffc-4ac8-974b-3f059217a9ad",
            "ticker": "KXHIGHNY-24OCT28-B61.5",
            "count": 194,
            "created_time": "2024-10-29T01:22:50.867354Z",
            "yes_price": 97,
            "no_price": 3,
            "taker_side": "no"
        },
        {
            "trade_id": "283452e1-4665-4e89-917d-a1ddcbef5650",
            "ticker": "KXHIGHNY-24OCT28-B61.5",
            "count": 874,
            "created_time": "2024-10-29T01:22:50.867354Z",
            "yes_price": 98,
            "no_price": 2,
            "taker_side": "no"
        },
        {
            "trade_id": "76b75f04-f975-432a-9e2e-cb5f9aa5d833",
            "ticker": "KXHIGHNY-24OCT28-B61.5",
            "count": 93,
            "created_time": "2024-10-29T00:20:15.351873Z",
            "yes_price": 99,
            "no_price": 1,
            "taker_side": "no"
        },
        {
            "trade_id": "82c51471-e869-4d2c-afb6-d29b04675431",
            "ticker": "KXHIGHNY-24OCT28-B61.5",
            "count": 46,
            "created_time": "2024-10-29T00:13:28.155196Z",
            "yes_price": 98,
            "no_price": 2,
            "taker_side": "no"
        },
        {
            "trade_id": "41822688-536f-42fb-924b-31efeae32bcd",
            "ticker": "KXHIGHNY-24OCT28-B61.5",
            "count": 19,
            "created_time": "2024-10-29T00:12:38.21859Z",
            "yes_price": 98,
            "no_price": 2,
            "taker_side": "no"
        },
        {
            "trade_id": "e25a232f-8a2e-497f-bf63-b162ffd1f8ce",
            "ticker": "KXHIGHNY-24OCT28-B61.5",
            "count": 15,
            "created_time": "2024-10-28T23:58:54.609602Z",
            "yes_price": 98,
            "no_price": 2,
            "taker_side": "no"
        },
        {
            "trade_id": "c35402d3-a959-48e5-90fd-869763cd3ccd",
            "ticker": "KXHIGHNY-24OCT28-B61.5",
            "count": 233,
            "created_time": "2024-10-28T23:52:51.902573Z",
            "yes_price": 98,
            "no_price": 2,
            "taker_side": "no"
        },
        {
            "trade_id": "be18d971-2e38-4c70-ba8a-317dc9a156f5",
            "ticker": "KXHIGHNY-24OCT28-B61.5",
            "count": 20,
            "created_time": "2024-10-28T23:34:17.786745Z",
            "yes_price": 98,
            "no_price": 2,
            "taker_side": "no"
        },
        {
            "trade_id": "222b66f2-5a29-48ef-b7a5-2fa914072623",
            "ticker": "KXHIGHNY-24OCT28-B61.5",
            "count": 52,
            "created_time": "2024-10-28T23:34:17.786745Z",
            "yes_price": 99,
            "no_price": 1,
            "taker_side": "no"
        },
        {
            "trade_id": "35ba526c-7e4b-4bb8-bbfd-283c2331fe23",
            "ticker": "KXHIGHNY-24OCT28-B61.5",
            "count": 75,
            "created_time": "2024-10-28T23:02:13.384778Z",
            "yes_price": 99,
            "no_price": 1,
            "taker_side": "no"
        },
        {
            "trade_id": "b356ee3c-800d-413e-8710-19c99e3ac638",
            "ticker": "KXHIGHNY-24OCT28-B61.5",
            "count": 2,
            "created_time": "2024-10-28T22:25:47.856514Z",
            "yes_price": 99,
            "no_price": 1,
            "taker_side": "no"
        },
        {
            "trade_id": "c3e93b98-9010-469e-bc19-7d06f1f490df",
            "ticker": "KXHIGHNY-24OCT28-B61.5",
            "count": 119,
            "created_time": "2024-10-28T22:15:47.442784Z",
            "yes_price": 98,
            "no_price": 2,
            "taker_side": "no"
        },
        {
            "trade_id": "22a2e051-379b-420d-bc7d-4f72fdc77ac0",
            "ticker": "KXHIGHNY-24OCT28-B61.5",
            "count": 386,
            "created_time": "2024-10-28T22:15:47.442784Z",
            "yes_price": 99,
            "no_price": 1,
            "taker_side": "no"
        },
        {
            "trade_id": "19771b7c-7c25-413c-a7f7-11da9bcdee16",
            "ticker": "KXHIGHNY-24OCT28-B61.5",
            "count": 623,
            "created_time": "2024-10-28T22:15:47.442784Z",
            "yes_price": 98,
            "no_price": 2,
            "taker_side": "no"
        },
        {
            "trade_id": "b7d5d857-a1e1-4001-972d-ff2b4d2b1f39",
            "ticker": "KXHIGHNY-24OCT28-B61.5",
            "count": 93,
            "created_time": "2024-10-28T21:40:12.44349Z",
            "yes_price": 99,
            "no_price": 1,
            "taker_side": "no"
        },
        {
            "trade_id": "4b0cb134-8d41-4d09-9151-e71b63d76f0f",
            "ticker": "KXHIGHNY-24OCT28-B61.5",
            "count": 11,
            "created_time": "2024-10-28T21:35:07.220682Z",
            "yes_price": 99,
            "no_price": 1,
            "taker_side": "no"
        },
        {
            "trade_id": "89d05ac8-fafe-46ea-831e-6a71dfd7ef13",
            "ticker": "KXHIGHNY-24OCT28-B61.5",
            "count": 35,
            "created_time": "2024-10-28T21:29:57.008796Z",
            "yes_price": 98,
            "no_price": 2,
            "taker_side": "no"
        },
        {
            "trade_id": "6210feba-7053-4aa8-ac32-b62ec3d74141",
            "ticker": "KXHIGHNY-24OCT28-B61.5",
            "count": 11,
            "created_time": "2024-10-28T21:29:08.103543Z",
            "yes_price": 98,
            "no_price": 2,
            "taker_side": "no"
        },
        {
            "trade_id": "4f3bb8e0-a591-4820-8a59-02aa642e55ad",
            "ticker": "KXHIGHNY-24OCT28-B61.5",
            "count": 102,
            "created_time": "2024-10-28T21:17:36.397634Z",
            "yes_price": 98,
            "no_price": 2,
            "taker_side": "no"
        },
        {
            "trade_id": "978a8673-2262-45ae-8927-3cde2281f52c",
            "ticker": "KXHIGHNY-24OCT28-B61.5",
            "count": 93,
            "created_time": "2024-10-28T21:03:22.76084Z",
            "yes_price": 98,
            "no_price": 2,
            "taker_side": "no"
        },
        {
            "trade_id": "997a4aeb-c921-4c88-8fdb-38ba730dbb69",
            "ticker": "KXHIGHNY-24OCT28-B61.5",
            "count": 140,
            "created_time": "2024-10-28T20:43:32.62061Z",
            "yes_price": 98,
            "no_price": 2,
            "taker_side": "no"
        },
        {
            "trade_id": "05985c59-5c07-4fa2-a8ec-de3aaf281528",
            "ticker": "KXHIGHNY-24OCT28-B61.5",
            "count": 8,
            "created_time": "2024-10-28T20:36:25.104553Z",
            "yes_price": 99,
            "no_price": 1,
            "taker_side": "yes"
        },
        {
            "trade_id": "086dfc22-66df-4b2e-9629-500fb2b5a5b8",
            "ticker": "KXHIGHNY-24OCT28-B61.5",
            "count": 21,
            "created_time": "2024-10-28T20:18:15.412229Z",
            "yes_price": 95,
            "no_price": 5,
            "taker_side": "no"
        },
        {
            "trade_id": "5c2d7ef4-8873-413b-af88-96fd94c497d6",
            "ticker": "KXHIGHNY-24OCT28-B61.5",
            "count": 27,
            "created_time": "2024-10-28T20:17:30.371701Z",
            "yes_price": 95,
            "no_price": 5,
            "taker_side": "no"
        },
        {
            "trade_id": "0eaf1b22-584e-475a-bcb8-caa25bc06584",
            "ticker": "KXHIGHNY-24OCT28-B61.5",
            "count": 14,
            "created_time": "2024-10-28T20:17:30.371701Z",
            "yes_price": 96,
            "no_price": 4,
            "taker_side": "no"
        },
        {
            "trade_id": "c87be7f7-5427-4b37-ad28-9cf14929c789",
            "ticker": "KXHIGHNY-24OCT28-B61.5",
            "count": 11,
            "created_time": "2024-10-28T20:07:27.199137Z",
            "yes_price": 95,
            "no_price": 5,
            "taker_side": "no"
        },
        {
            "trade_id": "fbcf9a0b-19a6-492c-80c9-ecba9c931b64",
            "ticker": "KXHIGHNY-24OCT28-B61.5",
            "count": 50,
            "created_time": "2024-10-28T20:02:48.15902Z",
            "yes_price": 99,
            "no_price": 1,
            "taker_side": "yes"
        },
        {
            "trade_id": "b00b626e-2a3c-4039-a0e9-ef9193e017bf",
            "ticker": "KXHIGHNY-24OCT28-B61.5",
            "count": 203,
            "created_time": "2024-10-28T19:54:01.023065Z",
            "yes_price": 95,
            "no_price": 5,
            "taker_side": "no"
        },
        {
            "trade_id": "b60348b7-b152-412b-9190-07b7b739083d",
            "ticker": "KXHIGHNY-24OCT28-B61.5",
            "count": 1,
            "created_time": "2024-10-28T19:51:30.277508Z",
            "yes_price": 98,
            "no_price": 2,
            "taker_side": "no"
        },
        {
            "trade_id": "7f3c3ae5-a0e0-4e6d-b0d9-a4a310d89645",
            "ticker": "KXHIGHNY-24OCT28-B61.5",
            "count": 7,
            "created_time": "2024-10-28T19:43:02.774834Z",
            "yes_price": 98,
            "no_price": 2,
            "taker_side": "no"
        },
        {
            "trade_id": "693ea968-e117-4626-a4c2-b3ab97073d84",
            "ticker": "KXHIGHNY-24OCT28-B61.5",
            "count": 7,
            "created_time": "2024-10-28T19:43:02.692789Z",
            "yes_price": 98,
            "no_price": 2,
            "taker_side": "yes"
        },
        {
            "trade_id": "501838a1-0766-4dd6-b51e-26c1a5f313af",
            "ticker": "KXHIGHNY-24OCT28-B61.5",
            "count": 93,
            "created_time": "2024-10-28T19:37:49.217331Z",
            "yes_price": 95,
            "no_price": 5,
            "taker_side": "no"
        },
        {
            "trade_id": "7c839ca3-ae29-41b3-9eb7-d15115b3dea9",
            "ticker": "KXHIGHNY-24OCT28-B61.5",
            "count": 11,
            "created_time": "2024-10-28T19:10:46.817209Z",
            "yes_price": 92,
            "no_price": 8,
            "taker_side": "no"
        },
        {
            "trade_id": "3d410944-4b1a-43d8-bbd6-2b49c8815966",
            "ticker": "KXHIGHNY-24OCT28-B61.5",
            "count": 156,
            "created_time": "2024-10-28T19:09:16.845023Z",
            "yes_price": 99,
            "no_price": 1,
            "taker_side": "yes"
        },
        {
            "trade_id": "138d4f93-0bc7-45ba-99bd-cf38361c55c8",
            "ticker": "KXHIGHNY-24OCT28-B61.5",
            "count": 9,
            "created_time": "2024-10-28T19:09:16.845023Z",
            "yes_price": 97,
            "no_price": 3,
            "taker_side": "yes"
        },
        {
            "trade_id": "851e6306-01b0-4c89-aad7-f47f2646d82f",
            "ticker": "KXHIGHNY-24OCT28-B61.5",
            "count": 26,
            "created_time": "2024-10-28T19:07:54.243513Z",
            "yes_price": 93,
            "no_price": 7,
            "taker_side": "no"
        },
        {
            "trade_id": "fdb08408-4799-47f2-9565-545994a90d3a",
            "ticker": "KXHIGHNY-24OCT28-B61.5",
            "count": 14,
            "created_time": "2024-10-28T19:03:29.671218Z",
            "yes_price": 91,
            "no_price": 9,
            "taker_side": "no"
        },
        {
            "trade_id": "d463fd87-33c0-49fb-9471-c5fcd0fd0465",
            "ticker": "KXHIGHNY-24OCT28-B61.5",
            "count": 223,
            "created_time": "2024-10-28T19:00:13.582932Z",
            "yes_price": 90,
            "no_price": 10,
            "taker_side": "no"
        },
        {
            "trade_id": "b9912e36-0cb6-4974-aee9-614d0f41466a",
            "ticker": "KXHIGHNY-24OCT28-B61.5",
            "count": 7,
            "created_time": "2024-10-28T19:00:13.582932Z",
            "yes_price": 91,
            "no_price": 9,
            "taker_side": "no"
        },
        {
            "trade_id": "e4aad50b-6a38-4944-bd7c-6354a31ecf25",
            "ticker": "KXHIGHNY-24OCT28-B61.5",
            "count": 15,
            "created_time": "2024-10-28T18:56:10.189491Z",
            "yes_price": 95,
            "no_price": 5,
            "taker_side": "yes"
        },
        {
            "trade_id": "53681a60-8e3a-4fcd-8200-5da988901e1e",
            "ticker": "KXHIGHNY-24OCT28-B61.5",
            "count": 50,
            "created_time": "2024-10-28T18:56:10.189491Z",
            "yes_price": 96,
            "no_price": 4,
            "taker_side": "yes"
        },
        {
            "trade_id": "b6a82d48-1c16-43d9-9f27-8fe9ec0be59f",
            "ticker": "KXHIGHNY-24OCT28-B61.5",
            "count": 50,
            "created_time": "2024-10-28T18:55:40.550291Z",
            "yes_price": 96,
            "no_price": 4,
            "taker_side": "yes"
        },
        {
            "trade_id": "52095581-1dc7-434b-82e1-a71901a8ff03",
            "ticker": "KXHIGHNY-24OCT28-B61.5",
            "count": 58,
            "created_time": "2024-10-28T18:55:40.550291Z",
            "yes_price": 98,
            "no_price": 2,
            "taker_side": "yes"
        },
        {
            "trade_id": "f2cff2b3-189e-4b82-8b72-cde3c62b29ba",
            "ticker": "KXHIGHNY-24OCT28-B61.5",
            "count": 40,
            "created_time": "2024-10-28T18:55:13.06757Z",
            "yes_price": 84,
            "no_price": 16,
            "taker_side": "no"
        },
        {
            "trade_id": "ae12c615-1aa9-498b-b0d9-18c198c068f0",
            "ticker": "KXHIGHNY-24OCT28-B61.5",
            "count": 8,
            "created_time": "2024-10-28T18:55:13.06757Z",
            "yes_price": 81,
            "no_price": 19,
            "taker_side": "no"
        },
        {
            "trade_id": "58929254-2051-4900-b26e-063da2f9f6db",
            "ticker": "KXHIGHNY-24OCT28-B61.5",
            "count": 50,
            "created_time": "2024-10-28T18:55:13.06757Z",
            "yes_price": 90,
            "no_price": 10,
            "taker_side": "no"
        },
        {
            "trade_id": "37a94800-9cdd-48fd-9c0c-b180d7e94e19",
            "ticker": "KXHIGHNY-24OCT28-B61.5",
            "count": 13,
            "created_time": "2024-10-28T18:55:13.06757Z",
            "yes_price": 91,
            "no_price": 9,
            "taker_side": "no"
        },
        {
            "trade_id": "b2dd302d-3b6e-4131-86c1-32bd90ac0e64",
            "ticker": "KXHIGHNY-24OCT28-B61.5",
            "count": 10,
            "created_time": "2024-10-28T18:47:57.764265Z",
            "yes_price": 93,
            "no_price": 7,
            "taker_side": "yes"
        },
        {
            "trade_id": "d25e4878-d86b-43fa-aab0-4bb2a84b85ef",
            "ticker": "KXHIGHNY-24OCT28-B61.5",
            "count": 32,
            "created_time": "2024-10-28T18:46:52.990414Z",
            "yes_price": 99,
            "no_price": 1,
            "taker_side": "yes"
        },
        {
            "trade_id": "52202d59-5eed-48e8-b930-ab6b3b4bc03a",
            "ticker": "KXHIGHNY-24OCT28-B61.5",
            "count": 10,
            "created_time": "2024-10-28T18:46:52.990414Z",
            "yes_price": 94,
            "no_price": 6,
            "taker_side": "yes"
        },
        {
            "trade_id": "25476e8c-1afa-4e46-90bc-d569f4df066b",
            "ticker": "KXHIGHNY-24OCT28-B61.5",
            "count": 9,
            "created_time": "2024-10-28T18:46:52.990414Z",
            "yes_price": 95,
            "no_price": 5,
            "taker_side": "yes"
        },
        {
            "trade_id": "e2731d7e-efeb-4ad1-8a8e-1ad654eea880",
            "ticker": "KXHIGHNY-24OCT28-B61.5",
            "count": 6,
            "created_time": "2024-10-28T18:46:23.83695Z",
            "yes_price": 85,
            "no_price": 15,
            "taker_side": "no"
        },
        {
            "trade_id": "aba1102e-0848-4844-b5c0-79512392244a",
            "ticker": "KXHIGHNY-24OCT28-B61.5",
            "count": 50,
            "created_time": "2024-10-28T18:45:58.212865Z",
            "yes_price": 86,
            "no_price": 14,
            "taker_side": "no"
        },
        {
            "trade_id": "b2621708-f12a-4236-9ce7-f91d2263a577",
            "ticker": "KXHIGHNY-24OCT28-B61.5",
            "count": 13,
            "created_time": "2024-10-28T18:45:56.691832Z",
            "yes_price": 86,
            "no_price": 14,
            "taker_side": "no"
        },
        {
            "trade_id": "8bd2c423-a7af-4679-b4b3-b822a00683e5",
            "ticker": "KXHIGHNY-24OCT28-B61.5",
            "count": 13,
            "created_time": "2024-10-28T18:45:56.691832Z",
            "yes_price": 87,
            "no_price": 13,
            "taker_side": "no"
        },
        {
            "trade_id": "a6f1f827-86f3-43aa-986f-2097d8d7af8e",
            "ticker": "KXHIGHNY-24OCT28-B61.5",
            "count": 11,
            "created_time": "2024-10-28T18:42:24.823886Z",
            "yes_price": 90,
            "no_price": 10,
            "taker_side": "yes"
        },
        {
            "trade_id": "899c9e4d-7e21-4a86-bd95-1f5705e381a5",
            "ticker": "KXHIGHNY-24OCT28-B61.5",
            "count": 15,
            "created_time": "2024-10-28T18:42:24.823886Z",
            "yes_price": 98,
            "no_price": 2,
            "taker_side": "yes"
        },
        {
            "trade_id": "fde5d354-05fe-48df-b634-5217be72685b",
            "ticker": "KXHIGHNY-24OCT28-B61.5",
            "count": 87,
            "created_time": "2024-10-28T18:25:39.631653Z",
            "yes_price": 90,
            "no_price": 10,
            "taker_side": "no"
        },
        {
            "trade_id": "b85a869b-00de-4ebf-81e4-365e4d79581a",
            "ticker": "KXHIGHNY-24OCT28-B61.5",
            "count": 83,
            "created_time": "2024-10-28T18:14:38.13613Z",
            "yes_price": 85,
            "no_price": 15,
            "taker_side": "no"
        },
        {
            "trade_id": "6caa209d-c89b-4f0f-a665-19c3aa481b2a",
            "ticker": "KXHIGHNY-24OCT28-B61.5",
            "count": 10,
            "created_time": "2024-10-28T18:14:38.13613Z",
            "yes_price": 86,
            "no_price": 14,
            "taker_side": "no"
        },
        {
            "trade_id": "0a9d2ba2-e627-4816-87e1-0b22c0313027",
            "ticker": "KXHIGHNY-24OCT28-B61.5",
            "count": 40,
            "created_time": "2024-10-28T18:14:38.13613Z",
            "yes_price": 86,
            "no_price": 14,
            "taker_side": "no"
        },
        {
            "trade_id": "353f169c-390f-458e-bbe8-716872907138",
            "ticker": "KXHIGHNY-24OCT28-B61.5",
            "count": 10,
            "created_time": "2024-10-28T18:03:59.649736Z",
            "yes_price": 95,
            "no_price": 5,
            "taker_side": "yes"
        },
        {
            "trade_id": "4fefbc73-980a-4142-a046-1ee5bcb68b70",
            "ticker": "KXHIGHNY-24OCT28-B61.5",
            "count": 31,
            "created_time": "2024-10-28T18:02:15.513657Z",
            "yes_price": 85,
            "no_price": 15,
            "taker_side": "no"
        },
        {
            "trade_id": "f315f38e-7ea4-4e4f-92c4-a94795ecaef0",
            "ticker": "KXHIGHNY-24OCT28-B61.5",
            "count": 21,
            "created_time": "2024-10-28T18:01:45.726982Z",
            "yes_price": 89,
            "no_price": 11,
            "taker_side": "no"
        },
        {
            "trade_id": "d9914bdc-39af-48c1-9e20-664bd81f40eb",
            "ticker": "KXHIGHNY-24OCT28-B61.5",
            "count": 32,
            "created_time": "2024-10-28T18:01:45.726982Z",
            "yes_price": 88,
            "no_price": 12,
            "taker_side": "no"
        },
        {
            "trade_id": "7ec9857e-9cff-460a-86f4-12d94ecd81c6",
            "ticker": "KXHIGHNY-24OCT28-B61.5",
            "count": 2,
            "created_time": "2024-10-28T18:01:23.869723Z",
            "yes_price": 89,
            "no_price": 11,
            "taker_side": "no"
        },
        {
            "trade_id": "098a66f4-59c5-4670-9ad7-db824ba0482e",
            "ticker": "KXHIGHNY-24OCT28-B61.5",
            "count": 33,
            "created_time": "2024-10-28T17:55:30.041339Z",
            "yes_price": 85,
            "no_price": 15,
            "taker_side": "no"
        },
        {
            "trade_id": "1b487325-367c-466b-8617-26737c59aa33",
            "ticker": "KXHIGHNY-24OCT28-B61.5",
            "count": 2,
            "created_time": "2024-10-28T17:54:35.892541Z",
            "yes_price": 85,
            "no_price": 15,
            "taker_side": "no"
        },
        {
            "trade_id": "ef7ea3c5-0c8b-4728-b04e-446507ef37f8",
            "ticker": "KXHIGHNY-24OCT28-B61.5",
            "count": 1,
            "created_time": "2024-10-28T17:54:35.751773Z",
            "yes_price": 94,
            "no_price": 6,
            "taker_side": "yes"
        },
        {
            "trade_id": "b2434aae-3fc5-41f0-96a9-3cbe64772c1b",
            "ticker": "KXHIGHNY-24OCT28-B61.5",
            "count": 249,
            "created_time": "2024-10-28T17:54:35.751773Z",
            "yes_price": 97,
            "no_price": 3,
            "taker_side": "yes"
        },
        {
            "trade_id": "1c1dcbb6-d19e-44dd-9c9b-971a3c76f047",
            "ticker": "KXHIGHNY-24OCT28-B61.5",
            "count": 40,
            "created_time": "2024-10-28T17:54:09.076639Z",
            "yes_price": 83,
            "no_price": 17,
            "taker_side": "yes"
        },
        {
            "trade_id": "f29e3604-b67a-4eff-b261-d83ce1b308a0",
            "ticker": "KXHIGHNY-24OCT28-B61.5",
            "count": 5,
            "created_time": "2024-10-28T17:54:06.850676Z",
            "yes_price": 79,
            "no_price": 21,
            "taker_side": "yes"
        },
        {
            "trade_id": "2e4acb7e-3261-4028-8e01-8c08d0669a30",
            "ticker": "KXHIGHNY-24OCT28-B61.5",
