{
    "HIGHNY-24MAY20-T71": [
        {
            "trade_id": "3f6f9fb1-0502-40b7-a2ae-983b16267cc9",
            "ticker": "HIGHNY-24MAY20-T71",
            "count": 187,
            "created_time": "2024-05-21T03:27:39.621442Z",
            "yes_price": 1,
            "no_price": 99,
            "taker_side": "yes"
        },
        {
            "trade_id": "f9426804-56c9-4a65-9736-a9c94157ab5d",
            "ticker": "HIGHNY-24MAY20-T71",
            "count": 21,
            "created_time": "2024-05-20T12:17:33.981014Z",
            "yes_price": 3,
            "no_price": 97,
            "taker_side": "no"
        },
        {
            "trade_id": "5d347b5e-c328-4a24-a957-14096962f8cd",
            "ticker": "HIGHNY-24MAY20-T71",
            "count": 5,
            "created_time": "2024-05-19T18:48:40.428352Z",
            "yes_price": 3,
            "no_price": 97,
            "taker_side": "no"
        }
    ],
    "HIGHNY-24MAY20-B71.5": [
        {
            "trade_id": "9f5f3a10-aea4-4e63-b98d-fc849b261bcb",
            "ticker": "HIGHNY-24MAY20-B71.5",
            "count": 187,
            "created_time": "2024-05-21T03:27:31.199995Z",
            "yes_price": 1,
            "no_price": 99,
            "taker_side": "yes"
        },
        {
            "trade_id": "80e1b3fb-2286-4754-8718-2d291b7965cf",
            "ticker": "HIGHNY-24MAY20-B71.5",
            "count": 935,
            "created_time": "2024-05-21T00:29:12.776754Z",
            "yes_price": 1,
            "no_price": 99,
            "taker_side": "yes"
        },
        {
            "trade_id": "70cd1945-d599-4226-9eaf-35a23b4f9f29",
            "ticker": "HIGHNY-24MAY20-B71.5",
            "count": 935,
            "created_time": "2024-05-20T21:41:17.853462Z",
            "yes_price": 1,
            "no_price": 99,
            "taker_side": "yes"
        },
        {
            "trade_id": "ef07e801-c314-4e2a-b794-4f827613bbb7",
            "ticker": "HIGHNY-24MAY20-B71.5",
            "count": 142,
            "created_time": "2024-05-20T19:58:26.73976Z",
            "yes_price": 1,
            "no_price": 99,
            "taker_side": "yes"
        },
        {
            "trade_id": "c2703317-3788-49ab-a2f9-3b7d49c779d7",
            "ticker": "HIGHNY-24MAY20-B71.5",
            "count": 462,
            "created_time": "2024-05-20T19:41:11.810597Z",
            "yes_price": 1,
            "no_price": 99,
            "taker_side": "yes"
        },
        {
            "trade_id": "501f0bb4-37e6-4ccc-9722-4c1b19a441e3",
            "ticker": "HIGHNY-24MAY20-B71.5",
            "count": 1028,
            "created_time": "2024-05-20T18:48:28.668407Z",
            "yes_price": 1,
            "no_price": 99,
            "taker_side": "yes"
        },
        {
            "trade_id": "d6e40c47-f55e-4bb0-a5f2-65fd4629cd90",
            "ticker": "HIGHNY-24MAY20-B71.5",
            "count": 53,
            "created_time": "2024-05-20T17:24:22.049546Z",
            "yes_price": 1,
            "no_price": 99,
            "taker_side": "yes"
        },
        {
            "trade_id": "f8e27618-188d-4bc1-8ce0-2a60b6c7ed89",
            "ticker": "HIGHNY-24MAY20-B71.5",
            "count": 11,
            "created_time": "2024-05-20T15:53:22.388953Z",
            "yes_price": 2,
            "no_price": 98,
            "taker_side": "no"
        },
        {
            "trade_id": "c6da6a39-b637-479e-bcce-233531e92f2c",
            "ticker": "HIGHNY-24MAY20-B71.5",
            "count": 65,
            "created_time": "2024-05-20T15:53:22.388953Z",
            "yes_price": 1,
            "no_price": 99,
            "taker_side": "no"
        },
        {
            "trade_id": "56ccc4a9-0339-4d59-b969-0089e987d77f",
            "ticker": "HIGHNY-24MAY20-B71.5",
            "count": 11,
            "created_time": "2024-05-20T15:53:22.388953Z",
            "yes_price": 3,
            "no_price": 97,
            "taker_side": "no"
        },
        {
            "trade_id": "e55cf716-4eb4-4226-b3b4-8445021eef72",
            "ticker": "HIGHNY-24MAY20-B71.5",
            "count": 5,
            "created_time": "2024-05-20T14:13:26.080256Z",
            "yes_price": 14,
            "no_price": 86,
            "taker_side": "no"
        },
        {
            "trade_id": "b8579319-50e0-4f1e-b94e-c465a5353d58",
            "ticker": "HIGHNY-24MAY20-B71.5",
            "count": 5,
            "created_time": "2024-05-20T14:13:04.056673Z",
            "yes_price": 14,
            "no_price": 86,
            "taker_side": "no"
        },
        {
            "trade_id": "0e2c89a7-0102-4e45-9309-8ccb0488aa5c",
            "ticker": "HIGHNY-24MAY20-B71.5",
            "count": 7,
            "created_time": "2024-05-20T14:10:57.465507Z",
            "yes_price": 14,
            "no_price": 86,
            "taker_side": "no"
        },
        {
            "trade_id": "1a6dfabb-06f1-4d7b-bb2c-112d06b2cd19",
            "ticker": "HIGHNY-24MAY20-B71.5",
            "count": 8,
            "created_time": "2024-05-20T14:02:40.239864Z",
            "yes_price": 17,
            "no_price": 83,
            "taker_side": "no"
        },
        {
            "trade_id": "637dbb92-7fef-4db1-a4b9-417426d884b4",
            "ticker": "HIGHNY-24MAY20-B71.5",
            "count": 33,
            "created_time": "2024-05-20T13:18:44.635215Z",
            "yes_price": 25,
            "no_price": 75,
            "taker_side": "yes"
        },
        {
            "trade_id": "1fb1b351-6a5f-4337-a5c0-e50fd9cba3e5",
            "ticker": "HIGHNY-24MAY20-B71.5",
            "count": 22,
            "created_time": "2024-05-20T13:18:44.635215Z",
            "yes_price": 27,
            "no_price": 73,
            "taker_side": "yes"
        },
        {
            "trade_id": "b3fb01a4-1bd3-4378-9db6-eac8bbf24472",
            "ticker": "HIGHNY-24MAY20-B71.5",
            "count": 31,
            "created_time": "2024-05-20T12:24:32.760218Z",
            "yes_price": 21,
            "no_price": 79,
            "taker_side": "no"
        },
        {
            "trade_id": "0d4abdc5-0ab2-4197-9909-02a1da34bbbf",
            "ticker": "HIGHNY-24MAY20-B71.5",
            "count": 79,
            "created_time": "2024-05-20T12:24:32.760218Z",
            "yes_price": 19,
            "no_price": 81,
            "taker_side": "no"
        },
        {
            "trade_id": "a717860c-f8ae-45a2-b36d-d88af1543360",
            "ticker": "HIGHNY-24MAY20-B71.5",
            "count": 21,
            "created_time": "2024-05-20T12:17:34.012777Z",
            "yes_price": 22,
            "no_price": 78,
            "taker_side": "no"
        },
        {
            "trade_id": "6c777398-f56e-4782-a15d-3020feafe7ec",
            "ticker": "HIGHNY-24MAY20-B71.5",
            "count": 57,
            "created_time": "2024-05-20T12:12:26.451879Z",
            "yes_price": 21,
            "no_price": 79,
            "taker_side": "no"
        },
        {
            "trade_id": "da9752ba-f323-47f9-900f-0b52175a6b0f",
            "ticker": "HIGHNY-24MAY20-B71.5",
            "count": 10,
            "created_time": "2024-05-20T12:12:16.096568Z",
            "yes_price": 23,
            "no_price": 77,
            "taker_side": "no"
        },
        {
            "trade_id": "bb149d15-08df-43ed-8f4b-20d14acae01d",
            "ticker": "HIGHNY-24MAY20-B71.5",
            "count": 33,
            "created_time": "2024-05-20T12:11:35.002432Z",
            "yes_price": 23,
            "no_price": 77,
            "taker_side": "no"
        },
        {
            "trade_id": "0be6bbc0-257f-455b-9661-ea70af7f73ec",
            "ticker": "HIGHNY-24MAY20-B71.5",
            "count": 11,
            "created_time": "2024-05-20T02:14:42.641541Z",
            "yes_price": 15,
            "no_price": 85,
            "taker_side": "no"
        },
        {
            "trade_id": "d1f30ffc-f71a-447d-868f-08ecd2d86c88",
            "ticker": "HIGHNY-24MAY20-B71.5",
            "count": 24,
            "created_time": "2024-05-20T00:40:31.900332Z",
            "yes_price": 19,
            "no_price": 81,
            "taker_side": "yes"
        },
        {
            "trade_id": "46f62465-b961-4ac3-af55-128065414ad9",
            "ticker": "HIGHNY-24MAY20-B71.5",
            "count": 45,
            "created_time": "2024-05-19T23:28:30.73506Z",
            "yes_price": 19,
            "no_price": 81,
            "taker_side": "yes"
        },
        {
            "trade_id": "cc1316cc-c48b-4035-8cbf-bb971ec8f8f6",
            "ticker": "HIGHNY-24MAY20-B71.5",
            "count": 75,
            "created_time": "2024-05-19T22:35:04.976972Z",
            "yes_price": 17,
            "no_price": 83,
            "taker_side": "yes"
        },
        {
            "trade_id": "b40c5456-9a5a-4955-b26a-82fdb05d4dea",
            "ticker": "HIGHNY-24MAY20-B71.5",
            "count": 150,
            "created_time": "2024-05-19T22:35:04.976972Z",
            "yes_price": 19,
            "no_price": 81,
            "taker_side": "yes"
        },
        {
            "trade_id": "ec63b9d5-76c3-4fb6-8c99-ca06296a1a78",
            "ticker": "HIGHNY-24MAY20-B71.5",
            "count": 15,
            "created_time": "2024-05-19T22:31:31.236673Z",
            "yes_price": 16,
            "no_price": 84,
            "taker_side": "yes"
        },
        {
            "trade_id": "afe7396f-8533-487d-8cbd-79994a831ccf",
            "ticker": "HIGHNY-24MAY20-B71.5",
            "count": 35,
            "created_time": "2024-05-19T22:31:31.236673Z",
            "yes_price": 18,
            "no_price": 82,
            "taker_side": "yes"
        },
        {
            "trade_id": "7fcf6541-3baf-4b17-99cf-657078f8c573",
            "ticker": "HIGHNY-24MAY20-B71.5",
            "count": 5,
            "created_time": "2024-05-19T18:48:31.805011Z",
            "yes_price": 19,
            "no_price": 81,
            "taker_side": "yes"
        },
        {
            "trade_id": "f71fac04-568d-4de5-996f-a8f0b096d311",
            "ticker": "HIGHNY-24MAY20-B71.5",
            "count": 14,
            "created_time": "2024-05-19T18:25:49.893451Z",
            "yes_price": 19,
            "no_price": 81,
            "taker_side": "yes"
        },
        {
            "trade_id": "759c4151-f193-4517-923e-a54102d3026b",
            "ticker": "HIGHNY-24MAY20-B71.5",
            "count": 75,
            "created_time": "2024-05-19T18:25:27.91893Z",
            "yes_price": 18,
            "no_price": 82,
            "taker_side": "yes"
        },
        {
            "trade_id": "6971fb85-d623-4d0c-94be-06f7c9d727c0",
            "ticker": "HIGHNY-24MAY20-B71.5",
            "count": 11,
            "created_time": "2024-05-19T18:25:27.91893Z",
            "yes_price": 18,
            "no_price": 82,
            "taker_side": "yes"
        },
        {
            "trade_id": "d7f42d9f-f1c3-4bf6-beb3-0330cafe7d36",
            "ticker": "HIGHNY-24MAY20-B71.5",
            "count": 17,
            "created_time": "2024-05-19T14:18:19.16761Z",
            "yes_price": 13,
            "no_price": 87,
            "taker_side": "yes"
        },
        {
            "trade_id": "7606dddb-7ecd-4cb8-b815-939fcd24483b",
            "ticker": "HIGHNY-24MAY20-B71.5",
            "count": 31,
            "created_time": "2024-05-19T14:18:19.16761Z",
            "yes_price": 12,
            "no_price": 88,
            "taker_side": "yes"
        },
        {
            "trade_id": "d5c8bcb9-0815-417c-aea1-bc0d6b7131b3",
            "ticker": "HIGHNY-24MAY20-B71.5",
            "count": 31,
            "created_time": "2024-05-19T14:17:05.960387Z",
            "yes_price": 13,
            "no_price": 87,
            "taker_side": "yes"
        },
        {
            "trade_id": "62bd036e-378a-43d8-8150-4b91aa87ead8",
            "ticker": "HIGHNY-24MAY20-B71.5",
            "count": 63,
            "created_time": "2024-05-19T14:17:05.960387Z",
            "yes_price": 16,
            "no_price": 84,
            "taker_side": "yes"
        },
        {
            "trade_id": "2dbb3132-52d2-42be-914e-ffd766b1197a",
            "ticker": "HIGHNY-24MAY20-B71.5",
            "count": 63,
            "created_time": "2024-05-19T14:17:05.960387Z",
            "yes_price": 14,
            "no_price": 86,
            "taker_side": "yes"
        },
        {
            "trade_id": "d4c28907-4829-4028-88f3-14bdf830a4d7",
            "ticker": "HIGHNY-24MAY20-B71.5",
            "count": 45,
            "created_time": "2024-05-19T14:12:54.739181Z",
            "yes_price": 16,
            "no_price": 84,
            "taker_side": "yes"
        },
        {
            "trade_id": "23a5ec9e-e6dc-448a-9623-1eae9339b4db",
            "ticker": "HIGHNY-24MAY20-B71.5",
            "count": 45,
            "created_time": "2024-05-19T14:12:54.739181Z",
            "yes_price": 17,
            "no_price": 83,
            "taker_side": "yes"
        }
    ],
    "HIGHNY-24MAY20-B73.5": [
        {
            "trade_id": "5bd29370-27f6-4e05-9650-5e104bcf8c28",
            "ticker": "HIGHNY-24MAY20-B73.5",
            "count": 13,
            "created_time": "2024-05-21T01:18:01.477127Z",
            "yes_price": 99,
            "no_price": 1,
            "taker_side": "yes"
        },
        {
            "trade_id": "cd7fead9-e6a6-4f16-bd45-7bc6e3e191dd",
            "ticker": "HIGHNY-24MAY20-B73.5",
            "count": 13,
            "created_time": "2024-05-21T00:43:29.739974Z",
            "yes_price": 97,
            "no_price": 3,
            "taker_side": "no"
        },
        {
            "trade_id": "4f5cf3b4-ff71-4b7c-8f2b-fbc119859b7a",
            "ticker": "HIGHNY-24MAY20-B73.5",
            "count": 34,
            "created_time": "2024-05-20T19:41:14.15793Z",
            "yes_price": 44,
            "no_price": 56,
            "taker_side": "no"
        },
        {
            "trade_id": "1b600e60-8db4-4226-b5e0-0ae994d66998",
            "ticker": "HIGHNY-24MAY20-B73.5",
            "count": 17,
            "created_time": "2024-05-20T18:55:24.014047Z",
            "yes_price": 44,
            "no_price": 56,
            "taker_side": "no"
        },
        {
            "trade_id": "749919f2-51fa-496a-899f-8e9aa12c1a0e",
            "ticker": "HIGHNY-24MAY20-B73.5",
            "count": 50,
            "created_time": "2024-05-20T17:53:25.767523Z",
            "yes_price": 59,
            "no_price": 41,
            "taker_side": "yes"
        },
        {
            "trade_id": "e5529dd2-af67-45b9-86bf-38fc7de3781b",
            "ticker": "HIGHNY-24MAY20-B73.5",
            "count": 13,
            "created_time": "2024-05-20T16:42:06.310071Z",
            "yes_price": 60,
            "no_price": 40,
            "taker_side": "yes"
        },
        {
            "trade_id": "6ed03961-2fc8-4078-aa86-d10c119cd88d",
            "ticker": "HIGHNY-24MAY20-B73.5",
            "count": 1,
            "created_time": "2024-05-20T16:22:43.592277Z",
            "yes_price": 60,
            "no_price": 40,
            "taker_side": "yes"
        },
        {
            "trade_id": "8baf7830-8584-4e19-bb15-67c5f063048c",
            "ticker": "HIGHNY-24MAY20-B73.5",
            "count": 46,
            "created_time": "2024-05-20T16:04:56.625094Z",
            "yes_price": 60,
            "no_price": 40,
            "taker_side": "yes"
        },
        {
            "trade_id": "c1ad2a13-ab24-4d08-90c5-5af511e17ec8",
            "ticker": "HIGHNY-24MAY20-B73.5",
            "count": 5,
            "created_time": "2024-05-20T14:13:26.011152Z",
            "yes_price": 75,
            "no_price": 25,
            "taker_side": "yes"
        },
        {
            "trade_id": "d9f6d9b2-0673-4f14-975a-20d276fd0077",
            "ticker": "HIGHNY-24MAY20-B73.5",
            "count": 5,
            "created_time": "2024-05-20T14:13:03.97487Z",
            "yes_price": 75,
            "no_price": 25,
            "taker_side": "yes"
        },
        {
            "trade_id": "3cb9909c-f856-4faa-8cbc-c47b3c00b749",
            "ticker": "HIGHNY-24MAY20-B73.5",
            "count": 7,
            "created_time": "2024-05-20T14:10:57.379907Z",
            "yes_price": 75,
            "no_price": 25,
            "taker_side": "yes"
        },
        {
            "trade_id": "d4d8fd67-70d3-4c3b-89ee-51d426c1bc40",
            "ticker": "HIGHNY-24MAY20-B73.5",
            "count": 45,
            "created_time": "2024-05-20T13:55:14.672414Z",
            "yes_price": 56,
            "no_price": 44,
            "taker_side": "yes"
        },
        {
            "trade_id": "98bbe213-3782-4517-ae93-45cfa8c791a7",
            "ticker": "HIGHNY-24MAY20-B73.5",
            "count": 13,
            "created_time": "2024-05-20T13:55:14.672414Z",
            "yes_price": 54,
            "no_price": 46,
            "taker_side": "yes"
        },
        {
            "trade_id": "d59a5a9e-7246-42fc-90db-7663938a0b8f",
            "ticker": "HIGHNY-24MAY20-B73.5",
            "count": 6,
            "created_time": "2024-05-20T13:18:49.996915Z",
            "yes_price": 52,
            "no_price": 48,
            "taker_side": "yes"
        },
        {
            "trade_id": "014a672f-fb2b-4807-9402-c6c5e543fcdf",
            "ticker": "HIGHNY-24MAY20-B73.5",
            "count": 21,
            "created_time": "2024-05-20T13:18:49.996915Z",
            "yes_price": 54,
            "no_price": 46,
            "taker_side": "yes"
        },
        {
            "trade_id": "8fc48675-6d31-4597-a4f0-a7e5efca862a",
            "ticker": "HIGHNY-24MAY20-B73.5",
            "count": 30,
            "created_time": "2024-05-20T13:04:50.369819Z",
            "yes_price": 49,
            "no_price": 51,
            "taker_side": "yes"
        },
        {
            "trade_id": "7d5ad606-56ce-40be-b0f2-c48dae7ec961",
            "ticker": "HIGHNY-24MAY20-B73.5",
            "count": 75,
            "created_time": "2024-05-20T13:04:50.369819Z",
            "yes_price": 51,
            "no_price": 49,
            "taker_side": "yes"
        },
        {
            "trade_id": "5cde2148-e6e0-41db-a438-8cd00023060f",
            "ticker": "HIGHNY-24MAY20-B73.5",
            "count": 4,
            "created_time": "2024-05-20T13:04:36.917563Z",
            "yes_price": 50,
            "no_price": 50,
            "taker_side": "yes"
        },
        {
            "trade_id": "44ccc395-2af8-4751-b633-722fd02a6c12",
            "ticker": "HIGHNY-24MAY20-B73.5",
            "count": 15,
            "created_time": "2024-05-20T13:04:36.917563Z",
            "yes_price": 48,
            "no_price": 52,
            "taker_side": "yes"
        },
        {
            "trade_id": "2bdaabb7-c1c8-4b13-94e6-981cab0916db",
            "ticker": "HIGHNY-24MAY20-B73.5",
            "count": 11,
            "created_time": "2024-05-20T13:04:36.917563Z",
            "yes_price": 47,
            "no_price": 53,
            "taker_side": "yes"
        },
        {
            "trade_id": "ba1d5c15-5d7b-4826-990f-a7e3bb8a7413",
            "ticker": "HIGHNY-24MAY20-B73.5",
            "count": 98,
            "created_time": "2024-05-20T12:38:11.770261Z",
            "yes_price": 42,
            "no_price": 58,
            "taker_side": "no"
        },
        {
            "trade_id": "202ef5e7-be32-4c27-9f3a-46b59b441a4a",
            "ticker": "HIGHNY-24MAY20-B73.5",
            "count": 2,
            "created_time": "2024-05-20T12:38:11.770261Z",
            "yes_price": 42,
            "no_price": 58,
            "taker_side": "no"
        },
        {
            "trade_id": "fbdeaf8c-4f59-4af8-b249-18877f9f82d6",
            "ticker": "HIGHNY-24MAY20-B73.5",
            "count": 31,
            "created_time": "2024-05-20T12:17:33.891064Z",
            "yes_price": 44,
            "no_price": 56,
            "taker_side": "yes"
        },
        {
            "trade_id": "9239e836-05ba-4c55-bb22-6fb136511487",
            "ticker": "HIGHNY-24MAY20-B73.5",
            "count": 12,
            "created_time": "2024-05-20T12:17:33.891064Z",
            "yes_price": 45,
            "no_price": 55,
            "taker_side": "yes"
        },
        {
            "trade_id": "6b3442ea-4e82-4c81-ade5-bef010cf5ba4",
            "ticker": "HIGHNY-24MAY20-B73.5",
            "count": 10,
            "created_time": "2024-05-20T12:17:33.891064Z",
            "yes_price": 44,
            "no_price": 56,
            "taker_side": "yes"
        },
        {
            "trade_id": "66ca963e-b448-472a-87f8-c0d82bde0a58",
            "ticker": "HIGHNY-24MAY20-B73.5",
            "count": 21,
            "created_time": "2024-05-20T12:17:33.891064Z",
            "yes_price": 44,
            "no_price": 56,
            "taker_side": "yes"
        },
        {
            "trade_id": "34dd46e8-4a22-452f-b411-38d4ef970102",
            "ticker": "HIGHNY-24MAY20-B73.5",
            "count": 105,
            "created_time": "2024-05-20T12:17:33.891064Z",
            "yes_price": 46,
            "no_price": 54,
            "taker_side": "yes"
        },
        {
            "trade_id": "0f2804f7-e405-4a0c-9656-bcf9a4382c9d",
            "ticker": "HIGHNY-24MAY20-B73.5",
            "count": 54,
            "created_time": "2024-05-20T02:28:01.001018Z",
            "yes_price": 28,
            "no_price": 72,
            "taker_side": "no"
        },
        {
            "trade_id": "e1574c29-e498-4da9-bac9-aa5891c5e79e",
            "ticker": "HIGHNY-24MAY20-B73.5",
            "count": 50,
            "created_time": "2024-05-19T22:30:56.81983Z",
            "yes_price": 31,
            "no_price": 69,
            "taker_side": "yes"
        },
        {
            "trade_id": "743301e2-7728-4c18-8d79-94dda3f7bd8b",
            "ticker": "HIGHNY-24MAY20-B73.5",
            "count": 30,
            "created_time": "2024-05-19T22:30:27.03937Z",
            "yes_price": 29,
            "no_price": 71,
            "taker_side": "yes"
        },
        {
            "trade_id": "672f0f33-c4af-4b5b-af95-89169ed121a6",
            "ticker": "HIGHNY-24MAY20-B73.5",
            "count": 30,
            "created_time": "2024-05-19T22:30:27.03937Z",
            "yes_price": 30,
            "no_price": 70,
            "taker_side": "yes"
        },
        {
            "trade_id": "38c6d847-7d68-4f69-9b52-00d48510bd10",
            "ticker": "HIGHNY-24MAY20-B73.5",
            "count": 5,
            "created_time": "2024-05-19T18:48:48.028997Z",
            "yes_price": 26,
            "no_price": 74,
            "taker_side": "no"
        },
        {
            "trade_id": "039c9837-4463-4fb5-990b-eb2c230ced74",
            "ticker": "HIGHNY-24MAY20-B73.5",
            "count": 40,
            "created_time": "2024-05-19T18:25:10.71967Z",
            "yes_price": 32,
            "no_price": 68,
            "taker_side": "yes"
        },
        {
            "trade_id": "91642c34-d87e-437c-8e73-c04374928767",
            "ticker": "HIGHNY-24MAY20-B73.5",
            "count": 60,
            "created_time": "2024-05-19T18:24:51.052431Z",
            "yes_price": 31,
            "no_price": 69,
            "taker_side": "yes"
        },
        {
            "trade_id": "cbde0fe6-6239-446a-a12c-f767bad2a59c",
            "ticker": "HIGHNY-24MAY20-B73.5",
            "count": 12,
            "created_time": "2024-05-19T14:17:01.358986Z",
            "yes_price": 26,
            "no_price": 74,
            "taker_side": "yes"
        },
        {
            "trade_id": "7283b24f-6903-496b-a704-213b44fc7cf2",
            "ticker": "HIGHNY-24MAY20-B73.5",
            "count": 63,
            "created_time": "2024-05-19T14:17:01.358986Z",
            "yes_price": 28,
            "no_price": 72,
            "taker_side": "yes"
        },
        {
            "trade_id": "43d96226-126c-4d68-a739-102a6163697f",
            "ticker": "HIGHNY-24MAY20-B73.5",
            "count": 45,
            "created_time": "2024-05-19T14:12:28.538806Z",
            "yes_price": 22,
            "no_price": 78,
            "taker_side": "yes"
        }
    ],
    "HIGHNY-24MAY20-B75.5": [
        {
            "trade_id": "7e2150b1-632a-430d-b2e9-0a4c0bd04a18",
            "ticker": "HIGHNY-24MAY20-B75.5",
            "count": 5,
            "created_time": "2024-05-21T03:31:31.842675Z",
            "yes_price": 1,
            "no_price": 99,
            "taker_side": "yes"
        },
        {
            "trade_id": "f7bbef5a-2587-431e-b8d8-9681307c371a",
            "ticker": "HIGHNY-24MAY20-B75.5",
            "count": 187,
            "created_time": "2024-05-21T03:27:04.604677Z",
            "yes_price": 1,
            "no_price": 99,
            "taker_side": "yes"
        },
        {
            "trade_id": "d450cbcd-9fc5-4906-b378-094e35de642b",
            "ticker": "HIGHNY-24MAY20-B75.5",
            "count": 21,
            "created_time": "2024-05-20T20:02:32.48663Z",
            "yes_price": 12,
            "no_price": 88,
            "taker_side": "no"
        },
        {
            "trade_id": "14a1a856-8850-44df-8cba-20be47314361",
            "ticker": "HIGHNY-24MAY20-B75.5",
            "count": 79,
            "created_time": "2024-05-20T20:02:32.48663Z",
            "yes_price": 13,
            "no_price": 87,
            "taker_side": "no"
        },
        {
            "trade_id": "ac602d8b-863f-4e74-a266-46490977992f",
            "ticker": "HIGHNY-24MAY20-B75.5",
            "count": 3,
            "created_time": "2024-05-20T14:17:21.930569Z",
            "yes_price": 1,
            "no_price": 99,
            "taker_side": "no"
        },
        {
            "trade_id": "082c3aeb-5375-4d36-a1c9-e902587ca075",
            "ticker": "HIGHNY-24MAY20-B75.5",
            "count": 5,
            "created_time": "2024-05-20T14:13:26.073509Z",
            "yes_price": 20,
            "no_price": 80,
            "taker_side": "no"
        },
        {
            "trade_id": "da328c6c-5ec7-4b07-b984-afc6b53b2726",
            "ticker": "HIGHNY-24MAY20-B75.5",
            "count": 5,
            "created_time": "2024-05-20T14:13:04.049017Z",
            "yes_price": 20,
            "no_price": 80,
            "taker_side": "no"
        },
        {
            "trade_id": "62095b7d-4d9a-4cc0-8ab9-8251d6be7c3c",
            "ticker": "HIGHNY-24MAY20-B75.5",
            "count": 7,
            "created_time": "2024-05-20T14:10:57.459909Z",
            "yes_price": 20,
            "no_price": 80,
            "taker_side": "no"
        },
        {
            "trade_id": "93c1fb9f-b44e-4b38-9855-ca75ae8ef97b",
            "ticker": "HIGHNY-24MAY20-B75.5",
            "count": 7,
            "created_time": "2024-05-20T14:06:08.472276Z",
            "yes_price": 25,
            "no_price": 75,
            "taker_side": "yes"
        },
        {
            "trade_id": "e67a2f04-fce8-4e94-bcaf-9967c53f1dc7",
            "ticker": "HIGHNY-24MAY20-B75.5",
            "count": 22,
            "created_time": "2024-05-20T14:03:42.596235Z",
            "yes_price": 24,
            "no_price": 76,
            "taker_side": "yes"
        },
        {
            "trade_id": "fefc2e40-0d9c-44a8-abcc-a8a51b6b5c94",
            "ticker": "HIGHNY-24MAY20-B75.5",
            "count": 2,
            "created_time": "2024-05-20T12:56:31.202858Z",
            "yes_price": 31,
            "no_price": 69,
            "taker_side": "no"
        },
        {
            "trade_id": "b6f950ad-282c-42a6-853e-a4a84b864584",
            "ticker": "HIGHNY-24MAY20-B75.5",
            "count": 2,
            "created_time": "2024-05-20T12:56:31.202858Z",
            "yes_price": 30,
            "no_price": 70,
            "taker_side": "no"
        },
        {
            "trade_id": "0e7c6b83-fc53-47a0-955a-bc40c7256f12",
            "ticker": "HIGHNY-24MAY20-B75.5",
            "count": 21,
            "created_time": "2024-05-20T12:17:34.012017Z",
            "yes_price": 27,
            "no_price": 73,
            "taker_side": "no"
        },
        {
            "trade_id": "f9c89524-0dcd-496c-beb4-73c1b34da447",
            "ticker": "HIGHNY-24MAY20-B75.5",
            "count": 120,
            "created_time": "2024-05-20T03:56:00.492102Z",
            "yes_price": 35,
            "no_price": 65,
            "taker_side": "yes"
        },
        {
            "trade_id": "cc27a66d-f704-4fda-a80d-b10f1d98b0d8",
            "ticker": "HIGHNY-24MAY20-B75.5",
            "count": 75,
            "created_time": "2024-05-20T03:56:00.492102Z",
            "yes_price": 33,
            "no_price": 67,
            "taker_side": "yes"
        },
        {
            "trade_id": "88b77fd5-72d0-479b-bbd0-27f605edaee0",
            "ticker": "HIGHNY-24MAY20-B75.5",
            "count": 31,
            "created_time": "2024-05-20T03:56:00.492102Z",
            "yes_price": 35,
            "no_price": 65,
            "taker_side": "yes"
        },
        {
            "trade_id": "14bb20ed-1d58-465c-9a0d-aac0d330c0b9",
            "ticker": "HIGHNY-24MAY20-B75.5",
            "count": 27,
            "created_time": "2024-05-20T03:56:00.492102Z",
            "yes_price": 35,
            "no_price": 65,
            "taker_side": "yes"
        },
        {
            "trade_id": "12c04248-2ff1-49bf-b5cf-be6efbc4cb0e",
            "ticker": "HIGHNY-24MAY20-B75.5",
            "count": 61,
            "created_time": "2024-05-20T03:56:00.492102Z",
            "yes_price": 35,
            "no_price": 65,
            "taker_side": "yes"
        },
        {
            "trade_id": "a5197347-2e9e-4b8e-903b-268013261f5c",
            "ticker": "HIGHNY-24MAY20-B75.5",
            "count": 3,
            "created_time": "2024-05-19T22:37:06.128951Z",
            "yes_price": 31,
            "no_price": 69,
            "taker_side": "yes"
        },
        {
            "trade_id": "ff40f47e-b485-4d31-82cc-546d793f2c74",
            "ticker": "HIGHNY-24MAY20-B75.5",
            "count": 3,
            "created_time": "2024-05-19T20:19:19.994434Z",
            "yes_price": 31,
            "no_price": 69,
            "taker_side": "yes"
        },
        {
            "trade_id": "e6e55566-4038-4059-afc8-bafc65a5040e",
            "ticker": "HIGHNY-24MAY20-B75.5",
            "count": 5,
            "created_time": "2024-05-19T20:19:19.994434Z",
            "yes_price": 31,
            "no_price": 69,
            "taker_side": "yes"
        },
        {
            "trade_id": "d173e99b-6a93-4344-bdb3-facdb5657d9b",
            "ticker": "HIGHNY-24MAY20-B75.5",
            "count": 5,
            "created_time": "2024-05-19T18:49:06.327956Z",
            "yes_price": 26,
            "no_price": 74,
            "taker_side": "no"
        },
        {
            "trade_id": "5ad0008c-d228-4812-a5bf-beec05eea0b2",
            "ticker": "HIGHNY-24MAY20-B75.5",
            "count": 30,
            "created_time": "2024-05-19T18:27:12.857472Z",
            "yes_price": 31,
            "no_price": 69,
            "taker_side": "yes"
        },
        {
            "trade_id": "7f428371-8c65-441c-b02e-1e12bbc1b720",
            "ticker": "HIGHNY-24MAY20-B75.5",
            "count": 60,
            "created_time": "2024-05-19T18:26:47.082064Z",
            "yes_price": 31,
            "no_price": 69,
            "taker_side": "yes"
        },
        {
            "trade_id": "5d26708c-8693-4924-af83-965aec1081e3",
            "ticker": "HIGHNY-24MAY20-B75.5",
            "count": 2,
            "created_time": "2024-05-19T18:26:19.601211Z",
            "yes_price": 30,
            "no_price": 70,
            "taker_side": "yes"
        },
        {
            "trade_id": "c65192b0-5b91-4768-81ea-d9c3ba481e4d",
            "ticker": "HIGHNY-24MAY20-B75.5",
            "count": 5,
            "created_time": "2024-05-19T15:29:44.148703Z",
            "yes_price": 30,
            "no_price": 70,
            "taker_side": "yes"
        },
        {
            "trade_id": "cbf44896-c2e1-4c49-8eaf-e8f4c016efea",
            "ticker": "HIGHNY-24MAY20-B75.5",
            "count": 1,
            "created_time": "2024-05-19T15:29:43.819563Z",
            "yes_price": 29,
            "no_price": 71,
            "taker_side": "yes"
        },
        {
            "trade_id": "a2e63d17-6c6c-4bc7-8e3f-80c1ce86a65c",
            "ticker": "HIGHNY-24MAY20-B75.5",
            "count": 1,
            "created_time": "2024-05-19T15:05:45.928419Z",
            "yes_price": 30,
            "no_price": 70,
            "taker_side": "yes"
        },
        {
            "trade_id": "22df1fb9-ec7f-42b6-b6bf-e8f3f20be3cb",
            "ticker": "HIGHNY-24MAY20-B75.5",
            "count": 1,
            "created_time": "2024-05-19T15:05:09.174892Z",
            "yes_price": 30,
            "no_price": 70,
            "taker_side": "yes"
        },
        {
            "trade_id": "d7d52e0f-5c31-4ca6-8351-118ca3e19833",
            "ticker": "HIGHNY-24MAY20-B75.5",
            "count": 1,
            "created_time": "2024-05-19T15:03:30.065205Z",
            "yes_price": 30,
            "no_price": 70,
            "taker_side": "yes"
        },
        {
            "trade_id": "26634fba-9b9e-4e6a-bced-c38f16c7fc70",
            "ticker": "HIGHNY-24MAY20-B75.5",
            "count": 1,
            "created_time": "2024-05-19T15:01:45.850481Z",
            "yes_price": 30,
            "no_price": 70,
            "taker_side": "yes"
        }
    ],
    "HIGHNY-24MAY20-B77.5": [
        {
            "trade_id": "e0d00f00-0492-4fa4-90ad-1614a64ddf9e",
            "ticker": "HIGHNY-24MAY20-B77.5",
            "count": 187,
            "created_time": "2024-05-21T03:27:19.500316Z",
            "yes_price": 1,
            "no_price": 99,
            "taker_side": "yes"
        },
        {
            "trade_id": "9b4fe7ef-7425-4f97-b2ea-4cb33df7021b",
            "ticker": "HIGHNY-24MAY20-B77.5",
            "count": 1,
            "created_time": "2024-05-20T20:04:42.960478Z",
            "yes_price": 1,
            "no_price": 99,
            "taker_side": "no"
        },
        {
            "trade_id": "d959263c-74ba-40b4-aed4-61487371a0d9",
            "ticker": "HIGHNY-24MAY20-B77.5",
            "count": 24,
            "created_time": "2024-05-20T16:42:26.514998Z",
            "yes_price": 99,
            "no_price": 1,
            "taker_side": "yes"
        },
        {
            "trade_id": "b5cb809e-6c50-4326-8231-8c54b80340c9",
            "ticker": "HIGHNY-24MAY20-B77.5",
            "count": 11,
            "created_time": "2024-05-20T16:42:26.514998Z",
            "yes_price": 24,
            "no_price": 76,
            "taker_side": "yes"
        },
        {
            "trade_id": "ac1e048e-51dd-493e-a941-14a300234daf",
            "ticker": "HIGHNY-24MAY20-B77.5",
            "count": 11,
            "created_time": "2024-05-20T16:42:26.514998Z",
            "yes_price": 23,
            "no_price": 77,
            "taker_side": "yes"
        },
        {
            "trade_id": "9a799d35-c14a-4a8d-8b18-dcb6305ed414",
            "ticker": "HIGHNY-24MAY20-B77.5",
            "count": 27,
            "created_time": "2024-05-20T15:34:53.236623Z",
            "yes_price": 16,
            "no_price": 84,
            "taker_side": "yes"
        },
        {
            "trade_id": "591403fa-9ad3-46bc-ae78-7e1e153643d6",
            "ticker": "HIGHNY-24MAY20-B77.5",
            "count": 3,
            "created_time": "2024-05-20T15:34:53.236623Z",
            "yes_price": 11,
            "no_price": 89,
            "taker_side": "yes"
        },
        {
            "trade_id": "20f886bd-ac2e-4b15-9ad2-e248c4c8a611",
            "ticker": "HIGHNY-24MAY20-B77.5",
            "count": 85,
            "created_time": "2024-05-20T15:26:33.515422Z",
            "yes_price": 11,
            "no_price": 89,
            "taker_side": "yes"
        },
        {
            "trade_id": "97c62eba-34d9-4259-811c-bdf3ae5b0520",
            "ticker": "HIGHNY-24MAY20-B77.5",
            "count": 5,
            "created_time": "2024-05-20T14:13:26.078247Z",
            "yes_price": 5,
            "no_price": 95,
            "taker_side": "no"
        },
        {
            "trade_id": "9b473f58-7166-4e8a-8d17-7029833d8fc2",
            "ticker": "HIGHNY-24MAY20-B77.5",
            "count": 5,
            "created_time": "2024-05-20T14:13:04.051832Z",
            "yes_price": 5,
            "no_price": 95,
            "taker_side": "no"
        },
        {
            "trade_id": "50bf86d4-52f9-4592-8148-9145b1ddf5c5",
            "ticker": "HIGHNY-24MAY20-B77.5",
            "count": 7,
            "created_time": "2024-05-20T14:10:57.460945Z",
            "yes_price": 5,
            "no_price": 95,
            "taker_side": "no"
        },
        {
            "trade_id": "8099580d-880f-41c9-89d3-e09415552b4b",
            "ticker": "HIGHNY-24MAY20-B77.5",
            "count": 200,
            "created_time": "2024-05-20T13:55:28.691589Z",
            "yes_price": 5,
            "no_price": 95,
            "taker_side": "no"
        },
        {
            "trade_id": "b712f0f7-827d-4fc0-8f4a-70bf5762e2cf",
            "ticker": "HIGHNY-24MAY20-B77.5",
            "count": 1,
            "created_time": "2024-05-20T12:37:51.040229Z",
            "yes_price": 5,
            "no_price": 95,
            "taker_side": "no"
        },
        {
            "trade_id": "422205dd-64a8-484c-8451-22ff64715fde",
            "ticker": "HIGHNY-24MAY20-B77.5",
            "count": 21,
            "created_time": "2024-05-20T12:17:33.979672Z",
            "yes_price": 5,
            "no_price": 95,
            "taker_side": "no"
        },
        {
            "trade_id": "95167e8b-1194-46ec-81f5-3e7d72d750da",
            "ticker": "HIGHNY-24MAY20-B77.5",
            "count": 60,
            "created_time": "2024-05-20T03:56:17.12174Z",
            "yes_price": 19,
            "no_price": 81,
            "taker_side": "yes"
        },
        {
            "trade_id": "9129c3dc-1388-4430-b5f6-d42b23a7d2bd",
            "ticker": "HIGHNY-24MAY20-B77.5",
            "count": 105,
            "created_time": "2024-05-20T03:55:46.937034Z",
            "yes_price": 19,
            "no_price": 81,
            "taker_side": "yes"
        },
        {
            "trade_id": "7c87fba1-7f6a-4aaf-8007-e72478990972",
            "ticker": "HIGHNY-24MAY20-B77.5",
            "count": 90,
            "created_time": "2024-05-20T03:55:30.542847Z",
            "yes_price": 18,
            "no_price": 82,
            "taker_side": "yes"
        },
        {
            "trade_id": "3f8571e1-554a-4df7-9c27-48918a64b9fa",
            "ticker": "HIGHNY-24MAY20-B77.5",
            "count": 150,
            "created_time": "2024-05-20T03:55:30.542847Z",
            "yes_price": 19,
            "no_price": 81,
            "taker_side": "yes"
        },
        {
            "trade_id": "edea0b7c-0dde-4b00-bdbb-5ff260c3f8fa",
            "ticker": "HIGHNY-24MAY20-B77.5",
            "count": 150,
            "created_time": "2024-05-20T03:54:46.766844Z",
            "yes_price": 18,
            "no_price": 82,
            "taker_side": "yes"
        },
        {
            "trade_id": "e4f37b7c-810a-4ff2-849c-967bd7e3c6e9",
            "ticker": "HIGHNY-24MAY20-B77.5",
            "count": 120,
            "created_time": "2024-05-20T03:54:46.766844Z",
            "yes_price": 17,
            "no_price": 83,
            "taker_side": "yes"
        },
        {
            "trade_id": "4f9cf1b5-6f8f-4476-b5fa-f112d4018f25",
            "ticker": "HIGHNY-24MAY20-B77.5",
            "count": 120,
            "created_time": "2024-05-20T03:54:46.766844Z",
            "yes_price": 16,
            "no_price": 84,
            "taker_side": "yes"
        },
        {
            "trade_id": "94b27d1b-a828-4295-9632-7dfa0f89e49d",
            "ticker": "HIGHNY-24MAY20-B77.5",
            "count": 135,
            "created_time": "2024-05-20T02:58:55.796975Z",
            "yes_price": 12,
            "no_price": 88,
            "taker_side": "no"
        },
        {
            "trade_id": "7bae5537-a745-4d2d-9430-fb26f41436cc",
            "ticker": "HIGHNY-24MAY20-B77.5",
            "count": 105,
            "created_time": "2024-05-20T02:58:42.993143Z",
            "yes_price": 13,
            "no_price": 87,
            "taker_side": "no"
        },
        {
            "trade_id": "3357e790-231d-4a56-bf9d-f4fa3280e264",
            "ticker": "HIGHNY-24MAY20-B77.5",
            "count": 90,
            "created_time": "2024-05-20T02:58:42.993143Z",
            "yes_price": 13,
            "no_price": 87,
            "taker_side": "no"
        },
        {
            "trade_id": "f1e00e65-024a-4948-91e2-f9c4c5774859",
            "ticker": "HIGHNY-24MAY20-B77.5",
            "count": 90,
            "created_time": "2024-05-20T02:58:01.565832Z",
            "yes_price": 14,
            "no_price": 86,
            "taker_side": "no"
        },
        {
            "trade_id": "6cf4d8b6-19c2-4c98-8f01-5137ab3e8d68",
            "ticker": "HIGHNY-24MAY20-B77.5",
            "count": 5,
            "created_time": "2024-05-20T02:57:57.087011Z",
            "yes_price": 18,
            "no_price": 82,
            "taker_side": "yes"
        },
        {
            "trade_id": "3e48dbe4-6879-4bb6-95d8-8502a921a1f7",
            "ticker": "HIGHNY-24MAY20-B77.5",
            "count": 5,
            "created_time": "2024-05-20T02:57:49.644174Z",
            "yes_price": 17,
            "no_price": 83,
            "taker_side": "no"
        },
        {
            "trade_id": "83e0308e-9773-41a8-a083-f59d8727f4d1",
            "ticker": "HIGHNY-24MAY20-B77.5",
            "count": 5,
            "created_time": "2024-05-20T02:56:27.490995Z",
            "yes_price": 18,
            "no_price": 82,
            "taker_side": "no"
        },
        {
            "trade_id": "568d328f-6daa-4797-83ae-5cdda5f4a481",
            "ticker": "HIGHNY-24MAY20-B77.5",
            "count": 5,
            "created_time": "2024-05-20T02:45:15.96354Z",
            "yes_price": 18,
            "no_price": 82,
            "taker_side": "yes"
        },
        {
            "trade_id": "263c8f79-447b-4e33-afda-f6aefb38205c",
            "ticker": "HIGHNY-24MAY20-B77.5",
            "count": 5,
            "created_time": "2024-05-20T02:45:10.191724Z",
            "yes_price": 18,
            "no_price": 82,
            "taker_side": "yes"
        },
        {
            "trade_id": "20cf1947-ab5c-4848-b263-06f8785f4c92",
            "ticker": "HIGHNY-24MAY20-B77.5",
            "count": 5,
            "created_time": "2024-05-20T02:44:33.148577Z",
            "yes_price": 18,
            "no_price": 82,
            "taker_side": "no"
        },
        {
            "trade_id": "9b55e0c9-63d3-48a9-92a0-9f62c627990c",
            "ticker": "HIGHNY-24MAY20-B77.5",
            "count": 5,
            "created_time": "2024-05-20T02:32:22.841716Z",
            "yes_price": 18,
            "no_price": 82,
            "taker_side": "no"
        },
        {
            "trade_id": "ebc03b66-ee3b-4099-a4a3-85ff9fbf05b8",
            "ticker": "HIGHNY-24MAY20-B77.5",
            "count": 5,
            "created_time": "2024-05-20T02:20:31.061053Z",
            "yes_price": 18,
            "no_price": 82,
            "taker_side": "no"
        },
        {
            "trade_id": "21389bd6-d3de-4191-b388-bd798b41e0d3",
            "ticker": "HIGHNY-24MAY20-B77.5",
            "count": 5,
            "created_time": "2024-05-20T02:11:17.277462Z",
            "yes_price": 18,
            "no_price": 82,
            "taker_side": "yes"
        },
        {
            "trade_id": "b5b6c173-db65-4d8f-af38-906d75006af0",
            "ticker": "HIGHNY-24MAY20-B77.5",
            "count": 5,
            "created_time": "2024-05-20T02:10:27.504712Z",
            "yes_price": 18,
            "no_price": 82,
            "taker_side": "yes"
        },
        {
            "trade_id": "7a835f8f-ee0f-43b8-8e6c-03036367f203",
            "ticker": "HIGHNY-24MAY20-B77.5",
            "count": 5,
            "created_time": "2024-05-20T02:10:15.26365Z",
            "yes_price": 18,
            "no_price": 82,
            "taker_side": "yes"
        },
        {
            "trade_id": "bef95e50-abc8-4e2f-aef2-ab04fa70114b",
            "ticker": "HIGHNY-24MAY20-B77.5",
            "count": 5,
            "created_time": "2024-05-20T02:10:09.679033Z",
            "yes_price": 18,
            "no_price": 82,
            "taker_side": "yes"
        },
        {
            "trade_id": "6e665a92-378f-4865-bb8e-c8aa19b0d9c2",
            "ticker": "HIGHNY-24MAY20-B77.5",
            "count": 5,
            "created_time": "2024-05-20T02:08:33.737663Z",
            "yes_price": 18,
            "no_price": 82,
            "taker_side": "no"
        },
        {
            "trade_id": "213d1647-c586-48e1-ac27-1885abc66100",
            "ticker": "HIGHNY-24MAY20-B77.5",
            "count": 5,
            "created_time": "2024-05-20T01:58:45.330313Z",
            "yes_price": 18,
            "no_price": 82,
            "taker_side": "yes"
        },
        {
            "trade_id": "5856e82c-d7f5-4e98-a3a5-4b0312ce2f8a",
            "ticker": "HIGHNY-24MAY20-B77.5",
            "count": 5,
            "created_time": "2024-05-20T01:57:50.098502Z",
            "yes_price": 18,
            "no_price": 82,
            "taker_side": "yes"
        },
        {
            "trade_id": "1b9e1df0-88af-4076-84ce-43bef920b397",
            "ticker": "HIGHNY-24MAY20-B77.5",
            "count": 5,
            "created_time": "2024-05-20T01:56:25.799855Z",
            "yes_price": 18,
            "no_price": 82,
            "taker_side": "no"
        },
        {
            "trade_id": "8acb2e83-8c07-4c6d-abc3-9351ab34f420",
            "ticker": "HIGHNY-24MAY20-B77.5",
            "count": 5,
            "created_time": "2024-05-20T01:46:25.535332Z",
            "yes_price": 18,
            "no_price": 82,
            "taker_side": "yes"
        },
        {
            "trade_id": "33e780e0-8370-466d-b9df-7a96a18a2616",
            "ticker": "HIGHNY-24MAY20-B77.5",
            "count": 5,
            "created_time": "2024-05-20T01:45:32.801513Z",
            "yes_price": 18,
            "no_price": 82,
            "taker_side": "yes"
        },
        {
            "trade_id": "283200dc-6a64-4109-b84e-ff6200c9fa94",
            "ticker": "HIGHNY-24MAY20-B77.5",
            "count": 5,
            "created_time": "2024-05-20T01:44:27.839204Z",
            "yes_price": 18,
            "no_price": 82,
            "taker_side": "no"
        },
        {
            "trade_id": "e732ca3a-d483-4687-bf93-eb62f55203b9",
            "ticker": "HIGHNY-24MAY20-B77.5",
            "count": 5,
            "created_time": "2024-05-20T01:38:40.660505Z",
            "yes_price": 18,
            "no_price": 82,
            "taker_side": "yes"
        },
        {
            "trade_id": "08e63857-6e15-4c1b-b2df-9b4b38dfce45",
            "ticker": "HIGHNY-24MAY20-B77.5",
            "count": 5,
            "created_time": "2024-05-20T01:37:47.670669Z",
            "yes_price": 18,
            "no_price": 82,
            "taker_side": "yes"
        },
        {
            "trade_id": "a250ffaa-7ffe-4c95-8b5e-2f080edc1770",
            "ticker": "HIGHNY-24MAY20-B77.5",
            "count": 5,
            "created_time": "2024-05-20T01:36:53.650544Z",
            "yes_price": 18,
            "no_price": 82,
            "taker_side": "yes"
        },
        {
            "trade_id": "257ba59e-d727-40a8-bc8c-203475d4df40",
            "ticker": "HIGHNY-24MAY20-B77.5",
            "count": 30,
            "created_time": "2024-05-19T22:39:16.315542Z",
            "yes_price": 17,
            "no_price": 83,
            "taker_side": "yes"
        },
        {
            "trade_id": "002ee057-d01d-4100-8cbb-d909ba6c8173",
            "ticker": "HIGHNY-24MAY20-B77.5",
            "count": 30,
            "created_time": "2024-05-19T22:38:27.27227Z",
            "yes_price": 17,
            "no_price": 83,
            "taker_side": "yes"
        },
        {
            "trade_id": "3fd35972-6229-4e53-9269-a162719bb01d",
            "ticker": "HIGHNY-24MAY20-B77.5",
            "count": 30,
            "created_time": "2024-05-19T22:37:39.804678Z",
            "yes_price": 17,
            "no_price": 83,
            "taker_side": "yes"
        },
        {
            "trade_id": "f38287ab-e9ac-4867-904c-452389a11e2a",
            "ticker": "HIGHNY-24MAY20-B77.5",
            "count": 30,
            "created_time": "2024-05-19T22:36:41.616329Z",
            "yes_price": 17,
            "no_price": 83,
            "taker_side": "no"
        },
        {
            "trade_id": "f5d15a7d-6d8d-4837-9c13-c187f74bcfab",
            "ticker": "HIGHNY-24MAY20-B77.5",
            "count": 85,
            "created_time": "2024-05-19T22:29:01.851895Z",
            "yes_price": 16,
            "no_price": 84,
            "taker_side": "no"
        },
        {
            "trade_id": "cae0d1e2-e5aa-4b0d-84f9-71be26597243",
            "ticker": "HIGHNY-24MAY20-B77.5",
            "count": 15,
            "created_time": "2024-05-19T22:29:01.851895Z",
            "yes_price": 17,
            "no_price": 83,
            "taker_side": "no"
        },
        {
            "trade_id": "65d7db01-dc8f-47fc-90e2-b176e2b4d11b",
            "ticker": "HIGHNY-24MAY20-B77.5",
            "count": 15,
            "created_time": "2024-05-19T22:28:09.261754Z",
            "yes_price": 17,
            "no_price": 83,
            "taker_side": "no"
        },
        {
            "trade_id": "2bca9d52-a656-40a0-9f7e-ca0d1453e87a",
            "ticker": "HIGHNY-24MAY20-B77.5",
            "count": 15,
            "created_time": "2024-05-19T22:28:09.261754Z",
            "yes_price": 18,
            "no_price": 82,
            "taker_side": "no"
        },
        {
            "trade_id": "68d883d1-7dd5-4836-aace-9d8c9af0e3b8",
            "ticker": "HIGHNY-24MAY20-B77.5",
            "count": 75,
            "created_time": "2024-05-19T20:18:37.175597Z",
            "yes_price": 20,
            "no_price": 80,
            "taker_side": "yes"
        },
        {
            "trade_id": "db5fdf6c-71f7-44fd-9aab-ea00a367cdf5",
            "ticker": "HIGHNY-24MAY20-B77.5",
            "count": 15,
            "created_time": "2024-05-19T20:18:09.065591Z",
            "yes_price": 19,
            "no_price": 81,
            "taker_side": "yes"
        },
        {
            "trade_id": "a2c92ea7-bad4-4462-a82f-e5e1ed9eea57",
            "ticker": "HIGHNY-24MAY20-B77.5",
            "count": 5,
            "created_time": "2024-05-19T18:48:56.990555Z",
            "yes_price": 14,
            "no_price": 86,
            "taker_side": "no"
        }
    ],
    "HIGHNY-24MAY20-T78": [
        {
            "trade_id": "e23d7a22-9997-40d1-b999-135ddd3e3772",
            "ticker": "HIGHNY-24MAY20-T78",
            "count": 187,
            "created_time": "2024-05-21T03:27:46.161022Z",
            "yes_price": 1,
            "no_price": 99,
            "taker_side": "yes"
        },
        {
            "trade_id": "305cabc9-ede6-486a-a5c0-b5d318654275",
            "ticker": "HIGHNY-24MAY20-T78",
            "count": 6,
            "created_time": "2024-05-20T20:18:52.251903Z",
            "yes_price": 1,
            "no_price": 99,
            "taker_side": "no"
        },
        {
            "trade_id": "a2b4d595-2e2c-47b4-b0a4-805865307203",
            "ticker": "HIGHNY-24MAY20-T78",
            "count": 6,
            "created_time": "2024-05-20T15:28:24.725882Z",
            "yes_price": 15,
            "no_price": 85,
            "taker_side": "yes"
        },
        {
            "trade_id": "11a40581-20a1-4380-b5b3-9e055e866180",
            "ticker": "HIGHNY-24MAY20-T78",
            "count": 6,
            "created_time": "2024-05-20T15:28:24.725882Z",
            "yes_price": 16,
            "no_price": 84,
            "taker_side": "yes"
        },
        {
            "trade_id": "1933e6ca-377a-4a7d-b851-da6d802ba297",
            "ticker": "HIGHNY-24MAY20-T78",
            "count": 5,
            "created_time": "2024-05-20T14:13:26.091066Z",
            "yes_price": 1,
            "no_price": 99,
            "taker_side": "no"
        },
        {
            "trade_id": "8f6a5a92-1ee7-4b44-b5f2-182d790431f2",
            "ticker": "HIGHNY-24MAY20-T78",
            "count": 5,
            "created_time": "2024-05-20T14:13:04.050791Z",
            "yes_price": 1,
            "no_price": 99,
            "taker_side": "no"
        },
        {
            "trade_id": "96f668c4-d2da-44eb-af50-1d987c40c7d6",
            "ticker": "HIGHNY-24MAY20-T78",
            "count": 7,
            "created_time": "2024-05-20T14:10:57.463759Z",
            "yes_price": 1,
            "no_price": 99,
            "taker_side": "no"
        },
        {
            "trade_id": "b912c169-241d-486a-b85e-af7c8436787b",
            "ticker": "HIGHNY-24MAY20-T78",
            "count": 21,
            "created_time": "2024-05-20T12:17:33.981971Z",
            "yes_price": 1,
            "no_price": 99,
            "taker_side": "no"
        },
        {
            "trade_id": "515b02d3-49fd-4526-bce4-b5bbc6169a0d",
            "ticker": "HIGHNY-24MAY20-T78",
            "count": 5,
            "created_time": "2024-05-20T01:34:52.397414Z",
            "yes_price": 16,
            "no_price": 84,
            "taker_side": "yes"
        }
    ]
}