{
    "HIGHNY-24MAR01-T42": [],
    "HIGHNY-24MAR01-B42.5": [
        {
            "trade_id": "6ffa9488-597a-48e6-8041-3f8d64c91906",
            "ticker": "HIGHNY-24MAR01-B42.5",
            "count": 2731,
            "created_time": "2024-03-01T18:49:16.805243Z",
            "yes_price": 1,
            "no_price": 99,
            "taker_side": "yes"
        },
        {
            "trade_id": "5ef7c3e9-6b41-43ff-8cc9-42899df2d034",
            "ticker": "HIGHNY-24MAR01-B42.5",
            "count": 1000,
            "created_time": "2024-03-01T18:49:16.805243Z",
            "yes_price": 1,
            "no_price": 99,
            "taker_side": "yes"
        },
        {
            "trade_id": "fbe619fa-7284-4a85-9d81-719ee17fdb83",
            "ticker": "HIGHNY-24MAR01-B42.5",
            "count": 1,
            "created_time": "2024-03-01T16:52:52.990065Z",
            "yes_price": 4,
            "no_price": 96,
            "taker_side": "no"
        },
        {
            "trade_id": "2c37a357-74b1-45e8-851e-74b72117ee33",
            "ticker": "HIGHNY-24MAR01-B42.5",
            "count": 36,
            "created_time": "2024-03-01T16:52:52.990065Z",
            "yes_price": 6,
            "no_price": 94,
            "taker_side": "no"
        },
        {
            "trade_id": "a0566293-5f90-4441-8828-15ee56474180",
            "ticker": "HIGHNY-24MAR01-B42.5",
            "count": 2,
            "created_time": "2024-03-01T00:12:33.203177Z",
            "yes_price": 19,
            "no_price": 81,
            "taker_side": "yes"
        },
        {
            "trade_id": "99131e2b-0563-4d1c-b158-c19890794e2d",
            "ticker": "HIGHNY-24MAR01-B42.5",
            "count": 7,
            "created_time": "2024-02-29T15:15:35.755313Z",
            "yes_price": 12,
            "no_price": 88,
            "taker_side": "no"
        }
    ],
    "HIGHNY-24MAR01-B44.5": [
        {
            "trade_id": "f005939c-1b21-45f9-bb72-28cf5609b277",
            "ticker": "HIGHNY-24MAR01-B44.5",
            "count": 467,
            "created_time": "2024-03-01T20:04:28.777146Z",
            "yes_price": 2,
            "no_price": 98,
            "taker_side": "yes"
        },
        {
            "trade_id": "3d850c15-9546-4abd-8195-2de1baa2fff5",
            "ticker": "HIGHNY-24MAR01-B44.5",
            "count": 3620,
            "created_time": "2024-03-01T18:50:45.872995Z",
            "yes_price": 1,
            "no_price": 99,
            "taker_side": "yes"
        },
        {
            "trade_id": "0c9e9b31-7be4-4554-a739-d4174bf3a103",
            "ticker": "HIGHNY-24MAR01-B44.5",
            "count": 1000,
            "created_time": "2024-03-01T18:50:45.872995Z",
            "yes_price": 1,
            "no_price": 99,
            "taker_side": "yes"
        },
        {
            "trade_id": "67df41f3-776b-466c-8dd3-f14b75a7ccee",
            "ticker": "HIGHNY-24MAR01-B44.5",
            "count": 38,
            "created_time": "2024-03-01T17:00:54.784506Z",
            "yes_price": 50,
            "no_price": 50,
            "taker_side": "yes"
        },
        {
            "trade_id": "d27a62a3-0d05-456d-a7ff-907803631015",
            "ticker": "HIGHNY-24MAR01-B44.5",
            "count": 16,
            "created_time": "2024-03-01T15:25:44.942713Z",
            "yes_price": 40,
            "no_price": 60,
            "taker_side": "yes"
        },
        {
            "trade_id": "d0dfebc1-e950-4be2-a656-95c35c75b590",
            "ticker": "HIGHNY-24MAR01-B44.5",
            "count": 25,
            "created_time": "2024-03-01T15:25:44.942713Z",
            "yes_price": 43,
            "no_price": 57,
            "taker_side": "yes"
        },
        {
            "trade_id": "beecad0c-740c-43f2-874b-da6ec3fd02c9",
            "ticker": "HIGHNY-24MAR01-B44.5",
            "count": 8,
            "created_time": "2024-03-01T13:49:40.044924Z",
            "yes_price": 57,
            "no_price": 43,
            "taker_side": "yes"
        },
        {
            "trade_id": "c6f4663c-ef40-43f2-9e94-954e8614f1cc",
            "ticker": "HIGHNY-24MAR01-B44.5",
            "count": 7,
            "created_time": "2024-03-01T13:49:16.084885Z",
            "yes_price": 57,
            "no_price": 43,
            "taker_side": "yes"
        },
        {
            "trade_id": "74d8cb21-0e3c-40ce-aa28-0902a32abcac",
            "ticker": "HIGHNY-24MAR01-B44.5",
            "count": 1,
            "created_time": "2024-03-01T13:49:16.084885Z",
            "yes_price": 56,
            "no_price": 44,
            "taker_side": "yes"
        },
        {
            "trade_id": "05631164-4d75-4605-b83a-4ecbd0b2a45d",
            "ticker": "HIGHNY-24MAR01-B44.5",
            "count": 8,
            "created_time": "2024-03-01T13:48:59.651168Z",
            "yes_price": 56,
            "no_price": 44,
            "taker_side": "yes"
        },
        {
            "trade_id": "2bf7c1bf-5f26-485d-ad0e-f03f9ef00766",
            "ticker": "HIGHNY-24MAR01-B44.5",
            "count": 8,
            "created_time": "2024-03-01T13:48:36.924088Z",
            "yes_price": 56,
            "no_price": 44,
            "taker_side": "yes"
        },
        {
            "trade_id": "fc49b108-e93f-42cb-8a21-0cf62d3a3b4f",
            "ticker": "HIGHNY-24MAR01-B44.5",
            "count": 30,
            "created_time": "2024-03-01T13:05:04.483699Z",
            "yes_price": 49,
            "no_price": 51,
            "taker_side": "no"
        },
        {
            "trade_id": "a92eabdc-5a88-49b6-9070-ddfc0a43ff82",
            "ticker": "HIGHNY-24MAR01-B44.5",
            "count": 78,
            "created_time": "2024-03-01T13:04:50.618391Z",
            "yes_price": 50,
            "no_price": 50,
            "taker_side": "no"
        },
        {
            "trade_id": "113175ce-d45a-4773-8584-8bf23f44f2d2",
            "ticker": "HIGHNY-24MAR01-B44.5",
            "count": 39,
            "created_time": "2024-03-01T13:04:50.618391Z",
            "yes_price": 52,
            "no_price": 48,
            "taker_side": "no"
        },
        {
            "trade_id": "e07610b7-6ba9-49c8-b947-07cc596d5825",
            "ticker": "HIGHNY-24MAR01-B44.5",
            "count": 53,
            "created_time": "2024-03-01T01:22:21.11664Z",
            "yes_price": 43,
            "no_price": 57,
            "taker_side": "yes"
        },
        {
            "trade_id": "86ccf946-f1b3-4f07-acf7-4210d32b7fd9",
            "ticker": "HIGHNY-24MAR01-B44.5",
            "count": 53,
            "created_time": "2024-03-01T01:22:09.631704Z",
            "yes_price": 41,
            "no_price": 59,
            "taker_side": "yes"
        },
        {
            "trade_id": "d9e2e45e-6985-4992-bb8e-661165bf57c4",
            "ticker": "HIGHNY-24MAR01-B44.5",
            "count": 21,
            "created_time": "2024-03-01T01:22:03.077356Z",
            "yes_price": 40,
            "no_price": 60,
            "taker_side": "yes"
        },
        {
            "trade_id": "7394860d-d607-4a94-9103-cd35f38124ef",
            "ticker": "HIGHNY-24MAR01-B44.5",
            "count": 15,
            "created_time": "2024-03-01T00:39:15.972113Z",
            "yes_price": 38,
            "no_price": 62,
            "taker_side": "yes"
        },
        {
            "trade_id": "391d63d9-a31b-4e00-b903-79cf13173347",
            "ticker": "HIGHNY-24MAR01-B44.5",
            "count": 32,
            "created_time": "2024-03-01T00:39:15.972113Z",
            "yes_price": 38,
            "no_price": 62,
            "taker_side": "yes"
        },
        {
            "trade_id": "410b4d54-4eaa-404e-995e-287e549e5921",
            "ticker": "HIGHNY-24MAR01-B44.5",
            "count": 4,
            "created_time": "2024-02-29T20:38:43.324411Z",
            "yes_price": 31,
            "no_price": 69,
            "taker_side": "no"
        },
        {
            "trade_id": "39bd1365-43f1-4602-9886-e249ea20d446",
            "ticker": "HIGHNY-24MAR01-B44.5",
            "count": 33,
            "created_time": "2024-02-29T18:02:22.249635Z",
            "yes_price": 37,
            "no_price": 63,
            "taker_side": "yes"
        },
        {
            "trade_id": "873b51dd-4878-46b9-b056-eb135b3e98c6",
            "ticker": "HIGHNY-24MAR01-B44.5",
            "count": 112,
            "created_time": "2024-02-29T18:01:47.750672Z",
            "yes_price": 36,
            "no_price": 64,
            "taker_side": "yes"
        },
        {
            "trade_id": "4fe99483-1f1e-4740-8aa9-5ea69283126a",
            "ticker": "HIGHNY-24MAR01-B44.5",
            "count": 11,
            "created_time": "2024-02-29T18:01:47.750672Z",
            "yes_price": 34,
            "no_price": 66,
            "taker_side": "yes"
        },
        {
            "trade_id": "25ecb660-ffcf-43e5-8371-e51b4ceeb752",
            "ticker": "HIGHNY-24MAR01-B44.5",
            "count": 112,
            "created_time": "2024-02-29T18:01:47.750672Z",
            "yes_price": 38,
            "no_price": 62,
            "taker_side": "yes"
        },
        {
            "trade_id": "24debafd-3df9-4d1e-84bd-3d1313532fe9",
            "ticker": "HIGHNY-24MAR01-B44.5",
            "count": 1,
            "created_time": "2024-02-29T17:30:24.271517Z",
            "yes_price": 30,
            "no_price": 70,
            "taker_side": "no"
        },
        {
            "trade_id": "aef75f2d-06c7-47fd-81e8-68bb6b72fb55",
            "ticker": "HIGHNY-24MAR01-B44.5",
            "count": 7,
            "created_time": "2024-02-29T15:15:35.992742Z",
            "yes_price": 36,
            "no_price": 64,
            "taker_side": "no"
        },
        {
            "trade_id": "0b7cd11f-568a-4ca1-9208-ee71bba6e926",
            "ticker": "HIGHNY-24MAR01-B44.5",
            "count": 3,
            "created_time": "2024-02-29T15:14:29.74772Z",
            "yes_price": 43,
            "no_price": 57,
            "taker_side": "yes"
        },
        {
            "trade_id": "ad06b391-072d-4c7e-a9e9-baaac720239a",
            "ticker": "HIGHNY-24MAR01-B44.5",
            "count": 1,
            "created_time": "2024-02-29T15:10:09.527288Z",
            "yes_price": 32,
            "no_price": 68,
            "taker_side": "yes"
        }
    ],
    "HIGHNY-24MAR01-B46.5": [
        {
            "trade_id": "ea4bdf7b-4c09-45b0-93e6-060a3b0538d5",
            "ticker": "HIGHNY-24MAR01-B46.5",
            "count": 24,
            "created_time": "2024-03-01T23:56:18.672175Z",
            "yes_price": 1,
            "no_price": 99,
            "taker_side": "yes"
        },
        {
            "trade_id": "28407f69-e9b6-423b-a9a5-2e89191e2b49",
            "ticker": "HIGHNY-24MAR01-B46.5",
            "count": 69,
            "created_time": "2024-03-01T23:56:18.672175Z",
            "yes_price": 1,
            "no_price": 99,
            "taker_side": "yes"
        },
        {
            "trade_id": "e042adb9-9a67-4bfe-bde2-893ae4382877",
            "ticker": "HIGHNY-24MAR01-B46.5",
            "count": 1000,
            "created_time": "2024-03-01T18:59:35.83699Z",
            "yes_price": 1,
            "no_price": 99,
            "taker_side": "yes"
        },
        {
            "trade_id": "07f58bcc-3a2a-495d-9c1d-0f121d375d13",
            "ticker": "HIGHNY-24MAR01-B46.5",
            "count": 3428,
            "created_time": "2024-03-01T18:59:35.83699Z",
            "yes_price": 1,
            "no_price": 99,
            "taker_side": "yes"
        },
        {
            "trade_id": "99a2536f-279f-4096-a77f-81784dac90a4",
            "ticker": "HIGHNY-24MAR01-B46.5",
            "count": 70,
            "created_time": "2024-03-01T17:53:06.05426Z",
            "yes_price": 20,
            "no_price": 80,
            "taker_side": "no"
        },
        {
            "trade_id": "827b1800-cd84-4354-9cbe-fda6df8e2309",
            "ticker": "HIGHNY-24MAR01-B46.5",
            "count": 122,
            "created_time": "2024-03-01T17:53:06.05426Z",
            "yes_price": 1,
            "no_price": 99,
            "taker_side": "no"
        },
        {
            "trade_id": "14919b48-5166-4f92-86ef-ae9533ed5e14",
            "ticker": "HIGHNY-24MAR01-B46.5",
            "count": 7,
            "created_time": "2024-03-01T16:53:47.116692Z",
            "yes_price": 51,
            "no_price": 49,
            "taker_side": "yes"
        },
        {
            "trade_id": "1fe0bbef-e8c0-4fba-9f16-90ca3d8dee5a",
            "ticker": "HIGHNY-24MAR01-B46.5",
            "count": 12,
            "created_time": "2024-03-01T15:28:33.93068Z",
            "yes_price": 49,
            "no_price": 51,
            "taker_side": "yes"
        },
        {
            "trade_id": "a2c0f21f-5278-4ce2-b3b8-81761fdcbe83",
            "ticker": "HIGHNY-24MAR01-B46.5",
            "count": 41,
            "created_time": "2024-03-01T15:24:31.222964Z",
            "yes_price": 49,
            "no_price": 51,
            "taker_side": "yes"
        },
        {
            "trade_id": "61c0a4e8-976d-490a-9b5f-ceaddd345cc7",
            "ticker": "HIGHNY-24MAR01-B46.5",
            "count": 69,
            "created_time": "2024-03-01T15:02:31.198683Z",
            "yes_price": 31,
            "no_price": 69,
            "taker_side": "no"
        },
        {
            "trade_id": "7e3c44ed-bf61-4655-b5e5-6cce8af86442",
            "ticker": "HIGHNY-24MAR01-B46.5",
            "count": 63,
            "created_time": "2024-03-01T01:22:45.056602Z",
            "yes_price": 36,
            "no_price": 64,
            "taker_side": "no"
        },
        {
            "trade_id": "9a282534-3429-41db-a0b6-b7ecca776644",
            "ticker": "HIGHNY-24MAR01-B46.5",
            "count": 21,
            "created_time": "2024-03-01T01:22:30.631213Z",
            "yes_price": 37,
            "no_price": 63,
            "taker_side": "no"
        },
        {
            "trade_id": "ba0fb299-c1f2-4bf6-9b28-de426a45f817",
            "ticker": "HIGHNY-24MAR01-B46.5",
            "count": 42,
            "created_time": "2024-03-01T01:21:51.478895Z",
            "yes_price": 39,
            "no_price": 61,
            "taker_side": "no"
        },
        {
            "trade_id": "08ee610d-46ca-4c81-a93b-7140b6f595e5",
            "ticker": "HIGHNY-24MAR01-B46.5",
            "count": 53,
            "created_time": "2024-03-01T01:21:44.21132Z",
            "yes_price": 40,
            "no_price": 60,
            "taker_side": "no"
        },
        {
            "trade_id": "6562bc2d-ff2e-4579-a686-ba487496c85b",
            "ticker": "HIGHNY-24MAR01-B46.5",
            "count": 31,
            "created_time": "2024-03-01T01:21:02.669055Z",
            "yes_price": 41,
            "no_price": 59,
            "taker_side": "no"
        },
        {
            "trade_id": "52160c75-11d4-4796-b9a1-1cae594672da",
            "ticker": "HIGHNY-24MAR01-B46.5",
            "count": 1,
            "created_time": "2024-02-29T23:35:46.02136Z",
            "yes_price": 40,
            "no_price": 60,
            "taker_side": "no"
        },
        {
            "trade_id": "7761a242-b27f-4a3d-9d29-f087fc69551f",
            "ticker": "HIGHNY-24MAR01-B46.5",
            "count": 10,
            "created_time": "2024-02-29T23:10:29.544291Z",
            "yes_price": 46,
            "no_price": 54,
            "taker_side": "yes"
        },
        {
            "trade_id": "961c9f1b-a0be-43d9-b826-040c3aede2bc",
            "ticker": "HIGHNY-24MAR01-B46.5",
            "count": 10,
            "created_time": "2024-02-29T23:10:16.370434Z",
            "yes_price": 45,
            "no_price": 55,
            "taker_side": "yes"
        },
        {
            "trade_id": "ace6a7f8-5bcd-4b0e-b1bc-7f3864d2c05f",
            "ticker": "HIGHNY-24MAR01-B46.5",
            "count": 10,
            "created_time": "2024-02-29T23:10:09.450666Z",
            "yes_price": 45,
            "no_price": 55,
            "taker_side": "yes"
        },
        {
            "trade_id": "256770d5-cf42-4cc4-91c7-e9c461ec379e",
            "ticker": "HIGHNY-24MAR01-B46.5",
            "count": 10,
            "created_time": "2024-02-29T20:55:54.969008Z",
            "yes_price": 46,
            "no_price": 54,
            "taker_side": "yes"
        },
        {
            "trade_id": "d4cf5d57-5864-499d-a6e4-b1c4739261e4",
            "ticker": "HIGHNY-24MAR01-B46.5",
            "count": 9,
            "created_time": "2024-02-29T20:55:38.451578Z",
            "yes_price": 46,
            "no_price": 54,
            "taker_side": "yes"
        },
        {
            "trade_id": "cf4b1461-63f4-4e38-b096-81cf3cd577fa",
            "ticker": "HIGHNY-24MAR01-B46.5",
            "count": 1,
            "created_time": "2024-02-29T20:55:38.451578Z",
            "yes_price": 42,
            "no_price": 58,
            "taker_side": "yes"
        },
        {
            "trade_id": "f0c1a0b9-f39a-435f-9c93-778f82247165",
            "ticker": "HIGHNY-24MAR01-B46.5",
            "count": 2,
            "created_time": "2024-02-29T20:38:55.203251Z",
            "yes_price": 40,
            "no_price": 60,
            "taker_side": "no"
        },
        {
            "trade_id": "219eaf61-8c4b-4ec5-941e-ab3e7622b64c",
            "ticker": "HIGHNY-24MAR01-B46.5",
            "count": 45,
            "created_time": "2024-02-29T20:35:26.645529Z",
            "yes_price": 45,
            "no_price": 55,
            "taker_side": "yes"
        },
        {
            "trade_id": "1a327f17-3746-4bcc-a9dc-0a0dea0d923c",
            "ticker": "HIGHNY-24MAR01-B46.5",
            "count": 11,
            "created_time": "2024-02-29T20:34:31.209684Z",
            "yes_price": 44,
            "no_price": 56,
            "taker_side": "yes"
        },
        {
            "trade_id": "c2d7dd31-bc63-4216-9ff1-da092d0ac31d",
            "ticker": "HIGHNY-24MAR01-B46.5",
            "count": 1,
            "created_time": "2024-02-29T18:48:51.272929Z",
            "yes_price": 39,
            "no_price": 61,
            "taker_side": "no"
        },
        {
            "trade_id": "77e6ee71-1e93-48b6-9eab-af47a22657bb",
            "ticker": "HIGHNY-24MAR01-B46.5",
            "count": 22,
            "created_time": "2024-02-29T18:02:05.201243Z",
            "yes_price": 43,
            "no_price": 57,
            "taker_side": "yes"
        },
        {
            "trade_id": "726034ad-57d9-44fa-85d6-f0bf9d4b3831",
            "ticker": "HIGHNY-24MAR01-B46.5",
            "count": 112,
            "created_time": "2024-02-29T18:02:05.201243Z",
            "yes_price": 45,
            "no_price": 55,
            "taker_side": "yes"
        },
        {
            "trade_id": "d6bbc52f-7717-4844-8c45-368b63229f91",
            "ticker": "HIGHNY-24MAR01-B46.5",
            "count": 112,
            "created_time": "2024-02-29T18:01:35.410069Z",
            "yes_price": 44,
            "no_price": 56,
            "taker_side": "yes"
        },
        {
            "trade_id": "9af27973-e4ef-45a8-b9fe-fb322c7647d2",
            "ticker": "HIGHNY-24MAR01-B46.5",
            "count": 11,
            "created_time": "2024-02-29T18:01:35.410069Z",
            "yes_price": 43,
            "no_price": 57,
            "taker_side": "yes"
        },
        {
            "trade_id": "7c472976-de93-4ff9-8f91-b0112835815a",
            "ticker": "HIGHNY-24MAR01-B46.5",
            "count": 1,
            "created_time": "2024-02-29T18:01:35.410069Z",
            "yes_price": 41,
            "no_price": 59,
            "taker_side": "yes"
        },
        {
            "trade_id": "b0bd9e5d-3e92-45b6-b2bb-aaa9d6be6a4d",
            "ticker": "HIGHNY-24MAR01-B46.5",
            "count": 1,
            "created_time": "2024-02-29T17:30:24.978733Z",
            "yes_price": 37,
            "no_price": 63,
            "taker_side": "no"
        },
        {
            "trade_id": "4dac75e2-e291-4687-8e20-7cb03cdf6c41",
            "ticker": "HIGHNY-24MAR01-B46.5",
            "count": 1,
            "created_time": "2024-02-29T16:37:50.523958Z",
            "yes_price": 37,
            "no_price": 63,
            "taker_side": "no"
        },
        {
            "trade_id": "92a71e10-1770-4589-b36e-33ddc252fb75",
            "ticker": "HIGHNY-24MAR01-B46.5",
            "count": 1,
            "created_time": "2024-02-29T16:00:41.508507Z",
            "yes_price": 35,
            "no_price": 65,
            "taker_side": "yes"
        },
        {
            "trade_id": "4dc40240-1b0a-4beb-aafc-3c48fb5efff0",
            "ticker": "HIGHNY-24MAR01-B46.5",
            "count": 1,
            "created_time": "2024-02-29T15:14:05.946986Z",
            "yes_price": 37,
            "no_price": 63,
            "taker_side": "yes"
        },
        {
            "trade_id": "e645f425-0ad2-414d-a7fe-0974dd29ce64",
            "ticker": "HIGHNY-24MAR01-B46.5",
            "count": 1,
            "created_time": "2024-02-29T15:13:07.671106Z",
            "yes_price": 38,
            "no_price": 62,
            "taker_side": "yes"
        }
    ],
    "HIGHNY-24MAR01-B48.5": [
        {
            "trade_id": "5a3496f3-9640-4fa3-a974-9e10aedf2929",
            "ticker": "HIGHNY-24MAR01-B48.5",
            "count": 40,
            "created_time": "2024-03-02T01:05:28.896657Z",
            "yes_price": 99,
            "no_price": 1,
            "taker_side": "no"
        },
        {
            "trade_id": "7608e91c-adf4-47ae-9844-5e80c92a46d2",
            "ticker": "HIGHNY-24MAR01-B48.5",
            "count": 1,
            "created_time": "2024-03-01T20:01:41.165386Z",
            "yes_price": 88,
            "no_price": 12,
            "taker_side": "no"
        },
        {
            "trade_id": "db78987a-724f-46cc-bf19-196d017c58ce",
            "ticker": "HIGHNY-24MAR01-B48.5",
            "count": 4,
            "created_time": "2024-03-01T18:53:17.473245Z",
            "yes_price": 43,
            "no_price": 57,
            "taker_side": "yes"
        },
        {
            "trade_id": "bd387732-233b-4b20-9efd-5f6f2a8c04be",
            "ticker": "HIGHNY-24MAR01-B48.5",
            "count": 7,
            "created_time": "2024-03-01T17:53:06.051642Z",
            "yes_price": 29,
            "no_price": 71,
            "taker_side": "yes"
        },
        {
            "trade_id": "ea27b664-4263-4152-b057-35449d3257c9",
            "ticker": "HIGHNY-24MAR01-B48.5",
            "count": 110,
            "created_time": "2024-03-01T02:42:41.184689Z",
            "yes_price": 10,
            "no_price": 90,
            "taker_side": "no"
        },
        {
            "trade_id": "1f4bc10e-056e-487c-af75-b497f4340f89",
            "ticker": "HIGHNY-24MAR01-B48.5",
            "count": 40,
            "created_time": "2024-03-01T02:29:32.12491Z",
            "yes_price": 10,
            "no_price": 90,
            "taker_side": "no"
        },
        {
            "trade_id": "4e7444f6-3f64-4ab6-ae1e-6aca23522820",
            "ticker": "HIGHNY-24MAR01-B48.5",
            "count": 100,
            "created_time": "2024-02-29T18:19:45.124662Z",
            "yes_price": 13,
            "no_price": 87,
            "taker_side": "no"
        },
        {
            "trade_id": "4668855f-a7c2-450b-b32b-79c2bba99151",
            "ticker": "HIGHNY-24MAR01-B48.5",
            "count": 1,
            "created_time": "2024-02-29T17:30:25.702439Z",
            "yes_price": 13,
            "no_price": 87,
            "taker_side": "no"
        }
    ],
    "HIGHNY-24MAR01-T49": [
        {
            "trade_id": "b4994682-9a95-484a-86ac-760f41c3474e",
            "ticker": "HIGHNY-24MAR01-T49",
            "count": 7,
            "created_time": "2024-03-01T17:53:06.059605Z",
            "yes_price": 26,
            "no_price": 74,
            "taker_side": "yes"
        }
    ]
}