{
    "HIGHNY-24APR04-T47": [
        {
            "trade_id": "7688da1e-e212-4259-8ef9-845c561cc521",
            "ticker": "HIGHNY-24APR04-T47",
            "count": 935,
            "created_time": "2024-04-04T20:09:32.306853Z",
            "yes_price": 1,
            "no_price": 99,
            "taker_side": "yes"
        },
        {
            "trade_id": "933bb71e-b057-4e5d-8e19-10801d9e601c",
            "ticker": "HIGHNY-24APR04-T47",
            "count": 1,
            "created_time": "2024-04-04T17:52:59.103811Z",
            "yes_price": 2,
            "no_price": 98,
            "taker_side": "no"
        },
        {
            "trade_id": "07b6756c-a4e8-43db-8611-970eea002404",
            "ticker": "HIGHNY-24APR04-T47",
            "count": 2,
            "created_time": "2024-04-04T17:41:43.863373Z",
            "yes_price": 4,
            "no_price": 96,
            "taker_side": "no"
        },
        {
            "trade_id": "6adec8b0-46b8-465f-a0d4-48bfb55a2274",
            "ticker": "HIGHNY-24APR04-T47",
            "count": 150,
            "created_time": "2024-04-04T17:31:56.678319Z",
            "yes_price": 4,
            "no_price": 96,
            "taker_side": "no"
        },
        {
            "trade_id": "cec5c736-cefa-4ba5-9e11-98af6ac1b748",
            "ticker": "HIGHNY-24APR04-T47",
            "count": 10,
            "created_time": "2024-04-04T12:56:44.764603Z",
            "yes_price": 15,
            "no_price": 85,
            "taker_side": "yes"
        },
        {
            "trade_id": "62189f5a-18f9-4282-bb6b-0b93f91ed1d0",
            "ticker": "HIGHNY-24APR04-T47",
            "count": 11,
            "created_time": "2024-04-04T12:56:44.764603Z",
            "yes_price": 14,
            "no_price": 86,
            "taker_side": "yes"
        },
        {
            "trade_id": "0e928a31-8230-479c-84ff-84e6910ae98c",
            "ticker": "HIGHNY-24APR04-T47",
            "count": 1,
            "created_time": "2024-04-04T12:56:44.764603Z",
            "yes_price": 14,
            "no_price": 86,
            "taker_side": "yes"
        }
    ],
    "HIGHNY-24APR04-B47.5": [
        {
            "trade_id": "82d6d157-44d9-4844-9ee2-579ea7f42317",
            "ticker": "HIGHNY-24APR04-B47.5",
            "count": 935,
            "created_time": "2024-04-04T20:02:21.43893Z",
            "yes_price": 1,
            "no_price": 99,
            "taker_side": "yes"
        },
        {
            "trade_id": "39f991f6-27ea-42ef-8feb-d5a5dd94872d",
            "ticker": "HIGHNY-24APR04-B47.5",
            "count": 935,
            "created_time": "2024-04-04T18:11:05.589887Z",
            "yes_price": 1,
            "no_price": 99,
            "taker_side": "yes"
        },
        {
            "trade_id": "66ed721c-ea97-4ab7-a149-de939ff3cca2",
            "ticker": "HIGHNY-24APR04-B47.5",
            "count": 100,
            "created_time": "2024-04-04T17:57:31.125498Z",
            "yes_price": 1,
            "no_price": 99,
            "taker_side": "yes"
        },
        {
            "trade_id": "40f4d66c-48c8-4fd1-ad3f-91a8e79bae3d",
            "ticker": "HIGHNY-24APR04-B47.5",
            "count": 2,
            "created_time": "2024-04-04T17:41:43.781499Z",
            "yes_price": 79,
            "no_price": 21,
            "taker_side": "yes"
        },
        {
            "trade_id": "c1e962e4-14d4-45d6-b957-7461dc141333",
            "ticker": "HIGHNY-24APR04-B47.5",
            "count": 17,
            "created_time": "2024-04-04T15:23:27.111941Z",
            "yes_price": 25,
            "no_price": 75,
            "taker_side": "yes"
        },
        {
            "trade_id": "a2071647-ffe4-40f9-9af6-c2ab7ff2d2b8",
            "ticker": "HIGHNY-24APR04-B47.5",
            "count": 22,
            "created_time": "2024-04-04T15:23:27.111941Z",
            "yes_price": 23,
            "no_price": 77,
            "taker_side": "yes"
        },
        {
            "trade_id": "d25b6f66-6e43-4973-91d1-ad5084909629",
            "ticker": "HIGHNY-24APR04-B47.5",
            "count": 66,
            "created_time": "2024-04-04T13:33:43.301056Z",
            "yes_price": 28,
            "no_price": 72,
            "taker_side": "yes"
        },
        {
            "trade_id": "ba5d2846-5a0d-4922-a5d0-d47f9f7bdc97",
            "ticker": "HIGHNY-24APR04-B47.5",
            "count": 45,
            "created_time": "2024-04-04T13:17:11.374608Z",
            "yes_price": 27,
            "no_price": 73,
            "taker_side": "yes"
        },
        {
            "trade_id": "c8bd7bbe-4523-49e4-a17b-9e1438f3533b",
            "ticker": "HIGHNY-24APR04-B47.5",
            "count": 17,
            "created_time": "2024-04-04T13:16:51.748649Z",
            "yes_price": 28,
            "no_price": 72,
            "taker_side": "yes"
        },
        {
            "trade_id": "545c200d-c5ea-4f0a-a352-13952c9cd4ba",
            "ticker": "HIGHNY-24APR04-B47.5",
            "count": 67,
            "created_time": "2024-04-04T13:16:51.748649Z",
            "yes_price": 26,
            "no_price": 74,
            "taker_side": "yes"
        },
        {
            "trade_id": "0368c28d-32c5-41a0-a2e1-8de4f814c43b",
            "ticker": "HIGHNY-24APR04-B47.5",
            "count": 37,
            "created_time": "2024-04-04T13:14:32.032958Z",
            "yes_price": 25,
            "no_price": 75,
            "taker_side": "yes"
        },
        {
            "trade_id": "1e92a3ee-70d7-4dbb-a475-c50dc4750f75",
            "ticker": "HIGHNY-24APR04-B47.5",
            "count": 19,
            "created_time": "2024-04-04T12:57:08.387361Z",
            "yes_price": 25,
            "no_price": 75,
            "taker_side": "yes"
        },
        {
            "trade_id": "8ce4226c-141d-40da-a2dc-f44b9dc5b96e",
            "ticker": "HIGHNY-24APR04-B47.5",
            "count": 11,
            "created_time": "2024-04-04T12:56:44.875842Z",
            "yes_price": 18,
            "no_price": 82,
            "taker_side": "no"
        },
        {
            "trade_id": "e650cef0-1dec-40cf-afec-a4a1f2ff83b4",
            "ticker": "HIGHNY-24APR04-B47.5",
            "count": 11,
            "created_time": "2024-04-04T12:13:44.051344Z",
            "yes_price": 24,
            "no_price": 76,
            "taker_side": "yes"
        },
        {
            "trade_id": "8f9cba82-272b-47c2-b050-ffada7b39cab",
            "ticker": "HIGHNY-24APR04-B47.5",
            "count": 26,
            "created_time": "2024-04-04T12:13:44.051344Z",
            "yes_price": 26,
            "no_price": 74,
            "taker_side": "yes"
        },
        {
            "trade_id": "8b6282aa-ed23-4d6e-bda1-c95f6fa17d74",
            "ticker": "HIGHNY-24APR04-B47.5",
            "count": 8,
            "created_time": "2024-04-04T12:10:39.94693Z",
            "yes_price": 24,
            "no_price": 76,
            "taker_side": "yes"
        },
        {
            "trade_id": "0417ccdb-c3d6-4894-8e0e-02eb175f7d80",
            "ticker": "HIGHNY-24APR04-B47.5",
            "count": 70,
            "created_time": "2024-04-04T03:57:03.245338Z",
            "yes_price": 22,
            "no_price": 78,
            "taker_side": "yes"
        },
        {
            "trade_id": "f40a33e5-4469-45b3-a913-0712601f1459",
            "ticker": "HIGHNY-24APR04-B47.5",
            "count": 10,
            "created_time": "2024-04-04T03:56:52.077052Z",
            "yes_price": 21,
            "no_price": 79,
            "taker_side": "yes"
        },
        {
            "trade_id": "52c08f72-4d99-43aa-b4db-66e261153822",
            "ticker": "HIGHNY-24APR04-B47.5",
            "count": 41,
            "created_time": "2024-04-04T02:24:05.039461Z",
            "yes_price": 21,
            "no_price": 79,
            "taker_side": "yes"
        },
        {
            "trade_id": "4e4942ac-b9fc-44a3-864e-91a04acffd13",
            "ticker": "HIGHNY-24APR04-B47.5",
            "count": 10,
            "created_time": "2024-04-04T02:18:46.048743Z",
            "yes_price": 20,
            "no_price": 80,
            "taker_side": "yes"
        },
        {
            "trade_id": "d2f470c3-d8b1-4a28-9e48-a8c811a64868",
            "ticker": "HIGHNY-24APR04-B47.5",
            "count": 20,
            "created_time": "2024-04-04T02:18:29.369542Z",
            "yes_price": 18,
            "no_price": 82,
            "taker_side": "yes"
        },
        {
            "trade_id": "84c65fcd-2867-4779-baee-c9654dc083c7",
            "ticker": "HIGHNY-24APR04-B47.5",
            "count": 64,
            "created_time": "2024-04-04T00:21:23.518359Z",
            "yes_price": 15,
            "no_price": 85,
            "taker_side": "no"
        },
        {
            "trade_id": "1fa739f8-396f-4096-8063-6c16da9271af",
            "ticker": "HIGHNY-24APR04-B47.5",
            "count": 87,
            "created_time": "2024-04-04T00:01:18.191203Z",
            "yes_price": 16,
            "no_price": 84,
            "taker_side": "no"
        },
        {
            "trade_id": "335ad9f2-5e91-43c6-a523-a808546317fd",
            "ticker": "HIGHNY-24APR04-B47.5",
            "count": 32,
            "created_time": "2024-04-04T00:00:43.166736Z",
            "yes_price": 14,
            "no_price": 86,
            "taker_side": "no"
        },
        {
            "trade_id": "cdc56f34-67a9-4f80-9c04-4e0b825e888f",
            "ticker": "HIGHNY-24APR04-B47.5",
            "count": 65,
            "created_time": "2024-04-04T00:00:20.642641Z",
            "yes_price": 17,
            "no_price": 83,
            "taker_side": "no"
        },
        {
            "trade_id": "bafdf359-fe3f-4b7e-8f2e-19c834c5592e",
            "ticker": "HIGHNY-24APR04-B47.5",
            "count": 109,
            "created_time": "2024-04-04T00:00:20.642641Z",
            "yes_price": 15,
            "no_price": 85,
            "taker_side": "no"
        },
        {
            "trade_id": "882086a7-b5da-4185-ae34-58325a0d42f1",
            "ticker": "HIGHNY-24APR04-B47.5",
            "count": 109,
            "created_time": "2024-04-04T00:00:20.642641Z",
            "yes_price": 14,
            "no_price": 86,
            "taker_side": "no"
        },
        {
            "trade_id": "c7dbb5ee-0184-47ce-84a8-fab1fe23c63b",
            "ticker": "HIGHNY-24APR04-B47.5",
            "count": 78,
            "created_time": "2024-04-03T21:52:56.27896Z",
            "yes_price": 24,
            "no_price": 76,
            "taker_side": "yes"
        },
        {
            "trade_id": "a0b29ecc-ed27-40b4-944d-d6ab1b1f5a24",
            "ticker": "HIGHNY-24APR04-B47.5",
            "count": 10,
            "created_time": "2024-04-03T21:52:56.27896Z",
            "yes_price": 24,
            "no_price": 76,
            "taker_side": "yes"
        },
        {
            "trade_id": "eedabc31-a15d-4f00-9c61-1b7df96c560e",
            "ticker": "HIGHNY-24APR04-B47.5",
            "count": 56,
            "created_time": "2024-04-03T21:52:34.129444Z",
            "yes_price": 20,
            "no_price": 80,
            "taker_side": "yes"
        },
        {
            "trade_id": "eed2ba47-ac63-4187-b0e7-f6d168a0598f",
            "ticker": "HIGHNY-24APR04-B47.5",
            "count": 112,
            "created_time": "2024-04-03T21:52:34.129444Z",
            "yes_price": 23,
            "no_price": 77,
            "taker_side": "yes"
        },
        {
            "trade_id": "1a4e39f9-2158-4bf9-b099-17a85db32b18",
            "ticker": "HIGHNY-24APR04-B47.5",
            "count": 112,
            "created_time": "2024-04-03T21:52:34.129444Z",
            "yes_price": 22,
            "no_price": 78,
            "taker_side": "yes"
        }
    ],
    "HIGHNY-24APR04-B49.5": [
        {
            "trade_id": "ba43bd5c-74b6-4d0e-a1b3-7fff62c5d6bf",
            "ticker": "HIGHNY-24APR04-B49.5",
            "count": 841,
            "created_time": "2024-04-04T22:41:20.155049Z",
            "yes_price": 1,
            "no_price": 99,
            "taker_side": "yes"
        },
        {
            "trade_id": "cb1f7da7-7eb9-4888-b208-5004cb8fe211",
            "ticker": "HIGHNY-24APR04-B49.5",
            "count": 935,
            "created_time": "2024-04-04T22:40:42.966734Z",
            "yes_price": 1,
            "no_price": 99,
            "taker_side": "yes"
        },
        {
            "trade_id": "a9a4b375-970f-4c48-a974-ec3da2113035",
            "ticker": "HIGHNY-24APR04-B49.5",
            "count": 1,
            "created_time": "2024-04-04T20:15:09.925457Z",
            "yes_price": 1,
            "no_price": 99,
            "taker_side": "yes"
        },
        {
            "trade_id": "a7f3d00c-caf1-4078-b407-6ed8d72aa136",
            "ticker": "HIGHNY-24APR04-B49.5",
            "count": 1,
            "created_time": "2024-04-04T20:14:54.264186Z",
            "yes_price": 1,
            "no_price": 99,
            "taker_side": "yes"
        },
        {
            "trade_id": "b583fdb9-a607-48ff-bc73-5b15d1755672",
            "ticker": "HIGHNY-24APR04-B49.5",
            "count": 374,
            "created_time": "2024-04-04T20:11:21.757979Z",
            "yes_price": 1,
            "no_price": 99,
            "taker_side": "yes"
        },
        {
            "trade_id": "9dd6314f-f52a-4e49-8498-d4e9c2f3fa8e",
            "ticker": "HIGHNY-24APR04-B49.5",
            "count": 935,
            "created_time": "2024-04-04T20:02:43.582209Z",
            "yes_price": 1,
            "no_price": 99,
            "taker_side": "yes"
        },
        {
            "trade_id": "5029c3aa-2933-4e07-81d6-99836e13e2ce",
            "ticker": "HIGHNY-24APR04-B49.5",
            "count": 1000,
            "created_time": "2024-04-04T19:55:23.835262Z",
            "yes_price": 1,
            "no_price": 99,
            "taker_side": "yes"
        },
        {
            "trade_id": "f00f4ec9-8b96-4a09-9596-efe3e3d958b5",
            "ticker": "HIGHNY-24APR04-B49.5",
            "count": 22,
            "created_time": "2024-04-04T19:53:10.480391Z",
            "yes_price": 15,
            "no_price": 85,
            "taker_side": "no"
        },
        {
            "trade_id": "e4f423d8-ecd2-4af0-890a-77c4aef26a85",
            "ticker": "HIGHNY-24APR04-B49.5",
            "count": 98,
            "created_time": "2024-04-04T19:52:01.625947Z",
            "yes_price": 33,
            "no_price": 67,
            "taker_side": "no"
        },
        {
            "trade_id": "8ef762f4-f510-4b9c-a1f7-3a7508d7cc2a",
            "ticker": "HIGHNY-24APR04-B49.5",
            "count": 6,
            "created_time": "2024-04-04T19:36:15.235845Z",
            "yes_price": 79,
            "no_price": 21,
            "taker_side": "yes"
        },
        {
            "trade_id": "36904cdc-bfad-4587-b9d8-c73ffa86ef29",
            "ticker": "HIGHNY-24APR04-B49.5",
            "count": 11,
            "created_time": "2024-04-04T18:38:06.833756Z",
            "yes_price": 90,
            "no_price": 10,
            "taker_side": "yes"
        },
        {
            "trade_id": "e287d00d-affa-48c2-b651-10f08b9a7f79",
            "ticker": "HIGHNY-24APR04-B49.5",
            "count": 11,
            "created_time": "2024-04-04T18:35:26.525954Z",
            "yes_price": 90,
            "no_price": 10,
            "taker_side": "yes"
        },
        {
            "trade_id": "d678efe9-68c6-49b4-bfe7-8c2e5eca9b71",
            "ticker": "HIGHNY-24APR04-B49.5",
            "count": 8,
            "created_time": "2024-04-04T18:07:26.455062Z",
            "yes_price": 90,
            "no_price": 10,
            "taker_side": "yes"
        },
        {
            "trade_id": "a72dc0e8-55f5-4ede-9687-0593af60e615",
            "ticker": "HIGHNY-24APR04-B49.5",
            "count": 4,
            "created_time": "2024-04-04T18:07:26.455062Z",
            "yes_price": 90,
            "no_price": 10,
            "taker_side": "yes"
        },
        {
            "trade_id": "e9477c9b-c47b-494c-ba7e-da7f6a11d49f",
            "ticker": "HIGHNY-24APR04-B49.5",
            "count": 2,
            "created_time": "2024-04-04T17:53:28.714361Z",
            "yes_price": 79,
            "no_price": 21,
            "taker_side": "yes"
        },
        {
            "trade_id": "0d741105-5aef-41f3-9f02-03e23c63713b",
            "ticker": "HIGHNY-24APR04-B49.5",
            "count": 2,
            "created_time": "2024-04-04T17:41:43.860851Z",
            "yes_price": 20,
            "no_price": 80,
            "taker_side": "no"
        },
        {
            "trade_id": "bfc88aa6-3339-4f3a-8360-485044f12c54",
            "ticker": "HIGHNY-24APR04-B49.5",
            "count": 11,
            "created_time": "2024-04-04T17:11:53.303383Z",
            "yes_price": 90,
            "no_price": 10,
            "taker_side": "yes"
        },
        {
            "trade_id": "0879b814-aedd-4fa8-ad9d-dc3b92793063",
            "ticker": "HIGHNY-24APR04-B49.5",
            "count": 11,
            "created_time": "2024-04-04T16:27:20.958435Z",
            "yes_price": 90,
            "no_price": 10,
            "taker_side": "yes"
        },
        {
            "trade_id": "99f55b1c-a0ce-4358-945c-e7822af3667f",
            "ticker": "HIGHNY-24APR04-B49.5",
            "count": 72,
            "created_time": "2024-04-04T14:54:50.192563Z",
            "yes_price": 66,
            "no_price": 34,
            "taker_side": "yes"
        },
        {
            "trade_id": "80f5f48c-d86f-4465-a776-d3798fa6e51b",
            "ticker": "HIGHNY-24APR04-B49.5",
            "count": 6,
            "created_time": "2024-04-04T14:54:50.192563Z",
            "yes_price": 62,
            "no_price": 38,
            "taker_side": "yes"
        },
        {
            "trade_id": "3d052664-119a-44c0-965d-b3698d736443",
            "ticker": "HIGHNY-24APR04-B49.5",
            "count": 72,
            "created_time": "2024-04-04T14:54:50.192563Z",
            "yes_price": 64,
            "no_price": 36,
            "taker_side": "yes"
        },
        {
            "trade_id": "c1727908-4e0a-462b-8651-b3fec894feab",
            "ticker": "HIGHNY-24APR04-B49.5",
            "count": 15,
            "created_time": "2024-04-04T14:51:23.98575Z",
            "yes_price": 62,
            "no_price": 38,
            "taker_side": "yes"
        },
        {
            "trade_id": "4a7ca246-0477-45cb-b2b9-72b9bd371257",
            "ticker": "HIGHNY-24APR04-B49.5",
            "count": 1,
            "created_time": "2024-04-04T14:42:51.009313Z",
            "yes_price": 63,
            "no_price": 37,
            "taker_side": "yes"
        },
        {
            "trade_id": "94cfe48e-c77e-4813-81c1-d01f384b51ca",
            "ticker": "HIGHNY-24APR04-B49.5",
            "count": 15,
            "created_time": "2024-04-04T14:10:49.146581Z",
            "yes_price": 62,
            "no_price": 38,
            "taker_side": "yes"
        },
        {
            "trade_id": "48a65cdd-a953-4ea2-9019-a659d532b14d",
            "ticker": "HIGHNY-24APR04-B49.5",
            "count": 108,
            "created_time": "2024-04-04T13:54:18.257819Z",
            "yes_price": 59,
            "no_price": 41,
            "taker_side": "yes"
        },
        {
            "trade_id": "00b4b7fc-4bfe-4d80-89cf-4008dba650bc",
            "ticker": "HIGHNY-24APR04-B49.5",
            "count": 110,
            "created_time": "2024-04-04T13:54:18.257819Z",
            "yes_price": 62,
            "no_price": 38,
            "taker_side": "yes"
        },
        {
            "trade_id": "003f7d34-f352-48ec-8a5c-f639fea37a34",
            "ticker": "HIGHNY-24APR04-B49.5",
            "count": 32,
            "created_time": "2024-04-04T13:54:18.257819Z",
            "yes_price": 57,
            "no_price": 43,
            "taker_side": "yes"
        },
        {
            "trade_id": "dc9a510e-970c-4341-a754-ea79f8c682d6",
            "ticker": "HIGHNY-24APR04-B49.5",
            "count": 11,
            "created_time": "2024-04-04T12:56:44.905728Z",
            "yes_price": 51,
            "no_price": 49,
            "taker_side": "no"
        },
        {
            "trade_id": "4fc50d80-9567-4332-8232-efb4651ec7fd",
            "ticker": "HIGHNY-24APR04-B49.5",
            "count": 17,
            "created_time": "2024-04-04T12:13:27.054373Z",
            "yes_price": 57,
            "no_price": 43,
            "taker_side": "yes"
        },
        {
            "trade_id": "f548911f-ef9d-4c1f-9a10-f3457a3b9692",
            "ticker": "HIGHNY-24APR04-B49.5",
            "count": 4,
            "created_time": "2024-04-04T12:08:28.963553Z",
            "yes_price": 57,
            "no_price": 43,
            "taker_side": "yes"
        },
        {
            "trade_id": "b42990a0-5978-4254-899a-6ac80a95c910",
            "ticker": "HIGHNY-24APR04-B49.5",
            "count": 2,
            "created_time": "2024-04-04T02:45:11.52563Z",
            "yes_price": 43,
            "no_price": 57,
            "taker_side": "yes"
        },
        {
            "trade_id": "471126d5-b512-404d-a607-506b57ba8e88",
            "ticker": "HIGHNY-24APR04-B49.5",
            "count": 62,
            "created_time": "2024-04-04T02:25:49.373253Z",
            "yes_price": 41,
            "no_price": 59,
            "taker_side": "yes"
        },
        {
            "trade_id": "be4b2aa2-14a9-4f38-86b4-c7c6e1148aa5",
            "ticker": "HIGHNY-24APR04-B49.5",
            "count": 1,
            "created_time": "2024-04-04T01:31:25.684543Z",
            "yes_price": 40,
            "no_price": 60,
            "taker_side": "yes"
        },
        {
            "trade_id": "dee8fe7c-553a-4789-8960-a472345687ff",
            "ticker": "HIGHNY-24APR04-B49.5",
            "count": 109,
            "created_time": "2024-04-03T23:56:36.594Z",
            "yes_price": 37,
            "no_price": 63,
            "taker_side": "no"
        },
        {
            "trade_id": "b88506d0-4227-4b71-acc1-fec93396ef92",
            "ticker": "HIGHNY-24APR04-B49.5",
            "count": 38,
            "created_time": "2024-04-03T23:56:36.594Z",
            "yes_price": 35,
            "no_price": 65,
            "taker_side": "no"
        },
        {
            "trade_id": "32e42d0d-e24e-467e-b8cd-fe2634260e70",
            "ticker": "HIGHNY-24APR04-B49.5",
            "count": 21,
            "created_time": "2024-04-03T23:56:36.594Z",
            "yes_price": 39,
            "no_price": 61,
            "taker_side": "no"
        },
        {
            "trade_id": "846f9f01-439d-40a7-86d1-ce4a7592f23e",
            "ticker": "HIGHNY-24APR04-B49.5",
            "count": 112,
            "created_time": "2024-04-03T19:01:45.545305Z",
            "yes_price": 40,
            "no_price": 60,
            "taker_side": "yes"
        },
        {
            "trade_id": "341d1f51-0e27-440c-b7b0-e2ab5fe8dcb0",
            "ticker": "HIGHNY-24APR04-B49.5",
            "count": 56,
            "created_time": "2024-04-03T19:01:45.545305Z",
            "yes_price": 38,
            "no_price": 62,
            "taker_side": "yes"
        },
        {
            "trade_id": "b59a8a32-687f-45ec-9f2a-d3411385ecfe",
            "ticker": "HIGHNY-24APR04-B49.5",
            "count": 10,
            "created_time": "2024-04-03T14:18:07.971208Z",
            "yes_price": 28,
            "no_price": 72,
            "taker_side": "no"
        }
    ],
    "HIGHNY-24APR04-B51.5": [
        {
            "trade_id": "951f6653-af4a-4656-8fde-3cad1205d685",
            "ticker": "HIGHNY-24APR04-B51.5",
            "count": 935,
            "created_time": "2024-04-05T00:26:01.716964Z",
            "yes_price": 1,
            "no_price": 99,
            "taker_side": "yes"
        },
        {
            "trade_id": "9de39c5d-fba3-48ac-a55e-dc094f34c168",
            "ticker": "HIGHNY-24APR04-B51.5",
            "count": 31,
            "created_time": "2024-04-04T23:50:47.79766Z",
            "yes_price": 3,
            "no_price": 97,
            "taker_side": "yes"
        },
        {
            "trade_id": "22c172f8-c964-4b75-bb50-300ebfdc6ce3",
            "ticker": "HIGHNY-24APR04-B51.5",
            "count": 13,
            "created_time": "2024-04-04T22:56:15.714961Z",
            "yes_price": 3,
            "no_price": 97,
            "taker_side": "yes"
        },
        {
            "trade_id": "f451c2c4-a6c7-4034-9863-be248e221ac5",
            "ticker": "HIGHNY-24APR04-B51.5",
            "count": 162,
            "created_time": "2024-04-04T22:23:13.278116Z",
            "yes_price": 3,
            "no_price": 97,
            "taker_side": "yes"
        },
        {
            "trade_id": "ddb8ecd3-7944-488b-9485-c951f3788d90",
            "ticker": "HIGHNY-24APR04-B51.5",
            "count": 20,
            "created_time": "2024-04-04T22:23:13.278116Z",
            "yes_price": 2,
            "no_price": 98,
            "taker_side": "yes"
        },
        {
            "trade_id": "a3254455-860b-4935-a1a8-eec411d38a3e",
            "ticker": "HIGHNY-24APR04-B51.5",
            "count": 136,
            "created_time": "2024-04-04T22:23:13.278116Z",
            "yes_price": 3,
            "no_price": 97,
            "taker_side": "yes"
        },
        {
            "trade_id": "390ba7ab-0769-4499-ab14-d8b5ee75cc0d",
            "ticker": "HIGHNY-24APR04-B51.5",
            "count": 1,
            "created_time": "2024-04-04T21:15:38.813668Z",
            "yes_price": 3,
            "no_price": 97,
            "taker_side": "yes"
        },
        {
            "trade_id": "2b0fb0b9-e040-4d01-a1fe-aab61d5fe368",
            "ticker": "HIGHNY-24APR04-B51.5",
            "count": 3,
            "created_time": "2024-04-04T20:57:38.581417Z",
            "yes_price": 3,
            "no_price": 97,
            "taker_side": "yes"
        },
        {
            "trade_id": "b65d68da-3d05-4921-9deb-3e671c5d3e35",
            "ticker": "HIGHNY-24APR04-B51.5",
            "count": 226,
            "created_time": "2024-04-04T20:48:09.202463Z",
            "yes_price": 3,
            "no_price": 97,
            "taker_side": "yes"
        },
        {
            "trade_id": "91671fb3-c469-4d64-bdbe-8ed5b6a10c25",
            "ticker": "HIGHNY-24APR04-B51.5",
            "count": 1334,
            "created_time": "2024-04-04T20:48:09.202463Z",
            "yes_price": 3,
            "no_price": 97,
            "taker_side": "yes"
        },
        {
            "trade_id": "eb54714e-9629-413e-a600-1b4e0720c925",
            "ticker": "HIGHNY-24APR04-B51.5",
            "count": 124,
            "created_time": "2024-04-04T20:27:50.09205Z",
            "yes_price": 3,
            "no_price": 97,
            "taker_side": "yes"
        },
        {
            "trade_id": "81b76979-89bd-4ff2-bf2a-77640125de9f",
            "ticker": "HIGHNY-24APR04-B51.5",
            "count": 1,
            "created_time": "2024-04-04T20:17:50.632209Z",
            "yes_price": 10,
            "no_price": 90,
            "taker_side": "no"
        },
        {
            "trade_id": "1a71cd83-3dde-4108-a6eb-784d19776460",
            "ticker": "HIGHNY-24APR04-B51.5",
            "count": 94,
            "created_time": "2024-04-04T20:17:50.632209Z",
            "yes_price": 3,
            "no_price": 97,
            "taker_side": "no"
        },
        {
            "trade_id": "cde5a9ce-0b4c-4ca0-bded-832ea731894c",
            "ticker": "HIGHNY-24APR04-B51.5",
            "count": 100,
            "created_time": "2024-04-04T19:22:58.130029Z",
            "yes_price": 10,
            "no_price": 90,
            "taker_side": "yes"
        },
        {
            "trade_id": "c878e92d-9343-4078-8548-7b909d7dab47",
            "ticker": "HIGHNY-24APR04-B51.5",
            "count": 36,
            "created_time": "2024-04-04T18:43:55.562575Z",
            "yes_price": 3,
            "no_price": 97,
            "taker_side": "no"
        },
        {
            "trade_id": "a3cacf9f-e6f2-4afa-a1a3-9bda78153cd3",
            "ticker": "HIGHNY-24APR04-B51.5",
            "count": 68,
            "created_time": "2024-04-04T18:43:55.562575Z",
            "yes_price": 5,
            "no_price": 95,
            "taker_side": "no"
        },
        {
            "trade_id": "e0536f04-412d-4288-8a36-3c05d26ff634",
            "ticker": "HIGHNY-24APR04-B51.5",
            "count": 41,
            "created_time": "2024-04-04T15:47:02.392295Z",
            "yes_price": 23,
            "no_price": 77,
            "taker_side": "yes"
        },
        {
            "trade_id": "da2f4c13-e77b-407e-8742-b1688b4b0e3e",
            "ticker": "HIGHNY-24APR04-B51.5",
            "count": 16,
            "created_time": "2024-04-04T14:10:37.097243Z",
            "yes_price": 23,
            "no_price": 77,
            "taker_side": "yes"
        },
        {
            "trade_id": "64ef1266-3d64-476c-abf1-fc9253aa24fe",
            "ticker": "HIGHNY-24APR04-B51.5",
            "count": 27,
            "created_time": "2024-04-04T14:10:37.097243Z",
            "yes_price": 21,
            "no_price": 79,
            "taker_side": "yes"
        },
        {
            "trade_id": "21471c2d-34af-47ca-ad83-9755d7ec786a",
            "ticker": "HIGHNY-24APR04-B51.5",
            "count": 11,
            "created_time": "2024-04-04T13:14:39.988592Z",
            "yes_price": 18,
            "no_price": 82,
            "taker_side": "no"
        },
        {
            "trade_id": "a03f8ad2-f04e-4fa4-826c-64821fe8bb88",
            "ticker": "HIGHNY-24APR04-B51.5",
            "count": 130,
            "created_time": "2024-04-04T13:11:02.023089Z",
            "yes_price": 20,
            "no_price": 80,
            "taker_side": "no"
        },
        {
            "trade_id": "2adb9137-bb0c-458b-9d79-453dbaefebcb",
            "ticker": "HIGHNY-24APR04-B51.5",
            "count": 11,
            "created_time": "2024-04-04T12:56:44.871084Z",
            "yes_price": 20,
            "no_price": 80,
            "taker_side": "no"
        },
        {
            "trade_id": "04e8cfba-a274-4e72-a18b-3431753b45c2",
            "ticker": "HIGHNY-24APR04-B51.5",
            "count": 10,
            "created_time": "2024-04-04T03:57:06.623226Z",
            "yes_price": 27,
            "no_price": 73,
            "taker_side": "no"
        },
        {
            "trade_id": "f60d435b-da03-4066-978b-bdca9738586e",
            "ticker": "HIGHNY-24APR04-B51.5",
            "count": 50,
            "created_time": "2024-04-04T03:52:31.529236Z",
            "yes_price": 28,
            "no_price": 72,
            "taker_side": "no"
        },
        {
            "trade_id": "1c274c9c-cd34-4760-95de-6a1f02f25f21",
            "ticker": "HIGHNY-24APR04-B51.5",
            "count": 101,
            "created_time": "2024-04-04T03:52:31.529236Z",
            "yes_price": 27,
            "no_price": 73,
            "taker_side": "no"
        },
        {
            "trade_id": "e9642145-0e90-4111-bb62-7df819ed1f85",
            "ticker": "HIGHNY-24APR04-B51.5",
            "count": 50,
            "created_time": "2024-04-04T03:51:58.06883Z",
            "yes_price": 30,
            "no_price": 70,
            "taker_side": "no"
        },
        {
            "trade_id": "a0f83bc3-e94e-47c2-8cae-8039c4ec149f",
            "ticker": "HIGHNY-24APR04-B51.5",
            "count": 104,
            "created_time": "2024-04-04T02:22:39.126935Z",
            "yes_price": 31,
            "no_price": 69,
            "taker_side": "no"
        },
        {
            "trade_id": "30705f12-9564-4316-80d6-444297b961c9",
            "ticker": "HIGHNY-24APR04-B51.5",
            "count": 20,
            "created_time": "2024-04-04T02:22:39.126935Z",
            "yes_price": 33,
            "no_price": 67,
            "taker_side": "no"
        },
        {
            "trade_id": "81cc69b7-8fa8-43e7-a613-23073805cec3",
            "ticker": "HIGHNY-24APR04-B51.5",
            "count": 1,
            "created_time": "2024-04-04T01:31:50.529525Z",
            "yes_price": 39,
            "no_price": 61,
            "taker_side": "yes"
        },
        {
            "trade_id": "f5b71bbe-f135-4968-bcad-53214b7c861c",
            "ticker": "HIGHNY-24APR04-B51.5",
            "count": 109,
            "created_time": "2024-04-03T23:59:29.98536Z",
            "yes_price": 37,
            "no_price": 63,
            "taker_side": "yes"
        },
        {
            "trade_id": "e5ce6f86-b0bb-4876-9956-6634b0c4862c",
            "ticker": "HIGHNY-24APR04-B51.5",
            "count": 10,
            "created_time": "2024-04-03T23:59:29.98536Z",
            "yes_price": 35,
            "no_price": 65,
            "taker_side": "yes"
        },
        {
            "trade_id": "c6cb0d70-f64e-4df6-9999-be352f92cf1d",
            "ticker": "HIGHNY-24APR04-B51.5",
            "count": 109,
            "created_time": "2024-04-03T23:58:34.023547Z",
            "yes_price": 35,
            "no_price": 65,
            "taker_side": "yes"
        },
        {
            "trade_id": "a8e680fc-f0f9-4f82-b979-54746b002bdb",
            "ticker": "HIGHNY-24APR04-B51.5",
            "count": 32,
            "created_time": "2024-04-03T23:58:34.023547Z",
            "yes_price": 31,
            "no_price": 69,
            "taker_side": "yes"
        },
        {
            "trade_id": "55585db3-0a70-48a7-9aa4-035c5a0426b6",
            "ticker": "HIGHNY-24APR04-B51.5",
            "count": 109,
            "created_time": "2024-04-03T23:58:34.023547Z",
            "yes_price": 33,
            "no_price": 67,
            "taker_side": "yes"
        },
        {
            "trade_id": "ec94fa3c-fa7d-4247-8bfc-d47373e92ecd",
            "ticker": "HIGHNY-24APR04-B51.5",
            "count": 43,
            "created_time": "2024-04-03T23:37:19.953926Z",
            "yes_price": 29,
            "no_price": 71,
            "taker_side": "yes"
        },
        {
            "trade_id": "e9922d21-3c25-4290-ae38-227afc99c49d",
            "ticker": "HIGHNY-24APR04-B51.5",
            "count": 111,
            "created_time": "2024-04-03T23:36:44.849058Z",
            "yes_price": 31,
            "no_price": 69,
            "taker_side": "yes"
        },
        {
            "trade_id": "e497a4c5-fe1c-4c4b-8dd0-3918a3a81ccd",
            "ticker": "HIGHNY-24APR04-B51.5",
            "count": 55,
            "created_time": "2024-04-03T23:36:44.849058Z",
            "yes_price": 29,
            "no_price": 71,
            "taker_side": "yes"
        },
        {
            "trade_id": "a224f8fa-3692-4482-a2c1-d0a02402d4bb",
            "ticker": "HIGHNY-24APR04-B51.5",
            "count": 11,
            "created_time": "2024-04-03T19:05:00.321628Z",
            "yes_price": 32,
            "no_price": 68,
            "taker_side": "no"
        },
        {
            "trade_id": "750950eb-3157-4b52-8e33-cb3ce94771e8",
            "ticker": "HIGHNY-24APR04-B51.5",
            "count": 112,
            "created_time": "2024-04-03T19:05:00.321628Z",
            "yes_price": 30,
            "no_price": 70,
            "taker_side": "no"
        },
        {
            "trade_id": "dfcacff3-e0ea-4408-bef5-ed05b5a8b28c",
            "ticker": "HIGHNY-24APR04-B51.5",
            "count": 112,
            "created_time": "2024-04-03T19:01:09.86933Z",
            "yes_price": 35,
            "no_price": 65,
            "taker_side": "no"
        },
        {
            "trade_id": "9bddfdb9-cc89-4a00-b363-735c14b863fa",
            "ticker": "HIGHNY-24APR04-B51.5",
            "count": 112,
            "created_time": "2024-04-03T19:01:09.86933Z",
            "yes_price": 33,
            "no_price": 67,
            "taker_side": "no"
        },
        {
            "trade_id": "39a4a81d-1e50-46a2-9102-0d9bfd003b49",
            "ticker": "HIGHNY-24APR04-B51.5",
            "count": 22,
            "created_time": "2024-04-03T19:01:09.86933Z",
            "yes_price": 37,
            "no_price": 63,
            "taker_side": "no"
        },
        {
            "trade_id": "3c554fbd-0206-48a5-b318-a473ecadb9c4",
            "ticker": "HIGHNY-24APR04-B51.5",
            "count": 10,
            "created_time": "2024-04-03T14:18:08.2464Z",
            "yes_price": 37,
            "no_price": 63,
            "taker_side": "no"
        }
    ],
    "HIGHNY-24APR04-B53.5": [
        {
            "trade_id": "8852fa20-1b33-408e-ae60-5b9a985df0e7",
            "ticker": "HIGHNY-24APR04-B53.5",
            "count": 100,
            "created_time": "2024-04-05T00:26:11.182798Z",
            "yes_price": 99,
            "no_price": 1,
            "taker_side": "yes"
        },
        {
            "trade_id": "3ec69f27-26f3-4140-9397-3a6b4c7b2022",
            "ticker": "HIGHNY-24APR04-B53.5",
            "count": 20,
            "created_time": "2024-04-04T22:23:13.349478Z",
            "yes_price": 99,
            "no_price": 1,
            "taker_side": "no"
        },
        {
            "trade_id": "3bce2613-0bcd-4e29-9ada-bf266018681f",
            "ticker": "HIGHNY-24APR04-B53.5",
            "count": 191,
            "created_time": "2024-04-04T21:18:09.292987Z",
            "yes_price": 99,
            "no_price": 1,
            "taker_side": "yes"
        },
        {
            "trade_id": "a34bb6b3-ded2-4997-9700-4cd008fc2346",
            "ticker": "HIGHNY-24APR04-B53.5",
            "count": 20,
            "created_time": "2024-04-04T20:56:33.160316Z",
            "yes_price": 99,
            "no_price": 1,
            "taker_side": "yes"
        },
        {
            "trade_id": "bc3bc120-d23b-46e0-b319-1a21589614b6",
            "ticker": "HIGHNY-24APR04-B53.5",
            "count": 1,
            "created_time": "2024-04-04T20:12:36.854645Z",
            "yes_price": 26,
            "no_price": 74,
            "taker_side": "no"
        },
        {
            "trade_id": "8171c895-be17-415d-ab6b-42049f53cb31",
            "ticker": "HIGHNY-24APR04-B53.5",
            "count": 10,
            "created_time": "2024-04-04T19:55:08.808693Z",
            "yes_price": 24,
            "no_price": 76,
            "taker_side": "yes"
        },
        {
            "trade_id": "f312831e-20ca-48fd-a567-896b07a3fc01",
            "ticker": "HIGHNY-24APR04-B53.5",
            "count": 100,
            "created_time": "2024-04-04T19:53:11.866788Z",
            "yes_price": 5,
            "no_price": 95,
            "taker_side": "yes"
        },
        {
            "trade_id": "d57ff244-0ab1-4945-bf33-85c9a16f3788",
            "ticker": "HIGHNY-24APR04-B53.5",
            "count": 1,
            "created_time": "2024-04-04T19:53:11.866788Z",
            "yes_price": 5,
            "no_price": 95,
            "taker_side": "yes"
        },
        {
            "trade_id": "87f863d0-6827-4096-980e-66ff21212d55",
            "ticker": "HIGHNY-24APR04-B53.5",
            "count": 100,
            "created_time": "2024-04-04T19:32:55.941178Z",
            "yes_price": 5,
            "no_price": 95,
            "taker_side": "yes"
        },
        {
            "trade_id": "f2f644e9-6f82-4175-ac2f-a03cfc53c2a0",
            "ticker": "HIGHNY-24APR04-B53.5",
            "count": 112,
            "created_time": "2024-04-03T19:05:07.517122Z",
            "yes_price": 12,
            "no_price": 88,
            "taker_side": "no"
        },
        {
            "trade_id": "4bdfd564-6c1a-40b7-9818-3aace32828d3",
            "ticker": "HIGHNY-24APR04-B53.5",
            "count": 112,
            "created_time": "2024-04-03T19:05:07.517122Z",
            "yes_price": 11,
            "no_price": 89,
            "taker_side": "no"
        },
        {
            "trade_id": "de584684-42e4-434a-b6c3-5d4bdb4bf910",
            "ticker": "HIGHNY-24APR04-B53.5",
            "count": 16,
            "created_time": "2024-04-03T19:01:33.355038Z",
            "yes_price": 14,
            "no_price": 86,
            "taker_side": "no"
        },
        {
            "trade_id": "2d924f5b-7ff8-4f81-84ae-071f2a369493",
            "ticker": "HIGHNY-24APR04-B53.5",
            "count": 112,
            "created_time": "2024-04-03T19:01:33.355038Z",
            "yes_price": 13,
            "no_price": 87,
            "taker_side": "no"
        },
        {
            "trade_id": "0f6f7e2e-9c79-4b21-b388-f314ab98a8e7",
            "ticker": "HIGHNY-24APR04-B53.5",
            "count": 67,
            "created_time": "2024-04-03T19:01:33.355038Z",
            "yes_price": 15,
            "no_price": 85,
            "taker_side": "no"
        }
    ],
    "HIGHNY-24APR04-T54": [
        {
            "trade_id": "725aabda-1f97-4784-9a9d-42808807318a",
            "ticker": "HIGHNY-24APR04-T54",
            "count": 100,
            "created_time": "2024-04-05T00:26:07.474608Z",
            "yes_price": 1,
            "no_price": 99,
            "taker_side": "no"
        },
        {
            "trade_id": "e2ec560d-ac4b-48ae-8119-d171e6afb473",
            "ticker": "HIGHNY-24APR04-T54",
            "count": 100,
            "created_time": "2024-04-04T19:49:41.922752Z",
            "yes_price": 1,
            "no_price": 99,
            "taker_side": "yes"
        }
    ]
}