{
    "HIGHNY-24MAY19-T67": [
        {
            "trade_id": "3e41c85c-8cbb-4fef-aa34-398720cbd27e",
            "ticker": "HIGHNY-24MAY19-T67",
            "count": 56,
            "created_time": "2024-05-20T00:33:39.238205Z",
            "yes_price": 1,
            "no_price": 99,
            "taker_side": "yes"
        },
        {
            "trade_id": "4c4066c7-3bcf-433c-a31c-20de6d763c8d",
            "ticker": "HIGHNY-24MAY19-T67",
            "count": 5,
            "created_time": "2024-05-19T23:20:58.569983Z",
            "yes_price": 1,
            "no_price": 99,
            "taker_side": "yes"
        },
        {
            "trade_id": "11299f02-65a4-4c95-9e5c-27e1f9533931",
            "ticker": "HIGHNY-24MAY19-T67",
            "count": 461,
            "created_time": "2024-05-19T23:20:58.569983Z",
            "yes_price": 1,
            "no_price": 99,
            "taker_side": "yes"
        }
    ],
    "HIGHNY-24MAY19-B67.5": [
        {
            "trade_id": "e8dd29c4-e109-488e-af76-46430c55666f",
            "ticker": "HIGHNY-24MAY19-B67.5",
            "count": 467,
            "created_time": "2024-05-19T23:21:09.364258Z",
            "yes_price": 1,
            "no_price": 99,
            "taker_side": "yes"
        },
        {
            "trade_id": "7391d149-9897-4910-a1a7-8349080a5659",
            "ticker": "HIGHNY-24MAY19-B67.5",
            "count": 34,
            "created_time": "2024-05-19T15:18:01.297177Z",
            "yes_price": 1,
            "no_price": 99,
            "taker_side": "no"
        },
        {
            "trade_id": "07d0e5f3-0d79-46ea-abfb-1dc1ed5cf060",
            "ticker": "HIGHNY-24MAY19-B67.5",
            "count": 1,
            "created_time": "2024-05-19T15:18:01.297177Z",
            "yes_price": 2,
            "no_price": 98,
            "taker_side": "no"
        },
        {
            "trade_id": "dd6188b2-56b2-4dd7-971b-44eaff242e13",
            "ticker": "HIGHNY-24MAY19-B67.5",
            "count": 1,
            "created_time": "2024-05-19T14:44:43.714444Z",
            "yes_price": 4,
            "no_price": 96,
            "taker_side": "yes"
        },
        {
            "trade_id": "a8c78bd1-c8ab-4cd5-9b88-7eec131b392b",
            "ticker": "HIGHNY-24MAY19-B67.5",
            "count": 16,
            "created_time": "2024-05-19T14:44:43.714444Z",
            "yes_price": 99,
            "no_price": 1,
            "taker_side": "yes"
        },
        {
            "trade_id": "6a585075-c81e-4366-a796-b471ba22753d",
            "ticker": "HIGHNY-24MAY19-B67.5",
            "count": 11,
            "created_time": "2024-05-19T14:44:43.714444Z",
            "yes_price": 20,
            "no_price": 80,
            "taker_side": "yes"
        },
        {
            "trade_id": "4d781a8e-4341-46e7-8cb8-c9b8ece68e8c",
            "ticker": "HIGHNY-24MAY19-B67.5",
            "count": 1,
            "created_time": "2024-05-19T14:44:43.714444Z",
            "yes_price": 3,
            "no_price": 97,
            "taker_side": "yes"
        },
        {
            "trade_id": "476f5a73-a181-4763-a93e-8b79ac738002",
            "ticker": "HIGHNY-24MAY19-B67.5",
            "count": 11,
            "created_time": "2024-05-19T14:44:43.714444Z",
            "yes_price": 21,
            "no_price": 79,
            "taker_side": "yes"
        },
        {
            "trade_id": "c57de395-e577-409a-b282-8ada869d35c8",
            "ticker": "HIGHNY-24MAY19-B67.5",
            "count": 1,
            "created_time": "2024-05-19T13:19:02.56834Z",
            "yes_price": 3,
            "no_price": 97,
            "taker_side": "yes"
        },
        {
            "trade_id": "fa862ad6-3184-4dd7-9090-480feb330b6e",
            "ticker": "HIGHNY-24MAY19-B67.5",
            "count": 5,
            "created_time": "2024-05-18T23:48:09.497191Z",
            "yes_price": 1,
            "no_price": 99,
            "taker_side": "yes"
        },
        {
            "trade_id": "dac6b8c8-a72f-465e-af8e-07a5080bb804",
            "ticker": "HIGHNY-24MAY19-B67.5",
            "count": 5,
            "created_time": "2024-05-18T23:48:09.497191Z",
            "yes_price": 1,
            "no_price": 99,
            "taker_side": "yes"
        }
    ],
    "HIGHNY-24MAY19-B69.5": [
        {
            "trade_id": "5e3be696-dc5e-4c59-8618-0fe7bd6d4a75",
            "ticker": "HIGHNY-24MAY19-B69.5",
            "count": 1,
            "created_time": "2024-05-19T15:52:55.262527Z",
            "yes_price": 1,
            "no_price": 99,
            "taker_side": "no"
        },
        {
            "trade_id": "2aacf6cf-99b2-4107-a1e3-de94fdfa2828",
            "ticker": "HIGHNY-24MAY19-B69.5",
            "count": 3,
            "created_time": "2024-05-19T14:52:15.984468Z",
            "yes_price": 10,
            "no_price": 90,
            "taker_side": "no"
        },
        {
            "trade_id": "27e61e58-8daf-450f-83dc-d11b4796cac0",
            "ticker": "HIGHNY-24MAY19-B69.5",
            "count": 4,
            "created_time": "2024-05-19T12:05:49.387965Z",
            "yes_price": 10,
            "no_price": 90,
            "taker_side": "no"
        },
        {
            "trade_id": "0f36aaba-b6cb-49b1-9852-c4d68f230308",
            "ticker": "HIGHNY-24MAY19-B69.5",
            "count": 96,
            "created_time": "2024-05-19T12:05:49.387965Z",
            "yes_price": 9,
            "no_price": 91,
            "taker_side": "no"
        },
        {
            "trade_id": "534f4157-92db-4259-8238-1d6dd6d53248",
            "ticker": "HIGHNY-24MAY19-B69.5",
            "count": 96,
            "created_time": "2024-05-19T12:05:09.1241Z",
            "yes_price": 10,
            "no_price": 90,
            "taker_side": "no"
        },
        {
            "trade_id": "0701fc0d-150f-403b-8179-fd4b40144970",
            "ticker": "HIGHNY-24MAY19-B69.5",
            "count": 54,
            "created_time": "2024-05-19T12:05:09.1241Z",
            "yes_price": 11,
            "no_price": 89,
            "taker_side": "no"
        },
        {
            "trade_id": "e2adfaad-35d0-4367-a0cb-8ede221f60aa",
            "ticker": "HIGHNY-24MAY19-B69.5",
            "count": 27,
            "created_time": "2024-05-19T12:01:07.759424Z",
            "yes_price": 13,
            "no_price": 87,
            "taker_side": "no"
        },
        {
            "trade_id": "4a9aa58c-7c42-4a8d-8d6e-85bbc1418fe5",
            "ticker": "HIGHNY-24MAY19-B69.5",
            "count": 13,
            "created_time": "2024-05-19T12:00:39.896369Z",
            "yes_price": 13,
            "no_price": 87,
            "taker_side": "no"
        },
        {
            "trade_id": "9d0e7069-e6c1-4cf3-b594-5d6fd4e6d85d",
            "ticker": "HIGHNY-24MAY19-B69.5",
            "count": 32,
            "created_time": "2024-05-19T12:00:39.860886Z",
            "yes_price": 15,
            "no_price": 85,
            "taker_side": "no"
        },
        {
            "trade_id": "fe98891c-9fae-412f-b7ef-2595638a67a9",
            "ticker": "HIGHNY-24MAY19-B69.5",
            "count": 5,
            "created_time": "2024-05-18T23:30:25.687487Z",
            "yes_price": 15,
            "no_price": 85,
            "taker_side": "no"
        },
        {
            "trade_id": "d86a2fbe-02f4-4bba-aa22-4fe3174537fd",
            "ticker": "HIGHNY-24MAY19-B69.5",
            "count": 30,
            "created_time": "2024-05-18T21:24:24.056403Z",
            "yes_price": 15,
            "no_price": 85,
            "taker_side": "no"
        },
        {
            "trade_id": "49191493-cafc-42b5-852e-4f2267528296",
            "ticker": "HIGHNY-24MAY19-B69.5",
            "count": 19,
            "created_time": "2024-05-18T21:22:20.618949Z",
            "yes_price": 15,
            "no_price": 85,
            "taker_side": "no"
        },
        {
            "trade_id": "ab8f948c-ead4-4c7c-bfea-e5260a531191",
            "ticker": "HIGHNY-24MAY19-B69.5",
            "count": 75,
            "created_time": "2024-05-18T21:21:21.586418Z",
            "yes_price": 15,
            "no_price": 85,
            "taker_side": "no"
        },
        {
            "trade_id": "625e5761-e0e1-47db-818f-6ae30b74d794",
            "ticker": "HIGHNY-24MAY19-B69.5",
            "count": 1,
            "created_time": "2024-05-18T18:35:25.980249Z",
            "yes_price": 18,
            "no_price": 82,
            "taker_side": "no"
        },
        {
            "trade_id": "e602d94f-3ff2-4928-a79a-729c720dd69a",
            "ticker": "HIGHNY-24MAY19-B69.5",
            "count": 1,
            "created_time": "2024-05-18T17:30:31.13017Z",
            "yes_price": 15,
            "no_price": 85,
            "taker_side": "no"
        },
        {
            "trade_id": "f241f440-e602-4924-917e-0d0800733d37",
            "ticker": "HIGHNY-24MAY19-B69.5",
            "count": 12,
            "created_time": "2024-05-18T16:12:36.958819Z",
            "yes_price": 16,
            "no_price": 84,
            "taker_side": "yes"
        },
        {
            "trade_id": "3d617d1d-2bcb-4ded-8d91-a235694b5748",
            "ticker": "HIGHNY-24MAY19-B69.5",
            "count": 1,
            "created_time": "2024-05-18T15:55:21.948177Z",
            "yes_price": 15,
            "no_price": 85,
            "taker_side": "no"
        },
        {
            "trade_id": "1f0a68f6-bf1c-4481-84ea-82bbffe276da",
            "ticker": "HIGHNY-24MAY19-B69.5",
            "count": 39,
            "created_time": "2024-05-18T14:12:31.075234Z",
            "yes_price": 15,
            "no_price": 85,
            "taker_side": "no"
        },
        {
            "trade_id": "d955644b-2c4e-4c19-a914-c690a0d212dc",
            "ticker": "HIGHNY-24MAY19-B69.5",
            "count": 48,
            "created_time": "2024-05-18T14:12:27.305811Z",
            "yes_price": 15,
            "no_price": 85,
            "taker_side": "no"
        }
    ],
    "HIGHNY-24MAY19-B71.5": [
        {
            "trade_id": "53ddd00c-47b5-462c-b1ef-267708281427",
            "ticker": "HIGHNY-24MAY19-B71.5",
            "count": 5,
            "created_time": "2024-05-20T02:47:55.029134Z",
            "yes_price": 1,
            "no_price": 99,
            "taker_side": "yes"
        },
        {
            "trade_id": "64eaedee-5e4b-4e02-8f4b-0981c20e048e",
            "ticker": "HIGHNY-24MAY19-B71.5",
            "count": 467,
            "created_time": "2024-05-19T23:19:39.021061Z",
            "yes_price": 1,
            "no_price": 99,
            "taker_side": "yes"
        },
        {
            "trade_id": "e8a043e9-283c-43bf-8acb-8e03ed926e53",
            "ticker": "HIGHNY-24MAY19-B71.5",
            "count": 24,
            "created_time": "2024-05-19T18:15:05.143385Z",
            "yes_price": 1,
            "no_price": 99,
            "taker_side": "yes"
        },
        {
            "trade_id": "ac9bfcc9-8052-4271-ba6b-611411283f7a",
            "ticker": "HIGHNY-24MAY19-B71.5",
            "count": 5,
            "created_time": "2024-05-19T17:01:06.930648Z",
            "yes_price": 44,
            "no_price": 56,
            "taker_side": "yes"
        },
        {
            "trade_id": "d1631227-9b9b-4c8b-bb00-a183cbf74402",
            "ticker": "HIGHNY-24MAY19-B71.5",
            "count": 13,
            "created_time": "2024-05-19T14:43:52.020628Z",
            "yes_price": 44,
            "no_price": 56,
            "taker_side": "yes"
        },
        {
            "trade_id": "a1e66452-e0c9-45a9-b5c2-9b557f1fa5b4",
            "ticker": "HIGHNY-24MAY19-B71.5",
            "count": 13,
            "created_time": "2024-05-19T14:43:52.020628Z",
            "yes_price": 44,
            "no_price": 56,
            "taker_side": "yes"
        },
        {
            "trade_id": "65e96f11-4f45-46e8-b20b-b44123ffbd4b",
            "ticker": "HIGHNY-24MAY19-B71.5",
            "count": 17,
            "created_time": "2024-05-19T14:43:52.020628Z",
            "yes_price": 45,
            "no_price": 55,
            "taker_side": "yes"
        },
        {
            "trade_id": "a645c072-5580-4f98-8f18-99a0b0e5f73d",
            "ticker": "HIGHNY-24MAY19-B71.5",
            "count": 23,
            "created_time": "2024-05-19T14:07:12.660033Z",
            "yes_price": 41,
            "no_price": 59,
            "taker_side": "yes"
        },
        {
            "trade_id": "c7ea1058-d450-4851-a923-bb03d49d0e5f",
            "ticker": "HIGHNY-24MAY19-B71.5",
            "count": 15,
            "created_time": "2024-05-19T13:58:18.713636Z",
            "yes_price": 40,
            "no_price": 60,
            "taker_side": "yes"
        },
        {
            "trade_id": "d1d5ad72-4ba4-4b27-b342-f0a760c36740",
            "ticker": "HIGHNY-24MAY19-B71.5",
            "count": 10,
            "created_time": "2024-05-19T13:17:41.478433Z",
            "yes_price": 34,
            "no_price": 66,
            "taker_side": "no"
        },
        {
            "trade_id": "84ec5ec9-b7fc-4f08-b219-aac8eacb9d73",
            "ticker": "HIGHNY-24MAY19-B71.5",
            "count": 10,
            "created_time": "2024-05-19T13:17:41.478433Z",
            "yes_price": 33,
            "no_price": 67,
            "taker_side": "no"
        },
        {
            "trade_id": "515ffd88-ee35-49cb-89dd-9ba072ac230d",
            "ticker": "HIGHNY-24MAY19-B71.5",
            "count": 4,
            "created_time": "2024-05-19T13:17:41.478433Z",
            "yes_price": 32,
            "no_price": 68,
            "taker_side": "no"
        },
        {
            "trade_id": "fb1aa7b9-f470-4437-bb50-e9a288b0905b",
            "ticker": "HIGHNY-24MAY19-B71.5",
            "count": 38,
            "created_time": "2024-05-19T12:27:01.025424Z",
            "yes_price": 35,
            "no_price": 65,
            "taker_side": "yes"
        },
        {
            "trade_id": "703a08b5-9626-4225-9ffa-136f443c43dc",
            "ticker": "HIGHNY-24MAY19-B71.5",
            "count": 112,
            "created_time": "2024-05-19T12:27:01.025424Z",
            "yes_price": 37,
            "no_price": 63,
            "taker_side": "yes"
        },
        {
            "trade_id": "19a71bbf-631f-454c-af7f-3f83d2084ebd",
            "ticker": "HIGHNY-24MAY19-B71.5",
            "count": 13,
            "created_time": "2024-05-19T12:07:42.200117Z",
            "yes_price": 34,
            "no_price": 66,
            "taker_side": "yes"
        },
        {
            "trade_id": "42469739-e048-4cd1-82b3-c6dfec55952b",
            "ticker": "HIGHNY-24MAY19-B71.5",
            "count": 80,
            "created_time": "2024-05-19T12:05:46.730973Z",
            "yes_price": 34,
            "no_price": 66,
            "taker_side": "yes"
        },
        {
            "trade_id": "a2a67955-491b-4749-9472-c0b674a82bd9",
            "ticker": "HIGHNY-24MAY19-B71.5",
            "count": 13,
            "created_time": "2024-05-19T12:05:24.154234Z",
            "yes_price": 33,
            "no_price": 67,
            "taker_side": "yes"
        },
        {
            "trade_id": "11451192-d828-4408-b22c-dd2b6abf4208",
            "ticker": "HIGHNY-24MAY19-B71.5",
            "count": 53,
            "created_time": "2024-05-19T12:02:38.698215Z",
            "yes_price": 33,
            "no_price": 67,
            "taker_side": "yes"
        },
        {
            "trade_id": "7a09ef6d-9230-468a-a011-03a9149c0c9b",
            "ticker": "HIGHNY-24MAY19-B71.5",
            "count": 27,
            "created_time": "2024-05-19T12:01:07.737484Z",
            "yes_price": 28,
            "no_price": 72,
            "taker_side": "no"
        },
        {
            "trade_id": "bf55d3f3-9c44-43ad-ade5-53572c59fa75",
            "ticker": "HIGHNY-24MAY19-B71.5",
            "count": 13,
            "created_time": "2024-05-19T12:00:45.039818Z",
            "yes_price": 28,
            "no_price": 72,
            "taker_side": "yes"
        },
        {
            "trade_id": "4767db5c-fb97-4c43-99c0-a4c6886de6ae",
            "ticker": "HIGHNY-24MAY19-B71.5",
            "count": 13,
            "created_time": "2024-05-19T12:00:39.885293Z",
            "yes_price": 27,
            "no_price": 73,
            "taker_side": "no"
        },
        {
            "trade_id": "856cde20-e47d-4f2e-832f-ed1b3a11ffb0",
            "ticker": "HIGHNY-24MAY19-B71.5",
            "count": 19,
            "created_time": "2024-05-19T12:00:39.861335Z",
            "yes_price": 27,
            "no_price": 73,
            "taker_side": "no"
        },
        {
            "trade_id": "014a6542-022b-47e3-8cea-471b0d5ad68a",
            "ticker": "HIGHNY-24MAY19-B71.5",
            "count": 13,
            "created_time": "2024-05-19T12:00:39.861335Z",
            "yes_price": 28,
            "no_price": 72,
            "taker_side": "no"
        },
        {
            "trade_id": "691dd181-b3e6-45fc-bc0e-cb20d8e0ee5c",
            "ticker": "HIGHNY-24MAY19-B71.5",
            "count": 5,
            "created_time": "2024-05-19T01:14:12.177049Z",
            "yes_price": 35,
            "no_price": 65,
            "taker_side": "yes"
        },
        {
            "trade_id": "b14d148d-5d09-424b-b520-4509fbff77d9",
            "ticker": "HIGHNY-24MAY19-B71.5",
            "count": 1,
            "created_time": "2024-05-18T18:35:26.562102Z",
            "yes_price": 31,
            "no_price": 69,
            "taker_side": "no"
        },
        {
            "trade_id": "8906bb38-9b25-44ec-941b-1921df201d0b",
            "ticker": "HIGHNY-24MAY19-B71.5",
            "count": 11,
            "created_time": "2024-05-18T18:13:52.746991Z",
            "yes_price": 31,
            "no_price": 69,
            "taker_side": "yes"
        },
        {
            "trade_id": "937cf062-0a56-4b6a-8f9f-246ee8e5609a",
            "ticker": "HIGHNY-24MAY19-B71.5",
            "count": 1,
            "created_time": "2024-05-18T17:30:31.832472Z",
            "yes_price": 27,
            "no_price": 73,
            "taker_side": "no"
        },
        {
            "trade_id": "167ee733-a6f8-4356-819c-3171fcaf96c4",
            "ticker": "HIGHNY-24MAY19-B71.5",
            "count": 9,
            "created_time": "2024-05-18T16:54:14.485887Z",
            "yes_price": 27,
            "no_price": 73,
            "taker_side": "no"
        },
        {
            "trade_id": "b41d14cc-bcd4-4df7-9231-89a67034ed33",
            "ticker": "HIGHNY-24MAY19-B71.5",
            "count": 9,
            "created_time": "2024-05-18T16:29:51.923712Z",
            "yes_price": 30,
            "no_price": 70,
            "taker_side": "yes"
        },
        {
            "trade_id": "4d691ced-82e9-4b28-b9c4-95b7fa45f282",
            "ticker": "HIGHNY-24MAY19-B71.5",
            "count": 12,
            "created_time": "2024-05-18T16:12:45.999393Z",
            "yes_price": 25,
            "no_price": 75,
            "taker_side": "no"
        }
    ],
    "HIGHNY-24MAY19-B73.5": [
        {
            "trade_id": "9a16f32d-2b37-4db5-b891-26dc8e0e26ca",
            "ticker": "HIGHNY-24MAY19-B73.5",
            "count": 80,
            "created_time": "2024-05-20T02:59:20.501922Z",
            "yes_price": 1,
            "no_price": 99,
            "taker_side": "yes"
        },
        {
            "trade_id": "49767e6c-a1d6-44e3-8ca6-9302dcddc6e8",
            "ticker": "HIGHNY-24MAY19-B73.5",
            "count": 598,
            "created_time": "2024-05-20T02:59:20.501922Z",
            "yes_price": 1,
            "no_price": 99,
            "taker_side": "yes"
        },
        {
            "trade_id": "2f49729b-9c39-456c-9a11-ccad8a416ce8",
            "ticker": "HIGHNY-24MAY19-B73.5",
            "count": 256,
            "created_time": "2024-05-20T02:59:20.501922Z",
            "yes_price": 1,
            "no_price": 99,
            "taker_side": "yes"
        },
        {
            "trade_id": "2f86d64a-6900-4580-b853-0bbc1a237524",
            "ticker": "HIGHNY-24MAY19-B73.5",
            "count": 935,
            "created_time": "2024-05-20T01:34:38.341972Z",
            "yes_price": 1,
            "no_price": 99,
            "taker_side": "yes"
        },
        {
            "trade_id": "b5c61d7c-5ff1-48ce-acdf-ab9dbd534aa5",
            "ticker": "HIGHNY-24MAY19-B73.5",
            "count": 467,
            "created_time": "2024-05-19T23:19:53.391146Z",
            "yes_price": 1,
            "no_price": 99,
            "taker_side": "yes"
        },
        {
            "trade_id": "858e1342-305c-40e8-8068-1521ac3b466a",
            "ticker": "HIGHNY-24MAY19-B73.5",
            "count": 46,
            "created_time": "2024-05-19T21:00:55.614477Z",
            "yes_price": 1,
            "no_price": 99,
            "taker_side": "no"
        },
        {
            "trade_id": "6fe5bd50-1019-4ceb-a2e1-812c2aed1bf7",
            "ticker": "HIGHNY-24MAY19-B73.5",
            "count": 46,
            "created_time": "2024-05-19T20:45:47.190814Z",
            "yes_price": 2,
            "no_price": 98,
            "taker_side": "yes"
        },
        {
            "trade_id": "2dd515b6-46de-46a6-ab15-fe0d0e9b51a4",
            "ticker": "HIGHNY-24MAY19-B73.5",
            "count": 63,
            "created_time": "2024-05-19T20:34:26.802373Z",
            "yes_price": 1,
            "no_price": 99,
            "taker_side": "no"
        },
        {
            "trade_id": "5ff0cdd1-dd73-4b8c-9af1-33b229424c52",
            "ticker": "HIGHNY-24MAY19-B73.5",
            "count": 4,
            "created_time": "2024-05-19T19:32:13.758882Z",
            "yes_price": 68,
            "no_price": 32,
            "taker_side": "yes"
        },
        {
            "trade_id": "1065e9b0-111c-4e10-afb1-1ce121a124fa",
            "ticker": "HIGHNY-24MAY19-B73.5",
            "count": 20,
            "created_time": "2024-05-19T19:10:18.341236Z",
            "yes_price": 68,
            "no_price": 32,
            "taker_side": "yes"
        },
        {
            "trade_id": "978313b3-2830-4f24-b7a6-f1527a6e23d7",
            "ticker": "HIGHNY-24MAY19-B73.5",
            "count": 125,
            "created_time": "2024-05-19T19:05:33.118469Z",
            "yes_price": 68,
            "no_price": 32,
            "taker_side": "yes"
        },
        {
            "trade_id": "1a7468ff-1d4d-458c-ae80-6894a4d9d74f",
            "ticker": "HIGHNY-24MAY19-B73.5",
            "count": 35,
            "created_time": "2024-05-19T19:05:33.118469Z",
            "yes_price": 69,
            "no_price": 31,
            "taker_side": "yes"
        },
        {
            "trade_id": "7f64f0af-4dab-46b4-8163-b05fdb91ef20",
            "ticker": "HIGHNY-24MAY19-B73.5",
            "count": 4,
            "created_time": "2024-05-19T14:30:29.992452Z",
            "yes_price": 44,
            "no_price": 56,
            "taker_side": "yes"
        },
        {
            "trade_id": "e85df579-cfa7-4b28-8a66-7c44ba3d0d4c",
            "ticker": "HIGHNY-24MAY19-B73.5",
            "count": 5,
            "created_time": "2024-05-19T13:12:40.098368Z",
            "yes_price": 39,
            "no_price": 61,
            "taker_side": "no"
        },
        {
            "trade_id": "950d5305-6fe9-44b9-86c8-9764bfb68251",
            "ticker": "HIGHNY-24MAY19-B73.5",
            "count": 21,
            "created_time": "2024-05-19T12:10:03.772312Z",
            "yes_price": 45,
            "no_price": 55,
            "taker_side": "yes"
        },
        {
            "trade_id": "8bfcff93-6e8a-4576-9d0a-84c8c7056fd4",
            "ticker": "HIGHNY-24MAY19-B73.5",
            "count": 26,
            "created_time": "2024-05-19T12:02:57.091644Z",
            "yes_price": 46,
            "no_price": 54,
            "taker_side": "yes"
        },
        {
            "trade_id": "81d1e000-43c9-4c5d-8d27-b0df49108bf1",
            "ticker": "HIGHNY-24MAY19-B73.5",
            "count": 17,
            "created_time": "2024-05-19T12:02:57.091644Z",
            "yes_price": 47,
            "no_price": 53,
            "taker_side": "yes"
        },
        {
            "trade_id": "83451a56-ae30-4d5d-9b0c-4d90fd9dbfec",
            "ticker": "HIGHNY-24MAY19-B73.5",
            "count": 2,
            "created_time": "2024-05-19T12:02:33.392656Z",
            "yes_price": 45,
            "no_price": 55,
            "taker_side": "yes"
        },
        {
            "trade_id": "2fe3fa01-f13c-45b9-b9b1-dab4f797add0",
            "ticker": "HIGHNY-24MAY19-B73.5",
            "count": 13,
            "created_time": "2024-05-19T12:01:07.676378Z",
            "yes_price": 42,
            "no_price": 58,
            "taker_side": "yes"
        },
        {
            "trade_id": "1bb28aca-6d17-41b8-abfa-b3ebf422c86e",
            "ticker": "HIGHNY-24MAY19-B73.5",
            "count": 27,
            "created_time": "2024-05-19T12:01:07.676378Z",
            "yes_price": 42,
            "no_price": 58,
            "taker_side": "yes"
        },
        {
            "trade_id": "7ed2c025-a393-4e04-8b90-c518e962d745",
            "ticker": "HIGHNY-24MAY19-B73.5",
            "count": 8,
            "created_time": "2024-05-19T12:00:39.873609Z",
            "yes_price": 42,
            "no_price": 58,
            "taker_side": "no"
        },
        {
            "trade_id": "1b2f4217-b00e-45bc-879c-37195c1537b3",
            "ticker": "HIGHNY-24MAY19-B73.5",
            "count": 5,
            "created_time": "2024-05-19T12:00:39.873609Z",
            "yes_price": 40,
            "no_price": 60,
            "taker_side": "no"
        },
        {
            "trade_id": "1284b1de-2f45-4799-8446-0fda4fb76230",
            "ticker": "HIGHNY-24MAY19-B73.5",
            "count": 32,
            "created_time": "2024-05-19T12:00:39.845563Z",
            "yes_price": 42,
            "no_price": 58,
            "taker_side": "no"
        },
        {
            "trade_id": "415b0803-18b5-4ca7-944b-83dc4bd69f6b",
            "ticker": "HIGHNY-24MAY19-B73.5",
            "count": 15,
            "created_time": "2024-05-18T23:47:46.929819Z",
            "yes_price": 28,
            "no_price": 72,
            "taker_side": "no"
        },
        {
            "trade_id": "89de0db9-0aa2-4d7b-ad10-b77b407e36ad",
            "ticker": "HIGHNY-24MAY19-B73.5",
            "count": 1,
            "created_time": "2024-05-18T17:30:32.525152Z",
            "yes_price": 28,
            "no_price": 72,
            "taker_side": "no"
        },
        {
            "trade_id": "e5e473bb-ee4e-46e6-ab25-065528e97ac6",
            "ticker": "HIGHNY-24MAY19-B73.5",
            "count": 10,
            "created_time": "2024-05-18T16:34:22.273898Z",
            "yes_price": 28,
            "no_price": 72,
            "taker_side": "no"
        },
        {
            "trade_id": "d17e1000-411c-48fb-8c8b-6002652c8e37",
            "ticker": "HIGHNY-24MAY19-B73.5",
            "count": 10,
            "created_time": "2024-05-18T16:33:40.415041Z",
            "yes_price": 28,
            "no_price": 72,
            "taker_side": "yes"
        },
        {
            "trade_id": "f058fc0e-5155-476c-be1f-0dc56eff8bd0",
            "ticker": "HIGHNY-24MAY19-B73.5",
            "count": 60,
            "created_time": "2024-05-18T16:33:30.041092Z",
            "yes_price": 28,
            "no_price": 72,
            "taker_side": "no"
        },
        {
            "trade_id": "f8ca293c-8f3f-4fd6-8e11-6da3f2ed71df",
            "ticker": "HIGHNY-24MAY19-B73.5",
            "count": 12,
            "created_time": "2024-05-18T16:12:53.434855Z",
            "yes_price": 28,
            "no_price": 72,
            "taker_side": "no"
        },
        {
            "trade_id": "8786a9d4-7dba-4c5e-a63a-47da61c57623",
            "ticker": "HIGHNY-24MAY19-B73.5",
            "count": 11,
            "created_time": "2024-05-18T14:21:05.757062Z",
            "yes_price": 28,
            "no_price": 72,
            "taker_side": "no"
        },
        {
            "trade_id": "5147d985-ed8b-469b-a8c4-01000dc4e624",
            "ticker": "HIGHNY-24MAY19-B73.5",
            "count": 41,
            "created_time": "2024-05-18T14:12:31.134399Z",
            "yes_price": 28,
            "no_price": 72,
            "taker_side": "yes"
        }
    ],
    "HIGHNY-24MAY19-T74": [
        {
            "trade_id": "e8bc0edd-3157-4def-ab6b-9caefb8f0853",
            "ticker": "HIGHNY-24MAY19-T74",
            "count": 1,
            "created_time": "2024-05-19T19:36:44.640596Z",
            "yes_price": 50,
            "no_price": 50,
            "taker_side": "no"
        },
        {
            "trade_id": "f2adfe63-d12c-403e-a038-1c1f79601663",
            "ticker": "HIGHNY-24MAY19-T74",
            "count": 4,
            "created_time": "2024-05-19T19:32:13.816172Z",
            "yes_price": 50,
            "no_price": 50,
            "taker_side": "no"
        },
        {
            "trade_id": "8a306af4-9cfc-4921-bef3-c9efc21ca7b4",
            "ticker": "HIGHNY-24MAY19-T74",
            "count": 20,
            "created_time": "2024-05-19T19:10:18.424686Z",
            "yes_price": 50,
            "no_price": 50,
            "taker_side": "no"
        },
        {
            "trade_id": "8d0c0ccf-eb69-411c-bcb9-49ccc7dde899",
            "ticker": "HIGHNY-24MAY19-T74",
            "count": 125,
            "created_time": "2024-05-19T19:05:33.17493Z",
            "yes_price": 51,
            "no_price": 49,
            "taker_side": "no"
        },
        {
            "trade_id": "24a40ed2-791f-44df-8652-8de28c991db2",
            "ticker": "HIGHNY-24MAY19-T74",
            "count": 2,
            "created_time": "2024-05-19T18:44:56.22695Z",
            "yes_price": 50,
            "no_price": 50,
            "taker_side": "no"
        },
        {
            "trade_id": "43adce1c-fcd3-4a89-ac38-fa6a9c89e734",
            "ticker": "HIGHNY-24MAY19-T74",
            "count": 125,
            "created_time": "2024-05-19T16:18:17.168079Z",
            "yes_price": 39,
            "no_price": 61,
            "taker_side": "yes"
        },
        {
            "trade_id": "dc6f98f0-a918-4f6a-9cf7-d7096e66d689",
            "ticker": "HIGHNY-24MAY19-T74",
            "count": 10,
            "created_time": "2024-05-19T14:43:26.706893Z",
            "yes_price": 15,
            "no_price": 85,
            "taker_side": "yes"
        },
        {
            "trade_id": "8140679f-0c20-4bd7-9cab-e013ab29021b",
            "ticker": "HIGHNY-24MAY19-T74",
            "count": 53,
            "created_time": "2024-05-19T12:06:49.546258Z",
            "yes_price": 19,
            "no_price": 81,
            "taker_side": "yes"
        },
        {
            "trade_id": "7b93453a-37c4-4f28-a5f3-f479e3c5587e",
            "ticker": "HIGHNY-24MAY19-T74",
            "count": 43,
            "created_time": "2024-05-19T12:06:49.546258Z",
            "yes_price": 18,
            "no_price": 82,
            "taker_side": "yes"
        },
        {
            "trade_id": "58929ffa-439c-4d7c-9ea3-3346b8b436d7",
            "ticker": "HIGHNY-24MAY19-T74",
            "count": 29,
            "created_time": "2024-05-19T12:06:49.546258Z",
            "yes_price": 21,
            "no_price": 79,
            "taker_side": "yes"
        },
        {
            "trade_id": "dad17bb3-ce87-4912-9715-817122c4a709",
            "ticker": "HIGHNY-24MAY19-T74",
            "count": 2,
            "created_time": "2024-05-19T12:01:58.245167Z",
            "yes_price": 19,
            "no_price": 81,
            "taker_side": "no"
        },
        {
            "trade_id": "8b321899-1dad-4d68-903a-2c5e26a7acd0",
            "ticker": "HIGHNY-24MAY19-T74",
            "count": 27,
            "created_time": "2024-05-19T12:01:07.760747Z",
            "yes_price": 19,
            "no_price": 81,
            "taker_side": "no"
        },
        {
            "trade_id": "019aeff8-42b4-4e02-adbe-58cd14e8b197",
            "ticker": "HIGHNY-24MAY19-T74",
            "count": 13,
            "created_time": "2024-05-19T12:00:40.019835Z",
            "yes_price": 19,
            "no_price": 81,
            "taker_side": "no"
        },
        {
            "trade_id": "4e2f55a3-2e3c-4792-ba34-df1ed3d9832d",
            "ticker": "HIGHNY-24MAY19-T74",
            "count": 32,
            "created_time": "2024-05-19T12:00:39.844504Z",
            "yes_price": 19,
            "no_price": 81,
            "taker_side": "no"
        },
        {
            "trade_id": "e4af1984-442e-478b-8bf7-513f86a54749",
            "ticker": "HIGHNY-24MAY19-T74",
            "count": 13,
            "created_time": "2024-05-19T12:00:39.753486Z",
            "yes_price": 19,
            "no_price": 81,
            "taker_side": "yes"
        },
        {
            "trade_id": "7cbb347c-0aa0-411a-bbac-4a1f17878ef1",
            "ticker": "HIGHNY-24MAY19-T74",
            "count": 10,
            "created_time": "2024-05-19T12:00:39.753486Z",
            "yes_price": 19,
            "no_price": 81,
            "taker_side": "yes"
        },
        {
            "trade_id": "05712f8b-b6db-46df-b60f-d90ade09baa4",
            "ticker": "HIGHNY-24MAY19-T74",
            "count": 80,
            "created_time": "2024-05-19T12:00:39.753486Z",
            "yes_price": 19,
            "no_price": 81,
            "taker_side": "yes"
        },
        {
            "trade_id": "e0ddddf7-be6a-448d-8319-8ed51d2ed024",
            "ticker": "HIGHNY-24MAY19-T74",
            "count": 30,
            "created_time": "2024-05-18T23:21:10.562148Z",
            "yes_price": 15,
            "no_price": 85,
            "taker_side": "yes"
        },
        {
            "trade_id": "e9ca7c01-f18f-4498-ad8c-a4fce1d8fdb4",
            "ticker": "HIGHNY-24MAY19-T74",
            "count": 60,
            "created_time": "2024-05-18T23:21:01.771463Z",
            "yes_price": 17,
            "no_price": 83,
            "taker_side": "no"
        },
        {
            "trade_id": "5ec9e17c-c75f-485e-b431-a9cd0d857f86",
            "ticker": "HIGHNY-24MAY19-T74",
            "count": 150,
            "created_time": "2024-05-18T23:21:01.771463Z",
            "yes_price": 15,
            "no_price": 85,
            "taker_side": "no"
        },
        {
            "trade_id": "7b91e955-e454-4fee-85a4-be53980387e0",
            "ticker": "HIGHNY-24MAY19-T74",
            "count": 1,
            "created_time": "2024-05-18T18:35:27.50114Z",
            "yes_price": 15,
            "no_price": 85,
            "taker_side": "yes"
        },
        {
            "trade_id": "c252ff07-c86a-44d9-9b9a-5ea22d93b405",
            "ticker": "HIGHNY-24MAY19-T74",
            "count": 105,
            "created_time": "2024-05-18T16:34:13.700129Z",
            "yes_price": 22,
            "no_price": 78,
            "taker_side": "no"
        },
        {
            "trade_id": "85889bb4-ed2b-4679-97f3-48714d95b796",
            "ticker": "HIGHNY-24MAY19-T74",
            "count": 30,
            "created_time": "2024-05-18T16:33:35.310212Z",
            "yes_price": 23,
            "no_price": 77,
            "taker_side": "yes"
        },
        {
            "trade_id": "8bcfb42a-8f77-4354-9db3-b6fac23d002c",
            "ticker": "HIGHNY-24MAY19-T74",
            "count": 42,
            "created_time": "2024-05-18T16:33:05.265495Z",
            "yes_price": 23,
            "no_price": 77,
            "taker_side": "no"
        },
        {
            "trade_id": "8e3a413d-4808-46d9-8aad-a45225698969",
            "ticker": "HIGHNY-24MAY19-T74",
            "count": 48,
            "created_time": "2024-05-18T16:33:02.615423Z",
            "yes_price": 23,
            "no_price": 77,
            "taker_side": "no"
        },
        {
            "trade_id": "c54d459b-6b1c-4523-8c8e-35042d7ed71c",
            "ticker": "HIGHNY-24MAY19-T74",
            "count": 12,
            "created_time": "2024-05-18T16:13:02.059349Z",
            "yes_price": 24,
            "no_price": 76,
            "taker_side": "no"
        },
        {
            "trade_id": "599c1ffe-8b5a-4722-86e4-80b6ad08b3db",
            "ticker": "HIGHNY-24MAY19-T74",
            "count": 11,
            "created_time": "2024-05-18T14:21:06.021124Z",
            "yes_price": 24,
            "no_price": 76,
            "taker_side": "no"
        },
        {
            "trade_id": "b9365b77-23bd-48ae-ab97-65c04c0d2ced",
            "ticker": "HIGHNY-24MAY19-T74",
            "count": 34,
            "created_time": "2024-05-18T14:12:27.209492Z",
            "yes_price": 19,
            "no_price": 81,
            "taker_side": "yes"
        },
        {
            "trade_id": "4a845c6b-f86a-4c2a-94bd-13530a56d823",
            "ticker": "HIGHNY-24MAY19-T74",
            "count": 7,
            "created_time": "2024-05-18T14:12:27.172758Z",
            "yes_price": 19,
            "no_price": 81,
            "taker_side": "yes"
        },
        {
            "trade_id": "1bfbf553-3707-4a40-8bfd-9680b02e02c3",
            "ticker": "HIGHNY-24MAY19-T74",
            "count": 41,
            "created_time": "2024-05-18T14:12:27.172758Z",
            "yes_price": 18,
            "no_price": 82,
            "taker_side": "yes"
        }
    ]
}