{
    "HIGHNY-24FEB18-T35": [
        {
            "trade_id": "a4fca3a3-4478-4d38-a4f0-27795a484a07",
            "ticker": "HIGHNY-24FEB18-T35",
            "count": 1,
            "created_time": "2024-02-17T17:30:20.379495Z",
            "yes_price": 7,
            "no_price": 93,
            "taker_side": "yes"
        }
    ],
    "HIGHNY-24FEB18-B35.5": [
        {
            "trade_id": "1f852f30-1df8-41be-9cf5-c537500344f2",
            "ticker": "HIGHNY-24FEB18-B35.5",
            "count": 1,
            "created_time": "2024-02-17T17:30:20.933522Z",
            "yes_price": 13,
            "no_price": 87,
            "taker_side": "yes"
        }
    ],
    "HIGHNY-24FEB18-B37.5": [
        {
            "trade_id": "c65730bd-0589-45af-aac7-144ae5706e86",
            "ticker": "HIGHNY-24FEB18-B37.5",
            "count": 50,
            "created_time": "2024-02-18T16:53:17.840764Z",
            "yes_price": 16,
            "no_price": 84,
            "taker_side": "no"
        },
        {
            "trade_id": "c3e60550-6883-4050-a317-834d88d633b0",
            "ticker": "HIGHNY-24FEB18-B37.5",
            "count": 50,
            "created_time": "2024-02-18T15:53:41.947176Z",
            "yes_price": 33,
            "no_price": 67,
            "taker_side": "no"
        },
        {
            "trade_id": "73e5d924-780f-49cd-be7a-24a7e02ffd74",
            "ticker": "HIGHNY-24FEB18-B37.5",
            "count": 15,
            "created_time": "2024-02-18T15:53:41.947176Z",
            "yes_price": 35,
            "no_price": 65,
            "taker_side": "no"
        },
        {
            "trade_id": "532af78c-c88e-4a5b-b911-6c99ed8e2c3b",
            "ticker": "HIGHNY-24FEB18-B37.5",
            "count": 3,
            "created_time": "2024-02-18T15:28:27.599794Z",
            "yes_price": 25,
            "no_price": 75,
            "taker_side": "yes"
        },
        {
            "trade_id": "39667cff-9014-4783-a577-ed388e4cd04a",
            "ticker": "HIGHNY-24FEB18-B37.5",
            "count": 3,
            "created_time": "2024-02-18T15:28:27.599794Z",
            "yes_price": 25,
            "no_price": 75,
            "taker_side": "yes"
        },
        {
            "trade_id": "bb552f05-a298-40db-b28d-e9226bb38f57",
            "ticker": "HIGHNY-24FEB18-B37.5",
            "count": 86,
            "created_time": "2024-02-18T14:54:50.43174Z",
            "yes_price": 17,
            "no_price": 83,
            "taker_side": "no"
        },
        {
            "trade_id": "5b23b402-9f23-4f08-80ca-51bd48103533",
            "ticker": "HIGHNY-24FEB18-B37.5",
            "count": 60,
            "created_time": "2024-02-18T14:54:50.43174Z",
            "yes_price": 19,
            "no_price": 81,
            "taker_side": "no"
        },
        {
            "trade_id": "5f7c6ac5-04b3-460e-bbfa-44035aab2dd0",
            "ticker": "HIGHNY-24FEB18-B37.5",
            "count": 2,
            "created_time": "2024-02-18T14:43:07.598396Z",
            "yes_price": 25,
            "no_price": 75,
            "taker_side": "yes"
        },
        {
            "trade_id": "2e5967ff-8450-4f37-a495-9dc24a71e6df",
            "ticker": "HIGHNY-24FEB18-B37.5",
            "count": 1,
            "created_time": "2024-02-18T14:43:07.598396Z",
            "yes_price": 24,
            "no_price": 76,
            "taker_side": "yes"
        },
        {
            "trade_id": "209b0a42-119f-4c06-92a4-b9265496bde6",
            "ticker": "HIGHNY-24FEB18-B37.5",
            "count": 19,
            "created_time": "2024-02-18T14:42:48.799449Z",
            "yes_price": 24,
            "no_price": 76,
            "taker_side": "yes"
        },
        {
            "trade_id": "2779ed59-12df-4403-b665-ca5984d51edf",
            "ticker": "HIGHNY-24FEB18-B37.5",
            "count": 20,
            "created_time": "2024-02-18T13:10:37.294373Z",
            "yes_price": 28,
            "no_price": 72,
            "taker_side": "yes"
        },
        {
            "trade_id": "87ff256e-09f4-4d14-b8d3-9181c50365c7",
            "ticker": "HIGHNY-24FEB18-B37.5",
            "count": 90,
            "created_time": "2024-02-18T13:03:12.169256Z",
            "yes_price": 26,
            "no_price": 74,
            "taker_side": "yes"
        },
        {
            "trade_id": "5ffc5059-18c7-487d-ade7-a587c6cb27a5",
            "ticker": "HIGHNY-24FEB18-B37.5",
            "count": 82,
            "created_time": "2024-02-18T13:03:12.169256Z",
            "yes_price": 28,
            "no_price": 72,
            "taker_side": "yes"
        },
        {
            "trade_id": "ecfd3916-b099-49fd-b77d-7c60c9086858",
            "ticker": "HIGHNY-24FEB18-B37.5",
            "count": 6,
            "created_time": "2024-02-18T13:00:59.848599Z",
            "yes_price": 24,
            "no_price": 76,
            "taker_side": "yes"
        },
        {
            "trade_id": "92fa9a0d-c522-4326-a9d7-733e2de146cd",
            "ticker": "HIGHNY-24FEB18-B37.5",
            "count": 18,
            "created_time": "2024-02-18T13:00:59.848599Z",
            "yes_price": 21,
            "no_price": 79,
            "taker_side": "yes"
        },
        {
            "trade_id": "8737f31e-059d-4fa1-9c6c-d4e2ca2a370a",
            "ticker": "HIGHNY-24FEB18-B37.5",
            "count": 90,
            "created_time": "2024-02-18T13:00:59.848599Z",
            "yes_price": 23,
            "no_price": 77,
            "taker_side": "yes"
        },
        {
            "trade_id": "39291dac-d394-4a6a-8b00-d4db20029e1f",
            "ticker": "HIGHNY-24FEB18-B37.5",
            "count": 90,
            "created_time": "2024-02-18T13:00:59.848599Z",
            "yes_price": 25,
            "no_price": 75,
            "taker_side": "yes"
        },
        {
            "trade_id": "55d81fa1-6685-4a26-a8ea-a9b6b13bb7bf",
            "ticker": "HIGHNY-24FEB18-B37.5",
            "count": 13,
            "created_time": "2024-02-18T02:46:07.631295Z",
            "yes_price": 18,
            "no_price": 82,
            "taker_side": "yes"
        },
        {
            "trade_id": "17f5a981-13b6-4a9c-8b80-1f0532cad58a",
            "ticker": "HIGHNY-24FEB18-B37.5",
            "count": 2,
            "created_time": "2024-02-18T02:46:07.631295Z",
            "yes_price": 18,
            "no_price": 82,
            "taker_side": "yes"
        },
        {
            "trade_id": "394ba47e-4124-46c2-b1f7-69e9e84a9a11",
            "ticker": "HIGHNY-24FEB18-B37.5",
            "count": 5,
            "created_time": "2024-02-18T02:19:18.50201Z",
            "yes_price": 18,
            "no_price": 82,
            "taker_side": "no"
        },
        {
            "trade_id": "740fae7f-2445-4000-9b00-4d1425dd6af0",
            "ticker": "HIGHNY-24FEB18-B37.5",
            "count": 11,
            "created_time": "2024-02-18T00:32:23.48581Z",
            "yes_price": 20,
            "no_price": 80,
            "taker_side": "no"
        },
        {
            "trade_id": "b55beac3-a591-44f5-9fdb-d55bf87cbf04",
            "ticker": "HIGHNY-24FEB18-B37.5",
            "count": 93,
            "created_time": "2024-02-17T20:34:05.72194Z",
            "yes_price": 18,
            "no_price": 82,
            "taker_side": "yes"
        },
        {
            "trade_id": "af0acd7e-d8e2-4693-b518-6e03393fb641",
            "ticker": "HIGHNY-24FEB18-B37.5",
            "count": 93,
            "created_time": "2024-02-17T20:33:55.179462Z",
            "yes_price": 17,
            "no_price": 83,
            "taker_side": "yes"
        },
        {
            "trade_id": "0789e303-a890-4815-a0de-3d94d9337c60",
            "ticker": "HIGHNY-24FEB18-B37.5",
            "count": 93,
            "created_time": "2024-02-17T20:33:49.984688Z",
            "yes_price": 16,
            "no_price": 84,
            "taker_side": "yes"
        },
        {
            "trade_id": "715773bc-40b3-473b-bcdc-62aac719e7fc",
            "ticker": "HIGHNY-24FEB18-B37.5",
            "count": 105,
            "created_time": "2024-02-17T20:33:44.055923Z",
            "yes_price": 15,
            "no_price": 85,
            "taker_side": "yes"
        },
        {
            "trade_id": "5eb795e0-39b7-4dc7-a1fe-9d8c3f01887e",
            "ticker": "HIGHNY-24FEB18-B37.5",
            "count": 58,
            "created_time": "2024-02-17T20:33:37.753172Z",
            "yes_price": 13,
            "no_price": 87,
            "taker_side": "yes"
        },
        {
            "trade_id": "2a6aaf47-538b-4742-aac0-a8549b5805bd",
            "ticker": "HIGHNY-24FEB18-B37.5",
            "count": 116,
            "created_time": "2024-02-17T20:33:37.753172Z",
            "yes_price": 14,
            "no_price": 86,
            "taker_side": "yes"
        }
    ],
    "HIGHNY-24FEB18-B39.5": [
        {
            "trade_id": "ffe2cf1f-d29a-46d3-918c-7d8a700838d8",
            "ticker": "HIGHNY-24FEB18-B39.5",
            "count": 33,
            "created_time": "2024-02-18T23:54:25.173919Z",
            "yes_price": 97,
            "no_price": 3,
            "taker_side": "yes"
        },
        {
            "trade_id": "e49392de-c271-40c5-8ebf-3a1db9dbebc4",
            "ticker": "HIGHNY-24FEB18-B39.5",
            "count": 86,
            "created_time": "2024-02-18T23:18:28.855116Z",
            "yes_price": 97,
            "no_price": 3,
            "taker_side": "yes"
        },
        {
            "trade_id": "9576c837-5ec1-4a0c-84e3-803f21912a3f",
            "ticker": "HIGHNY-24FEB18-B39.5",
            "count": 15,
            "created_time": "2024-02-18T16:05:56.077433Z",
            "yes_price": 57,
            "no_price": 43,
            "taker_side": "yes"
        },
        {
            "trade_id": "67f24a44-0533-4ccb-92f2-1051fee12f6e",
            "ticker": "HIGHNY-24FEB18-B39.5",
            "count": 18,
            "created_time": "2024-02-18T16:05:56.077433Z",
            "yes_price": 60,
            "no_price": 40,
            "taker_side": "yes"
        },
        {
            "trade_id": "860feaa2-29ef-4eba-bcfb-893e3a744f35",
            "ticker": "HIGHNY-24FEB18-B39.5",
            "count": 8,
            "created_time": "2024-02-18T15:32:51.419205Z",
            "yes_price": 57,
            "no_price": 43,
            "taker_side": "yes"
        },
        {
            "trade_id": "c7c9fe96-b4f8-408c-bae5-bbf3ce4cb894",
            "ticker": "HIGHNY-24FEB18-B39.5",
            "count": 37,
            "created_time": "2024-02-18T14:25:25.834436Z",
            "yes_price": 52,
            "no_price": 48,
            "taker_side": "yes"
        },
        {
            "trade_id": "b6e91cb9-0a25-4c72-baf1-73759b8bd075",
            "ticker": "HIGHNY-24FEB18-B39.5",
            "count": 3,
            "created_time": "2024-02-18T13:04:59.359712Z",
            "yes_price": 51,
            "no_price": 49,
            "taker_side": "yes"
        },
        {
            "trade_id": "49fc7bf1-9db2-49a2-bc24-c03d2f1d1625",
            "ticker": "HIGHNY-24FEB18-B39.5",
            "count": 6,
            "created_time": "2024-02-18T13:04:59.359712Z",
            "yes_price": 49,
            "no_price": 51,
            "taker_side": "yes"
        },
        {
            "trade_id": "9728026d-6564-4c43-86ed-a691e9ad47b6",
            "ticker": "HIGHNY-24FEB18-B39.5",
            "count": 9,
            "created_time": "2024-02-18T13:04:33.748558Z",
            "yes_price": 49,
            "no_price": 51,
            "taker_side": "yes"
        },
        {
            "trade_id": "ce846fd2-9ebc-47a9-8cd8-f4360fd532e6",
            "ticker": "HIGHNY-24FEB18-B39.5",
            "count": 3,
            "created_time": "2024-02-18T13:04:16.218376Z",
            "yes_price": 52,
            "no_price": 48,
            "taker_side": "yes"
        },
        {
            "trade_id": "75eb59ee-2e9d-4d96-8381-80456fd8b86f",
            "ticker": "HIGHNY-24FEB18-B39.5",
            "count": 6,
            "created_time": "2024-02-18T13:04:16.218376Z",
            "yes_price": 49,
            "no_price": 51,
            "taker_side": "yes"
        },
        {
            "trade_id": "f6b45bff-aa90-45bf-9cc1-283fee275635",
            "ticker": "HIGHNY-24FEB18-B39.5",
            "count": 9,
            "created_time": "2024-02-18T13:03:42.153636Z",
            "yes_price": 49,
            "no_price": 51,
            "taker_side": "yes"
        },
        {
            "trade_id": "eaad5aa4-b4a1-47b0-968b-01bb2db31317",
            "ticker": "HIGHNY-24FEB18-B39.5",
            "count": 10,
            "created_time": "2024-02-18T13:03:32.248853Z",
            "yes_price": 48,
            "no_price": 52,
            "taker_side": "yes"
        },
        {
            "trade_id": "9c4069bb-35a7-429d-806c-cadaa0f8db52",
            "ticker": "HIGHNY-24FEB18-B39.5",
            "count": 9,
            "created_time": "2024-02-18T13:03:11.107658Z",
            "yes_price": 50,
            "no_price": 50,
            "taker_side": "yes"
        },
        {
            "trade_id": "4084d52a-3db0-4a22-8717-c4035520fecc",
            "ticker": "HIGHNY-24FEB18-B39.5",
            "count": 9,
            "created_time": "2024-02-18T13:03:01.512461Z",
            "yes_price": 51,
            "no_price": 49,
            "taker_side": "yes"
        },
        {
            "trade_id": "762229a6-d735-4ec4-af12-9de2b75dd49a",
            "ticker": "HIGHNY-24FEB18-B39.5",
            "count": 9,
            "created_time": "2024-02-18T13:01:58.816379Z",
            "yes_price": 49,
            "no_price": 51,
            "taker_side": "yes"
        },
        {
            "trade_id": "bbcdbe93-da48-47ca-adc7-c8367e88d187",
            "ticker": "HIGHNY-24FEB18-B39.5",
            "count": 9,
            "created_time": "2024-02-18T13:01:24.958324Z",
            "yes_price": 49,
            "no_price": 51,
            "taker_side": "yes"
        },
        {
            "trade_id": "d7a390c8-2e93-4997-aee8-e1344401f324",
            "ticker": "HIGHNY-24FEB18-B39.5",
            "count": 9,
            "created_time": "2024-02-18T13:00:29.607437Z",
            "yes_price": 51,
            "no_price": 49,
            "taker_side": "yes"
        },
        {
            "trade_id": "d18dd9be-06a2-47c6-828f-a9b49e92d4a8",
            "ticker": "HIGHNY-24FEB18-B39.5",
            "count": 6,
            "created_time": "2024-02-18T13:00:12.031198Z",
            "yes_price": 47,
            "no_price": 53,
            "taker_side": "yes"
        },
        {
            "trade_id": "24f8459f-6684-44fc-bca4-830619617f26",
            "ticker": "HIGHNY-24FEB18-B39.5",
            "count": 10,
            "created_time": "2024-02-18T02:44:51.606832Z",
            "yes_price": 44,
            "no_price": 56,
            "taker_side": "yes"
        },
        {
            "trade_id": "a19980fc-ccd6-4b25-9bf5-f4d0ce013888",
            "ticker": "HIGHNY-24FEB18-B39.5",
            "count": 10,
            "created_time": "2024-02-18T02:44:44.463003Z",
            "yes_price": 44,
            "no_price": 56,
            "taker_side": "yes"
        },
        {
            "trade_id": "61a4c301-af8a-4969-8874-dd1bf9aa9752",
            "ticker": "HIGHNY-24FEB18-B39.5",
            "count": 10,
            "created_time": "2024-02-18T02:44:37.530447Z",
            "yes_price": 44,
            "no_price": 56,
            "taker_side": "yes"
        },
        {
            "trade_id": "e6c88fdd-ab77-4e15-a449-6f9482a5846c",
            "ticker": "HIGHNY-24FEB18-B39.5",
            "count": 10,
            "created_time": "2024-02-18T02:31:04.517312Z",
            "yes_price": 44,
            "no_price": 56,
            "taker_side": "yes"
        },
        {
            "trade_id": "2932a607-69d5-4d14-9d2c-bc3504cf50dc",
            "ticker": "HIGHNY-24FEB18-B39.5",
            "count": 10,
            "created_time": "2024-02-18T02:28:00.392605Z",
            "yes_price": 44,
            "no_price": 56,
            "taker_side": "yes"
        },
        {
            "trade_id": "c4e75ed2-cb56-4981-a0f2-6aafb48177ac",
            "ticker": "HIGHNY-24FEB18-B39.5",
            "count": 10,
            "created_time": "2024-02-18T02:27:09.416405Z",
            "yes_price": 44,
            "no_price": 56,
            "taker_side": "yes"
        },
        {
            "trade_id": "7a5c9bfb-bc9f-41f2-a263-6e089286571b",
            "ticker": "HIGHNY-24FEB18-B39.5",
            "count": 10,
            "created_time": "2024-02-18T02:25:27.82945Z",
            "yes_price": 44,
            "no_price": 56,
            "taker_side": "yes"
        },
        {
            "trade_id": "fa0c67be-457e-4b7c-bfde-753d31365a34",
            "ticker": "HIGHNY-24FEB18-B39.5",
            "count": 10,
            "created_time": "2024-02-18T02:23:13.181155Z",
            "yes_price": 44,
            "no_price": 56,
            "taker_side": "yes"
        },
        {
            "trade_id": "7c235087-7fb6-42ca-b95d-fe9ab2c77496",
            "ticker": "HIGHNY-24FEB18-B39.5",
            "count": 10,
            "created_time": "2024-02-18T02:21:49.640133Z",
            "yes_price": 44,
            "no_price": 56,
            "taker_side": "yes"
        },
        {
            "trade_id": "a44d82b4-7af6-43dd-a015-77c461fdddcb",
            "ticker": "HIGHNY-24FEB18-B39.5",
            "count": 10,
            "created_time": "2024-02-18T02:20:58.973335Z",
            "yes_price": 44,
            "no_price": 56,
            "taker_side": "yes"
        },
        {
            "trade_id": "35fa63ac-a007-462d-89a2-1461d0b60cfe",
            "ticker": "HIGHNY-24FEB18-B39.5",
            "count": 10,
            "created_time": "2024-02-18T02:20:02.697073Z",
            "yes_price": 44,
            "no_price": 56,
            "taker_side": "yes"
        },
        {
            "trade_id": "236d0e54-8259-4028-b18b-6093b40961b2",
            "ticker": "HIGHNY-24FEB18-B39.5",
            "count": 10,
            "created_time": "2024-02-18T02:17:33.064342Z",
            "yes_price": 44,
            "no_price": 56,
            "taker_side": "yes"
        },
        {
            "trade_id": "da6b6419-7ab8-4b90-977e-0c07e2c03604",
            "ticker": "HIGHNY-24FEB18-B39.5",
            "count": 3,
            "created_time": "2024-02-18T02:16:40.930238Z",
            "yes_price": 44,
            "no_price": 56,
            "taker_side": "yes"
        },
        {
            "trade_id": "0262afe1-12d7-4ff3-ad5c-06c086b36aa7",
            "ticker": "HIGHNY-24FEB18-B39.5",
            "count": 18,
            "created_time": "2024-02-18T02:16:40.930238Z",
            "yes_price": 44,
            "no_price": 56,
            "taker_side": "yes"
        },
        {
            "trade_id": "f4deabd2-954e-49c2-84f5-102e2184a3de",
            "ticker": "HIGHNY-24FEB18-B39.5",
            "count": 116,
            "created_time": "2024-02-17T21:37:56.207729Z",
            "yes_price": 38,
            "no_price": 62,
            "taker_side": "yes"
        },
        {
            "trade_id": "4bc2e7d8-6f6f-4d17-bc37-8bb58d3678e1",
            "ticker": "HIGHNY-24FEB18-B39.5",
            "count": 46,
            "created_time": "2024-02-17T21:37:56.207729Z",
            "yes_price": 36,
            "no_price": 64,
            "taker_side": "yes"
        },
        {
            "trade_id": "8f79f676-c232-4ae6-ad21-27c3574f8f6f",
            "ticker": "HIGHNY-24FEB18-B39.5",
            "count": 11,
            "created_time": "2024-02-17T20:34:50.940294Z",
            "yes_price": 36,
            "no_price": 64,
            "taker_side": "yes"
        },
        {
            "trade_id": "f0f5e43e-729c-49ec-937c-8860850e9a6f",
            "ticker": "HIGHNY-24FEB18-B39.5",
            "count": 58,
            "created_time": "2024-02-17T20:34:15.184385Z",
            "yes_price": 35,
            "no_price": 65,
            "taker_side": "yes"
        },
        {
            "trade_id": "b5a59967-8b7e-4eff-93d2-c13be39ada03",
            "ticker": "HIGHNY-24FEB18-B39.5",
            "count": 14,
            "created_time": "2024-02-17T18:24:33.267829Z",
            "yes_price": 31,
            "no_price": 69,
            "taker_side": "no"
        },
        {
            "trade_id": "bc2cacbd-8b77-4a93-8926-741d9ac781fe",
            "ticker": "HIGHNY-24FEB18-B39.5",
            "count": 11,
            "created_time": "2024-02-17T18:24:26.565719Z",
            "yes_price": 31,
            "no_price": 69,
            "taker_side": "no"
        },
        {
            "trade_id": "361f4b90-5a13-4843-9fc5-9981a24200a7",
            "ticker": "HIGHNY-24FEB18-B39.5",
            "count": 1,
            "created_time": "2024-02-17T17:30:21.725163Z",
            "yes_price": 30,
            "no_price": 70,
            "taker_side": "no"
        }
    ],
    "HIGHNY-24FEB18-B41.5": [
        {
            "trade_id": "b1b5d34e-38da-431a-bb55-432bc449f906",
            "ticker": "HIGHNY-24FEB18-B41.5",
            "count": 55,
            "created_time": "2024-02-18T23:17:59.568448Z",
            "yes_price": 5,
            "no_price": 95,
            "taker_side": "no"
        },
        {
            "trade_id": "e68d7f25-20b0-4ef4-b7e1-10b49e1e3e73",
            "ticker": "HIGHNY-24FEB18-B41.5",
            "count": 10,
            "created_time": "2024-02-18T18:13:54.003484Z",
            "yes_price": 7,
            "no_price": 93,
            "taker_side": "no"
        },
        {
            "trade_id": "7394062e-818f-4844-9af7-065a428f0beb",
            "ticker": "HIGHNY-24FEB18-B41.5",
            "count": 55,
            "created_time": "2024-02-18T15:20:55.900908Z",
            "yes_price": 18,
            "no_price": 82,
            "taker_side": "no"
        },
        {
            "trade_id": "f0dcd611-b193-4bea-8ff5-283ad8aace49",
            "ticker": "HIGHNY-24FEB18-B41.5",
            "count": 12,
            "created_time": "2024-02-18T13:04:24.191162Z",
            "yes_price": 30,
            "no_price": 70,
            "taker_side": "yes"
        },
        {
            "trade_id": "62742bbf-dd2f-45e1-8bfb-0bc8e0d0f8f2",
            "ticker": "HIGHNY-24FEB18-B41.5",
            "count": 3,
            "created_time": "2024-02-18T13:04:24.191162Z",
            "yes_price": 32,
            "no_price": 68,
            "taker_side": "yes"
        },
        {
            "trade_id": "238964ba-aebb-408f-87b4-67cdd3f223e9",
            "ticker": "HIGHNY-24FEB18-B41.5",
            "count": 15,
            "created_time": "2024-02-18T13:03:19.271378Z",
            "yes_price": 31,
            "no_price": 69,
            "taker_side": "yes"
        },
        {
            "trade_id": "aea51b4b-ed19-4425-8e3c-6993a201b836",
            "ticker": "HIGHNY-24FEB18-B41.5",
            "count": 14,
            "created_time": "2024-02-18T13:02:46.230262Z",
            "yes_price": 32,
            "no_price": 68,
            "taker_side": "yes"
        },
        {
            "trade_id": "20238694-dc1b-46aa-b225-0285f9ac1fa7",
            "ticker": "HIGHNY-24FEB18-B41.5",
            "count": 12,
            "created_time": "2024-02-18T02:44:29.719795Z",
            "yes_price": 39,
            "no_price": 61,
            "taker_side": "yes"
        },
        {
            "trade_id": "d3f01e6a-fec1-4b43-aa0a-51490fc0cc99",
            "ticker": "HIGHNY-24FEB18-B41.5",
            "count": 12,
            "created_time": "2024-02-18T02:44:22.467498Z",
            "yes_price": 39,
            "no_price": 61,
            "taker_side": "yes"
        },
        {
            "trade_id": "82336a53-160a-4a28-b54e-58541b8502f5",
            "ticker": "HIGHNY-24FEB18-B41.5",
            "count": 12,
            "created_time": "2024-02-18T02:44:14.426783Z",
            "yes_price": 39,
            "no_price": 61,
            "taker_side": "yes"
        },
        {
            "trade_id": "f05c4a70-5aa6-409a-ba05-fdd62ea63492",
            "ticker": "HIGHNY-24FEB18-B41.5",
            "count": 12,
            "created_time": "2024-02-18T02:44:06.594952Z",
            "yes_price": 39,
            "no_price": 61,
            "taker_side": "yes"
        },
        {
            "trade_id": "8593ac5d-02da-4e76-bc91-3e4205521b3a",
            "ticker": "HIGHNY-24FEB18-B41.5",
            "count": 6,
            "created_time": "2024-02-18T02:43:59.539702Z",
            "yes_price": 38,
            "no_price": 62,
            "taker_side": "yes"
        },
        {
            "trade_id": "7e85df4a-e5f4-4d28-8dfa-5cd472351256",
            "ticker": "HIGHNY-24FEB18-B41.5",
            "count": 6,
            "created_time": "2024-02-18T02:43:59.539702Z",
            "yes_price": 40,
            "no_price": 60,
            "taker_side": "yes"
        },
        {
            "trade_id": "29b72ea0-e93c-4088-a01e-388f8bf95e7d",
            "ticker": "HIGHNY-24FEB18-B41.5",
            "count": 12,
            "created_time": "2024-02-18T02:43:51.943938Z",
            "yes_price": 38,
            "no_price": 62,
            "taker_side": "yes"
        },
        {
            "trade_id": "aceb5965-543f-4b9a-9054-98bfe718b2e8",
            "ticker": "HIGHNY-24FEB18-B41.5",
            "count": 12,
            "created_time": "2024-02-18T02:43:42.873157Z",
            "yes_price": 38,
            "no_price": 62,
            "taker_side": "yes"
        },
        {
            "trade_id": "84f2b78a-bfd4-403d-800c-03eda398c0f5",
            "ticker": "HIGHNY-24FEB18-B41.5",
            "count": 12,
            "created_time": "2024-02-18T02:30:56.910904Z",
            "yes_price": 38,
            "no_price": 62,
            "taker_side": "yes"
        },
        {
            "trade_id": "3c97b5b7-5cbb-434f-9cfb-490f615675c5",
            "ticker": "HIGHNY-24FEB18-B41.5",
            "count": 12,
            "created_time": "2024-02-18T02:30:47.363471Z",
            "yes_price": 38,
            "no_price": 62,
            "taker_side": "yes"
        },
        {
            "trade_id": "d67bb6ec-384a-4963-8f91-81548758bc64",
            "ticker": "HIGHNY-24FEB18-B41.5",
            "count": 6,
            "created_time": "2024-02-18T02:30:39.63752Z",
            "yes_price": 37,
            "no_price": 63,
            "taker_side": "yes"
        },
        {
            "trade_id": "8ae96c83-164c-4a10-b7f7-fa367de5f115",
            "ticker": "HIGHNY-24FEB18-B41.5",
            "count": 6,
            "created_time": "2024-02-18T02:30:39.63752Z",
            "yes_price": 39,
            "no_price": 61,
            "taker_side": "yes"
        },
        {
            "trade_id": "d8a8e591-d70a-4ba2-a3f1-a51bdc985ef6",
            "ticker": "HIGHNY-24FEB18-B41.5",
            "count": 12,
            "created_time": "2024-02-18T02:30:31.10169Z",
            "yes_price": 37,
            "no_price": 63,
            "taker_side": "yes"
        },
        {
            "trade_id": "6849b336-4e81-4d76-9e1c-f695c43a5c18",
            "ticker": "HIGHNY-24FEB18-B41.5",
            "count": 12,
            "created_time": "2024-02-18T02:27:52.655858Z",
            "yes_price": 37,
            "no_price": 63,
            "taker_side": "yes"
        },
        {
            "trade_id": "8762c4c9-846a-475c-9dc2-a2f77f009153",
            "ticker": "HIGHNY-24FEB18-B41.5",
            "count": 12,
            "created_time": "2024-02-18T02:27:44.428567Z",
            "yes_price": 37,
            "no_price": 63,
            "taker_side": "yes"
        },
        {
            "trade_id": "c1ffc065-d9a8-404d-9464-a8748f4dc5c5",
            "ticker": "HIGHNY-24FEB18-B41.5",
            "count": 12,
            "created_time": "2024-02-18T02:27:01.420255Z",
            "yes_price": 37,
            "no_price": 63,
            "taker_side": "yes"
        },
        {
            "trade_id": "8c6cfe94-ffa1-4138-89f0-3c87dc5a80a9",
            "ticker": "HIGHNY-24FEB18-B41.5",
            "count": 10,
            "created_time": "2024-02-18T02:26:47.911894Z",
            "yes_price": 36,
            "no_price": 64,
            "taker_side": "yes"
        },
        {
            "trade_id": "4d9b74d1-c092-4f75-b7a7-5eb6e01d80f3",
            "ticker": "HIGHNY-24FEB18-B41.5",
            "count": 3,
            "created_time": "2024-02-18T02:26:47.911894Z",
            "yes_price": 38,
            "no_price": 62,
            "taker_side": "yes"
        },
        {
            "trade_id": "b91c2653-36bc-4ebf-a0ef-63071642a97c",
            "ticker": "HIGHNY-24FEB18-B41.5",
            "count": 13,
            "created_time": "2024-02-18T02:25:15.814985Z",
            "yes_price": 36,
            "no_price": 64,
            "taker_side": "yes"
        },
        {
            "trade_id": "27cb5e10-7503-4c32-9849-01fc3391fc2c",
            "ticker": "HIGHNY-24FEB18-B41.5",
            "count": 13,
            "created_time": "2024-02-18T02:25:04.857618Z",
            "yes_price": 36,
            "no_price": 64,
            "taker_side": "yes"
        },
        {
            "trade_id": "26e6578e-b612-4270-8f83-f661c07def60",
            "ticker": "HIGHNY-24FEB18-B41.5",
            "count": 13,
            "created_time": "2024-02-18T02:23:35.383722Z",
            "yes_price": 36,
            "no_price": 64,
            "taker_side": "yes"
        },
        {
            "trade_id": "15667766-8baf-459b-a937-432733d1e0b8",
            "ticker": "HIGHNY-24FEB18-B41.5",
            "count": 13,
            "created_time": "2024-02-18T02:23:19.15225Z",
            "yes_price": 36,
            "no_price": 64,
            "taker_side": "yes"
        },
        {
            "trade_id": "7dbaa969-f11a-4ae0-ae33-53962efacbbe",
            "ticker": "HIGHNY-24FEB18-B41.5",
            "count": 3,
            "created_time": "2024-02-18T02:21:57.258591Z",
            "yes_price": 37,
            "no_price": 63,
            "taker_side": "yes"
        },
        {
            "trade_id": "6e5b044b-44ea-4aac-9778-dd098faee5dc",
            "ticker": "HIGHNY-24FEB18-B41.5",
            "count": 10,
            "created_time": "2024-02-18T02:21:57.258591Z",
            "yes_price": 35,
            "no_price": 65,
            "taker_side": "yes"
        },
        {
            "trade_id": "d094b8ac-4958-4d87-b923-c38a8be0c53a",
            "ticker": "HIGHNY-24FEB18-B41.5",
            "count": 13,
            "created_time": "2024-02-18T02:21:39.805796Z",
            "yes_price": 35,
            "no_price": 65,
            "taker_side": "yes"
        },
        {
            "trade_id": "cd42739e-7241-498c-b03f-5807a510bd17",
            "ticker": "HIGHNY-24FEB18-B41.5",
            "count": 13,
            "created_time": "2024-02-18T02:21:10.949769Z",
            "yes_price": 35,
            "no_price": 65,
            "taker_side": "yes"
        },
        {
            "trade_id": "762e2f6a-53dc-4521-b51f-0a81b4b3e71c",
            "ticker": "HIGHNY-24FEB18-B41.5",
            "count": 13,
            "created_time": "2024-02-18T02:20:47.883125Z",
            "yes_price": 35,
            "no_price": 65,
            "taker_side": "yes"
        },
        {
            "trade_id": "6f352a23-271c-4fb1-b78d-aa04eb963ca0",
            "ticker": "HIGHNY-24FEB18-B41.5",
            "count": 13,
            "created_time": "2024-02-18T02:20:17.478674Z",
            "yes_price": 35,
            "no_price": 65,
            "taker_side": "yes"
        },
        {
            "trade_id": "279b1108-daf0-4789-a5b5-932de79b9693",
            "ticker": "HIGHNY-24FEB18-B41.5",
            "count": 13,
            "created_time": "2024-02-18T02:19:38.144392Z",
            "yes_price": 35,
            "no_price": 65,
            "taker_side": "yes"
        },
        {
            "trade_id": "de5a2893-cff4-449c-a021-6803190fba97",
            "ticker": "HIGHNY-24FEB18-B41.5",
            "count": 11,
            "created_time": "2024-02-18T02:17:09.632244Z",
            "yes_price": 34,
            "no_price": 66,
            "taker_side": "yes"
        },
        {
            "trade_id": "01af9d17-c28a-4c3c-8c8c-1bda5aa95887",
            "ticker": "HIGHNY-24FEB18-B41.5",
            "count": 16,
            "created_time": "2024-02-18T02:17:09.632244Z",
            "yes_price": 36,
            "no_price": 64,
            "taker_side": "yes"
        },
        {
            "trade_id": "48f93132-e092-411e-9c82-6d501a846205",
            "ticker": "HIGHNY-24FEB18-B41.5",
            "count": 13,
            "created_time": "2024-02-18T02:16:22.725859Z",
            "yes_price": 35,
            "no_price": 65,
            "taker_side": "yes"
        },
        {
            "trade_id": "603e8513-79e9-436a-84f1-35c59c26cf6c",
            "ticker": "HIGHNY-24FEB18-B41.5",
            "count": 1,
            "created_time": "2024-02-18T02:15:37.152737Z",
            "yes_price": 36,
            "no_price": 64,
            "taker_side": "yes"
        },
        {
            "trade_id": "3c8b8792-97ff-4d82-9d8d-b8d6177a35a2",
            "ticker": "HIGHNY-24FEB18-B41.5",
            "count": 27,
            "created_time": "2024-02-18T02:15:37.152737Z",
            "yes_price": 34,
            "no_price": 66,
            "taker_side": "yes"
        },
        {
            "trade_id": "4ff7f908-cee0-4718-a317-f1378f927973",
            "ticker": "HIGHNY-24FEB18-B41.5",
            "count": 28,
            "created_time": "2024-02-18T02:14:59.649853Z",
            "yes_price": 34,
            "no_price": 66,
            "taker_side": "yes"
        },
        {
            "trade_id": "8b66a0b4-005d-4861-9f64-294b509a1b1f",
            "ticker": "HIGHNY-24FEB18-B41.5",
            "count": 44,
            "created_time": "2024-02-18T02:10:20.566353Z",
            "yes_price": 33,
            "no_price": 67,
            "taker_side": "yes"
        },
        {
            "trade_id": "a4eee40a-cbb7-491d-a151-0654b4b1c9b3",
            "ticker": "HIGHNY-24FEB18-B41.5",
            "count": 111,
            "created_time": "2024-02-17T21:38:23.542278Z",
            "yes_price": 28,
            "no_price": 72,
            "taker_side": "no"
        },
        {
            "trade_id": "8627ecda-7e35-47e4-9241-2d8a18c250a5",
            "ticker": "HIGHNY-24FEB18-B41.5",
            "count": 46,
            "created_time": "2024-02-17T21:38:23.542278Z",
            "yes_price": 31,
            "no_price": 69,
            "taker_side": "no"
        },
        {
            "trade_id": "a986cb7a-dd35-4658-9129-a2666c3939cf",
            "ticker": "HIGHNY-24FEB18-B41.5",
            "count": 58,
            "created_time": "2024-02-17T20:34:25.601661Z",
            "yes_price": 32,
            "no_price": 68,
            "taker_side": "no"
        },
        {
            "trade_id": "fdca12d4-11e5-4e63-bf54-d5798ac220a5",
            "ticker": "HIGHNY-24FEB18-B41.5",
            "count": 1,
            "created_time": "2024-02-17T17:30:22.243345Z",
            "yes_price": 36,
            "no_price": 64,
            "taker_side": "no"
        },
        {
            "trade_id": "e5b391d4-061a-4466-9b43-bfff4e84eefa",
            "ticker": "HIGHNY-24FEB18-B41.5",
            "count": 6,
            "created_time": "2024-02-17T16:28:35.217024Z",
            "yes_price": 31,
            "no_price": 69,
            "taker_side": "yes"
        }
    ],
    "HIGHNY-24FEB18-T42": [
        {
            "trade_id": "56a8934a-a1aa-4b41-9e1b-91f299835823",
            "ticker": "HIGHNY-24FEB18-T42",
            "count": 1,
            "created_time": "2024-02-17T21:08:32.26985Z",
            "yes_price": 13,
            "no_price": 87,
            "taker_side": "yes"
        },
        {
            "trade_id": "83ec2287-5ae2-4836-bcf1-8e4ef3e64903",
            "ticker": "HIGHNY-24FEB18-T42",
            "count": 35,
            "created_time": "2024-02-17T20:35:04.000624Z",
            "yes_price": 12,
            "no_price": 88,
            "taker_side": "no"
        },
        {
            "trade_id": "e8e8d3e0-8adc-4d10-8c2d-44a0a919d196",
            "ticker": "HIGHNY-24FEB18-T42",
            "count": 23,
            "created_time": "2024-02-17T20:34:28.447554Z",
            "yes_price": 13,
            "no_price": 87,
            "taker_side": "yes"
        },
        {
            "trade_id": "c646ebcb-12fe-45c2-9fe9-a0c51646090e",
            "ticker": "HIGHNY-24FEB18-T42",
            "count": 81,
            "created_time": "2024-02-17T20:34:18.524279Z",
            "yes_price": 13,
            "no_price": 87,
            "taker_side": "no"
        },
        {
            "trade_id": "f7b01c45-ae22-4746-a700-b688d936292a",
            "ticker": "HIGHNY-24FEB18-T42",
            "count": 6,
            "created_time": "2024-02-17T18:32:26.395504Z",
            "yes_price": 28,
            "no_price": 72,
            "taker_side": "yes"
        },
        {
            "trade_id": "c77e8e29-cdfd-40bc-8e06-4be9884bb74a",
            "ticker": "HIGHNY-24FEB18-T42",
            "count": 2,
            "created_time": "2024-02-17T18:32:26.395504Z",
            "yes_price": 28,
            "no_price": 72,
            "taker_side": "yes"
        },
        {
            "trade_id": "24644d6c-2794-4a28-b1a4-1afa7b6fbbde",
            "ticker": "HIGHNY-24FEB18-T42",
            "count": 1,
            "created_time": "2024-02-17T17:30:22.797041Z",
            "yes_price": 16,
            "no_price": 84,
            "taker_side": "no"
        }
    ]
}