{
    "HIGHNY-24JAN23-T36": [
        {
            "trade_id": "bf69d68a-1560-40ad-ae7d-55c45ca93cd2",
            "ticker": "HIGHNY-24JAN23-T36",
            "count": 1,
            "created_time": "2024-01-22T17:30:19.185742Z",
            "yes_price": 10,
            "no_price": 90,
            "taker_side": "yes"
        }
    ],
    "HIGHNY-24JAN23-B36.5": [
        {
            "trade_id": "7dc6fd3f-98dd-4720-a02b-c1e77b3332da",
            "ticker": "HIGHNY-24JAN23-B36.5",
            "count": 7,
            "created_time": "2024-01-23T13:52:54.359275Z",
            "yes_price": 1,
            "no_price": 99,
            "taker_side": "no"
        },
        {
            "trade_id": "e02fecec-e379-46e3-bf1a-abcd14582209",
            "ticker": "HIGHNY-24JAN23-B36.5",
            "count": 10,
            "created_time": "2024-01-23T13:05:04.932575Z",
            "yes_price": 1,
            "no_price": 99,
            "taker_side": "no"
        },
        {
            "trade_id": "f4f4c050-ace3-41e5-8df8-fccb6be49336",
            "ticker": "HIGHNY-24JAN23-B36.5",
            "count": 23,
            "created_time": "2024-01-23T04:40:05.451704Z",
            "yes_price": 29,
            "no_price": 71,
            "taker_side": "yes"
        },
        {
            "trade_id": "3d203ad1-81d4-46fe-8ac2-8a9acf8a2076",
            "ticker": "HIGHNY-24JAN23-B36.5",
            "count": 11,
            "created_time": "2024-01-23T03:43:33.008506Z",
            "yes_price": 11,
            "no_price": 89,
            "taker_side": "no"
        },
        {
            "trade_id": "fa3b25a9-50dc-4dc5-8864-77c37ebdd650",
            "ticker": "HIGHNY-24JAN23-B36.5",
            "count": 6,
            "created_time": "2024-01-23T02:39:07.666426Z",
            "yes_price": 15,
            "no_price": 85,
            "taker_side": "no"
        },
        {
            "trade_id": "c8eeb73d-955a-46f3-b0c1-d00d160fa926",
            "ticker": "HIGHNY-24JAN23-B36.5",
            "count": 121,
            "created_time": "2024-01-22T19:50:43.434328Z",
            "yes_price": 21,
            "no_price": 79,
            "taker_side": "yes"
        },
        {
            "trade_id": "4cdbc942-fe23-4df0-a4de-7eb4de5b9026",
            "ticker": "HIGHNY-24JAN23-B36.5",
            "count": 24,
            "created_time": "2024-01-22T19:50:43.434328Z",
            "yes_price": 19,
            "no_price": 81,
            "taker_side": "yes"
        },
        {
            "trade_id": "fe2b71ef-bc4e-4a0b-bfde-11a955db4435",
            "ticker": "HIGHNY-24JAN23-B36.5",
            "count": 121,
            "created_time": "2024-01-22T19:36:01.307178Z",
            "yes_price": 19,
            "no_price": 81,
            "taker_side": "yes"
        },
        {
            "trade_id": "deb8a3ff-6ebd-404c-9c8b-850e33696110",
            "ticker": "HIGHNY-24JAN23-B36.5",
            "count": 121,
            "created_time": "2024-01-22T19:36:01.307178Z",
            "yes_price": 20,
            "no_price": 80,
            "taker_side": "yes"
        },
        {
            "trade_id": "938535b1-9818-4b7c-9fbd-96002f7ea7e0",
            "ticker": "HIGHNY-24JAN23-B36.5",
            "count": 60,
            "created_time": "2024-01-22T19:36:01.307178Z",
            "yes_price": 17,
            "no_price": 83,
            "taker_side": "yes"
        },
        {
            "trade_id": "782f2590-4a4b-4a69-81b8-483aa881481d",
            "ticker": "HIGHNY-24JAN23-B36.5",
            "count": 36,
            "created_time": "2024-01-22T19:35:10.553828Z",
            "yes_price": 14,
            "no_price": 86,
            "taker_side": "yes"
        },
        {
            "trade_id": "45785e5d-a46a-4613-b0cd-f6a748796a8c",
            "ticker": "HIGHNY-24JAN23-B36.5",
            "count": 121,
            "created_time": "2024-01-22T19:35:10.553828Z",
            "yes_price": 17,
            "no_price": 83,
            "taker_side": "yes"
        },
        {
            "trade_id": "191307a8-9755-4a55-bd86-07f148560bcb",
            "ticker": "HIGHNY-24JAN23-B36.5",
            "count": 121,
            "created_time": "2024-01-22T19:35:10.553828Z",
            "yes_price": 16,
            "no_price": 84,
            "taker_side": "yes"
        },
        {
            "trade_id": "a325861f-2521-4702-b78b-13b5a3b1c43b",
            "ticker": "HIGHNY-24JAN23-B36.5",
            "count": 4,
            "created_time": "2024-01-22T18:32:32.406083Z",
            "yes_price": 12,
            "no_price": 88,
            "taker_side": "yes"
        },
        {
            "trade_id": "b4643342-eca2-4a17-9743-12e4fb0ce859",
            "ticker": "HIGHNY-24JAN23-B36.5",
            "count": 66,
            "created_time": "2024-01-22T18:16:29.387756Z",
            "yes_price": 10,
            "no_price": 90,
            "taker_side": "yes"
        },
        {
            "trade_id": "75b8f4cf-12cf-42a5-9dae-6d6da299d77d",
            "ticker": "HIGHNY-24JAN23-B36.5",
            "count": 1,
            "created_time": "2024-01-22T18:16:29.387756Z",
            "yes_price": 10,
            "no_price": 90,
            "taker_side": "yes"
        },
        {
            "trade_id": "55872864-a18b-4799-a0ef-6963a8183b41",
            "ticker": "HIGHNY-24JAN23-B36.5",
            "count": 84,
            "created_time": "2024-01-22T17:56:45.184455Z",
            "yes_price": 10,
            "no_price": 90,
            "taker_side": "no"
        },
        {
            "trade_id": "cdeeed48-0958-4daf-b03b-7b75bbb5d496",
            "ticker": "HIGHNY-24JAN23-B36.5",
            "count": 1,
            "created_time": "2024-01-22T17:30:19.972928Z",
            "yes_price": 12,
            "no_price": 88,
            "taker_side": "yes"
        }
    ],
    "HIGHNY-24JAN23-B38.5": [
        {
            "trade_id": "ef17afcf-4cf4-4991-ac77-54e17e6dadd8",
            "ticker": "HIGHNY-24JAN23-B38.5",
            "count": 241,
            "created_time": "2024-01-24T02:16:25.272374Z",
            "yes_price": 2,
            "no_price": 98,
            "taker_side": "yes"
        },
        {
            "trade_id": "34306f9b-1331-4934-b267-637ec5240470",
            "ticker": "HIGHNY-24JAN23-B38.5",
            "count": 307,
            "created_time": "2024-01-24T02:16:25.272374Z",
            "yes_price": 3,
            "no_price": 97,
            "taker_side": "yes"
        },
        {
            "trade_id": "daa6dea3-e1ca-4f62-8bb2-1c411d64ae3f",
            "ticker": "HIGHNY-24JAN23-B38.5",
            "count": 859,
            "created_time": "2024-01-24T02:01:58.396013Z",
            "yes_price": 2,
            "no_price": 98,
            "taker_side": "yes"
        },
        {
            "trade_id": "068138ef-5fae-4a05-a103-77c8c712dab4",
            "ticker": "HIGHNY-24JAN23-B38.5",
            "count": 310,
            "created_time": "2024-01-24T02:01:58.396013Z",
            "yes_price": 2,
            "no_price": 98,
            "taker_side": "yes"
        },
        {
            "trade_id": "91035ef3-7906-46bd-8b3b-df8572fd2320",
            "ticker": "HIGHNY-24JAN23-B38.5",
            "count": 463,
            "created_time": "2024-01-23T23:16:03.278609Z",
            "yes_price": 2,
            "no_price": 98,
            "taker_side": "yes"
        },
        {
            "trade_id": "37a1eb46-39b2-40b2-9ca4-1592e08fb989",
            "ticker": "HIGHNY-24JAN23-B38.5",
            "count": 327,
            "created_time": "2024-01-23T22:57:28.369429Z",
            "yes_price": 2,
            "no_price": 98,
            "taker_side": "yes"
        },
        {
            "trade_id": "7355e658-012a-460d-9032-127802228aa7",
            "ticker": "HIGHNY-24JAN23-B38.5",
            "count": 2184,
            "created_time": "2024-01-23T22:34:54.54661Z",
            "yes_price": 3,
            "no_price": 97,
            "taker_side": "yes"
        },
        {
            "trade_id": "f5c88eb3-f6bf-4c2f-a8af-86f84b7a3c1d",
            "ticker": "HIGHNY-24JAN23-B38.5",
            "count": 624,
            "created_time": "2024-01-23T22:29:38.852369Z",
            "yes_price": 3,
            "no_price": 97,
            "taker_side": "yes"
        },
        {
            "trade_id": "fcc7844d-0809-446a-89ab-d9c42466550a",
            "ticker": "HIGHNY-24JAN23-B38.5",
            "count": 312,
            "created_time": "2024-01-23T22:08:01.678323Z",
            "yes_price": 3,
            "no_price": 97,
            "taker_side": "yes"
        },
        {
            "trade_id": "bb8999a2-19f4-4033-8ad5-dfc24ca13096",
            "ticker": "HIGHNY-24JAN23-B38.5",
            "count": 800,
            "created_time": "2024-01-23T21:53:30.974277Z",
            "yes_price": 3,
            "no_price": 97,
            "taker_side": "yes"
        },
        {
            "trade_id": "10eed660-b64e-4383-8a6e-ab144c8d803f",
            "ticker": "HIGHNY-24JAN23-B38.5",
            "count": 307,
            "created_time": "2024-01-23T21:08:03.710954Z",
            "yes_price": 1,
            "no_price": 99,
            "taker_side": "yes"
        },
        {
            "trade_id": "bf3a989c-3734-4206-8b62-a0ac7798f663",
            "ticker": "HIGHNY-24JAN23-B38.5",
            "count": 199,
            "created_time": "2024-01-23T20:34:38.418262Z",
            "yes_price": 3,
            "no_price": 97,
            "taker_side": "yes"
        },
        {
            "trade_id": "833ce607-6d51-456f-819b-c5b5dc0bfdd6",
            "ticker": "HIGHNY-24JAN23-B38.5",
            "count": 731,
            "created_time": "2024-01-23T20:34:38.418262Z",
            "yes_price": 1,
            "no_price": 99,
            "taker_side": "yes"
        },
        {
            "trade_id": "d6d44e3b-fd38-4253-8387-949caa6641bd",
            "ticker": "HIGHNY-24JAN23-B38.5",
            "count": 981,
            "created_time": "2024-01-23T18:48:20.315224Z",
            "yes_price": 1,
            "no_price": 99,
            "taker_side": "yes"
        },
        {
            "trade_id": "807adf20-1bba-4ed1-9e73-05fadda76ebc",
            "ticker": "HIGHNY-24JAN23-B38.5",
            "count": 19,
            "created_time": "2024-01-23T18:48:20.315224Z",
            "yes_price": 1,
            "no_price": 99,
            "taker_side": "yes"
        },
        {
            "trade_id": "2baef180-d32e-4a0e-8627-4ab55f0be6e0",
            "ticker": "HIGHNY-24JAN23-B38.5",
            "count": 280,
            "created_time": "2024-01-23T18:40:06.963526Z",
            "yes_price": 1,
            "no_price": 99,
            "taker_side": "yes"
        },
        {
            "trade_id": "a5c97514-71a2-4097-989a-fd859f3071af",
            "ticker": "HIGHNY-24JAN23-B38.5",
            "count": 1000,
            "created_time": "2024-01-23T18:38:55.760671Z",
            "yes_price": 1,
            "no_price": 99,
            "taker_side": "yes"
        },
        {
            "trade_id": "9e2042cc-0d95-40de-84d6-5d1c37282541",
            "ticker": "HIGHNY-24JAN23-B38.5",
            "count": 100,
            "created_time": "2024-01-23T18:09:04.617264Z",
            "yes_price": 1,
            "no_price": 99,
            "taker_side": "yes"
        },
        {
            "trade_id": "c9a46bc7-deb0-45be-8d75-204c77d6cb4e",
            "ticker": "HIGHNY-24JAN23-B38.5",
            "count": 8,
            "created_time": "2024-01-23T17:00:21.959218Z",
            "yes_price": 56,
            "no_price": 44,
            "taker_side": "yes"
        },
        {
            "trade_id": "3184a984-e887-46c1-be89-8329a0e70a05",
            "ticker": "HIGHNY-24JAN23-B38.5",
            "count": 60,
            "created_time": "2024-01-23T16:55:29.458514Z",
            "yes_price": 50,
            "no_price": 50,
            "taker_side": "yes"
        },
        {
            "trade_id": "d1858920-7a15-4fff-b942-dcc5b99bd4cf",
            "ticker": "HIGHNY-24JAN23-B38.5",
            "count": 12,
            "created_time": "2024-01-23T16:54:45.583804Z",
            "yes_price": 45,
            "no_price": 55,
            "taker_side": "yes"
        },
        {
            "trade_id": "52f3174e-3ed6-41b8-b778-c6882ea432f7",
            "ticker": "HIGHNY-24JAN23-B38.5",
            "count": 50,
            "created_time": "2024-01-23T16:54:45.583804Z",
            "yes_price": 45,
            "no_price": 55,
            "taker_side": "yes"
        },
        {
            "trade_id": "32d7f715-bb47-4023-9ea9-24f746d326d9",
            "ticker": "HIGHNY-24JAN23-B38.5",
            "count": 2,
            "created_time": "2024-01-23T16:54:45.583804Z",
            "yes_price": 44,
            "no_price": 56,
            "taker_side": "yes"
        },
        {
            "trade_id": "bc31e0fa-7b50-492d-990f-7a44bccda3e3",
            "ticker": "HIGHNY-24JAN23-B38.5",
            "count": 11,
            "created_time": "2024-01-23T16:54:28.859639Z",
            "yes_price": 37,
            "no_price": 63,
            "taker_side": "yes"
        },
        {
            "trade_id": "98e03acc-ac0a-4078-926c-fdd6549cea03",
            "ticker": "HIGHNY-24JAN23-B38.5",
            "count": 37,
            "created_time": "2024-01-23T16:54:28.859639Z",
            "yes_price": 39,
            "no_price": 61,
            "taker_side": "yes"
        },
        {
            "trade_id": "07ab7205-9e17-494e-8086-7b5bdaaf7ae9",
            "ticker": "HIGHNY-24JAN23-B38.5",
            "count": 50,
            "created_time": "2024-01-23T16:54:28.859639Z",
            "yes_price": 42,
            "no_price": 58,
            "taker_side": "yes"
        },
        {
            "trade_id": "bb1f0adb-ec30-4e47-a87e-26d8629d1f14",
            "ticker": "HIGHNY-24JAN23-B38.5",
            "count": 11,
            "created_time": "2024-01-23T16:54:13.154002Z",
            "yes_price": 30,
            "no_price": 70,
            "taker_side": "yes"
        },
        {
            "trade_id": "3ebace84-d0f2-4870-9aa4-d473046476b3",
            "ticker": "HIGHNY-24JAN23-B38.5",
            "count": 37,
            "created_time": "2024-01-23T16:54:13.154002Z",
            "yes_price": 34,
            "no_price": 66,
            "taker_side": "yes"
        },
        {
            "trade_id": "3891fd30-beb0-493a-9f8a-7f0114f40e25",
            "ticker": "HIGHNY-24JAN23-B38.5",
            "count": 37,
            "created_time": "2024-01-23T16:54:13.154002Z",
            "yes_price": 32,
            "no_price": 68,
            "taker_side": "yes"
        },
        {
            "trade_id": "ffef429b-e70d-42a7-a24c-9b41f67b4f37",
            "ticker": "HIGHNY-24JAN23-B38.5",
            "count": 50,
            "created_time": "2024-01-23T16:28:33.429678Z",
            "yes_price": 3,
            "no_price": 97,
            "taker_side": "no"
        },
        {
            "trade_id": "f558acaa-338a-4118-a5f6-c14ae2c1869c",
            "ticker": "HIGHNY-24JAN23-B38.5",
            "count": 50,
            "created_time": "2024-01-23T16:28:33.429678Z",
            "yes_price": 4,
            "no_price": 96,
            "taker_side": "no"
        },
        {
            "trade_id": "1e7bfdcb-d06d-4435-8736-23f29c57c40f",
            "ticker": "HIGHNY-24JAN23-B38.5",
            "count": 5,
            "created_time": "2024-01-23T16:28:33.429678Z",
            "yes_price": 5,
            "no_price": 95,
            "taker_side": "no"
        },
        {
            "trade_id": "9360cd0c-4d41-4ee3-a404-2fdfffb5c077",
            "ticker": "HIGHNY-24JAN23-B38.5",
            "count": 50,
            "created_time": "2024-01-23T16:28:22.252576Z",
            "yes_price": 3,
            "no_price": 97,
            "taker_side": "no"
        },
        {
            "trade_id": "2d68df1d-e56a-4500-b842-46753733b902",
            "ticker": "HIGHNY-24JAN23-B38.5",
            "count": 50,
            "created_time": "2024-01-23T16:28:22.252576Z",
            "yes_price": 2,
            "no_price": 98,
            "taker_side": "no"
        },
        {
            "trade_id": "2b12b640-0eac-4397-a7d1-b726ea835d1d",
            "ticker": "HIGHNY-24JAN23-B38.5",
            "count": 40,
            "created_time": "2024-01-23T16:28:22.252576Z",
            "yes_price": 4,
            "no_price": 96,
            "taker_side": "no"
        },
        {
            "trade_id": "e0fd5636-a803-414c-bdf8-5a2735cad215",
            "ticker": "HIGHNY-24JAN23-B38.5",
            "count": 50,
            "created_time": "2024-01-23T16:27:33.27252Z",
            "yes_price": 5,
            "no_price": 95,
            "taker_side": "no"
        },
        {
            "trade_id": "ba1d0ea7-d6c6-4c80-b329-6cef44f418c6",
            "ticker": "HIGHNY-24JAN23-B38.5",
            "count": 50,
            "created_time": "2024-01-23T16:27:33.27252Z",
            "yes_price": 4,
            "no_price": 96,
            "taker_side": "no"
        },
        {
            "trade_id": "b4345044-b1a7-48e5-b6b1-e11bc8307c45",
            "ticker": "HIGHNY-24JAN23-B38.5",
            "count": 25,
            "created_time": "2024-01-23T16:27:33.27252Z",
            "yes_price": 6,
            "no_price": 94,
            "taker_side": "no"
        },
        {
            "trade_id": "e53436c6-e4a9-42f1-b71d-8cbdad282dfc",
            "ticker": "HIGHNY-24JAN23-B38.5",
            "count": 50,
            "created_time": "2024-01-23T16:24:54.003351Z",
            "yes_price": 6,
            "no_price": 94,
            "taker_side": "no"
        },
        {
            "trade_id": "d714ff69-452c-4445-a35d-5926e606e0bf",
            "ticker": "HIGHNY-24JAN23-B38.5",
            "count": 40,
            "created_time": "2024-01-23T16:24:54.003351Z",
            "yes_price": 8,
            "no_price": 92,
            "taker_side": "no"
        },
        {
            "trade_id": "40b9b381-7333-4096-a476-7e5bce29733e",
            "ticker": "HIGHNY-24JAN23-B38.5",
            "count": 50,
            "created_time": "2024-01-23T16:24:54.003351Z",
            "yes_price": 7,
            "no_price": 93,
            "taker_side": "no"
        },
        {
            "trade_id": "9d7cc89f-0635-49aa-b4fe-625de6ddeb78",
            "ticker": "HIGHNY-24JAN23-B38.5",
            "count": 44,
            "created_time": "2024-01-23T16:19:05.230664Z",
            "yes_price": 15,
            "no_price": 85,
            "taker_side": "no"
        },
        {
            "trade_id": "438f3e5b-8817-40e1-815d-4faa93ea6cec",
            "ticker": "HIGHNY-24JAN23-B38.5",
            "count": 11,
            "created_time": "2024-01-23T16:17:43.925362Z",
            "yes_price": 16,
            "no_price": 84,
            "taker_side": "no"
        },
        {
            "trade_id": "6dd8b063-7bd0-4893-85ba-a5b661c0b989",
            "ticker": "HIGHNY-24JAN23-B38.5",
            "count": 27,
            "created_time": "2024-01-23T16:11:12.501992Z",
            "yes_price": 20,
            "no_price": 80,
            "taker_side": "yes"
        },
        {
            "trade_id": "d702de22-c9b8-4bac-a44c-00291b0646f1",
            "ticker": "HIGHNY-24JAN23-B38.5",
            "count": 62,
            "created_time": "2024-01-23T16:11:04.561782Z",
            "yes_price": 19,
            "no_price": 81,
            "taker_side": "yes"
        },
        {
            "trade_id": "a435fdb6-0e37-412a-894f-5b80ee6f751d",
            "ticker": "HIGHNY-24JAN23-B38.5",
            "count": 62,
            "created_time": "2024-01-23T16:11:04.561782Z",
            "yes_price": 18,
            "no_price": 82,
            "taker_side": "yes"
        },
        {
            "trade_id": "72eebc82-e7bb-419f-9a31-484111326024",
            "ticker": "HIGHNY-24JAN23-B38.5",
            "count": 1,
            "created_time": "2024-01-23T16:11:04.561782Z",
            "yes_price": 16,
            "no_price": 84,
            "taker_side": "yes"
        },
        {
            "trade_id": "09149069-c40d-4954-94cb-476b1f1ef0c2",
            "ticker": "HIGHNY-24JAN23-B38.5",
            "count": 25,
            "created_time": "2024-01-23T16:11:04.561782Z",
            "yes_price": 16,
            "no_price": 84,
            "taker_side": "yes"
        },
        {
            "trade_id": "7c01791a-55c6-4c5c-823f-b1672b1def29",
            "ticker": "HIGHNY-24JAN23-B38.5",
            "count": 5,
            "created_time": "2024-01-23T15:19:48.982471Z",
            "yes_price": 28,
            "no_price": 72,
            "taker_side": "yes"
        },
        {
            "trade_id": "b7165d8e-c2d6-46ab-8c0e-8493a76eb9b3",
            "ticker": "HIGHNY-24JAN23-B38.5",
            "count": 46,
            "created_time": "2024-01-23T13:58:35.721298Z",
            "yes_price": 22,
            "no_price": 78,
            "taker_side": "no"
        },
        {
            "trade_id": "c32c9bc8-99ae-47d6-9dcb-680c971f7f71",
            "ticker": "HIGHNY-24JAN23-B38.5",
            "count": 10,
            "created_time": "2024-01-23T13:22:49.782664Z",
            "yes_price": 39,
            "no_price": 61,
            "taker_side": "yes"
        },
        {
            "trade_id": "563d882a-0d0e-451b-93e8-6cdcb31c2e64",
            "ticker": "HIGHNY-24JAN23-B38.5",
            "count": 39,
            "created_time": "2024-01-23T13:15:57.882241Z",
            "yes_price": 39,
            "no_price": 61,
            "taker_side": "no"
        },
        {
            "trade_id": "3411a555-f5e8-48be-a7c9-8c8fa7cd7984",
            "ticker": "HIGHNY-24JAN23-B38.5",
            "count": 17,
            "created_time": "2024-01-23T13:09:57.670824Z",
            "yes_price": 40,
            "no_price": 60,
            "taker_side": "no"
        },
        {
            "trade_id": "d126a82c-9858-437d-9a89-2db305d3f088",
            "ticker": "HIGHNY-24JAN23-B38.5",
            "count": 17,
            "created_time": "2024-01-23T13:08:51.602425Z",
            "yes_price": 43,
            "no_price": 57,
            "taker_side": "no"
        },
        {
            "trade_id": "49bc8041-4544-4214-b4eb-14ff0a93ddb5",
            "ticker": "HIGHNY-24JAN23-B38.5",
            "count": 58,
            "created_time": "2024-01-23T13:08:51.602425Z",
            "yes_price": 40,
            "no_price": 60,
            "taker_side": "no"
        },
        {
            "trade_id": "bed8e148-046c-483f-870e-e9a7e428bffc",
            "ticker": "HIGHNY-24JAN23-B38.5",
            "count": 10,
            "created_time": "2024-01-23T13:05:04.875134Z",
            "yes_price": 49,
            "no_price": 51,
            "taker_side": "yes"
        },
        {
            "trade_id": "ab05d324-e615-4936-8d3f-f0688e0839de",
            "ticker": "HIGHNY-24JAN23-B38.5",
            "count": 96,
            "created_time": "2024-01-23T13:01:30.058474Z",
            "yes_price": 44,
            "no_price": 56,
            "taker_side": "no"
        },
        {
            "trade_id": "7053f24f-d2f5-4a04-9445-cd6ec469a84d",
            "ticker": "HIGHNY-24JAN23-B38.5",
            "count": 96,
            "created_time": "2024-01-23T13:01:30.058474Z",
            "yes_price": 42,
            "no_price": 58,
            "taker_side": "no"
        },
        {
            "trade_id": "318384e8-9d63-4406-a884-dc34c4a470f7",
            "ticker": "HIGHNY-24JAN23-B38.5",
            "count": 48,
            "created_time": "2024-01-23T13:01:30.058474Z",
            "yes_price": 47,
            "no_price": 53,
            "taker_side": "no"
        },
        {
            "trade_id": "97b3fecd-9ab4-4816-8108-0b2622afc3ef",
            "ticker": "HIGHNY-24JAN23-B38.5",
            "count": 23,
            "created_time": "2024-01-23T04:40:05.522624Z",
            "yes_price": 40,
            "no_price": 60,
            "taker_side": "no"
        },
        {
            "trade_id": "6fe57d54-3d0d-4489-a895-2fd065f90884",
            "ticker": "HIGHNY-24JAN23-B38.5",
            "count": 121,
            "created_time": "2024-01-22T19:51:12.618545Z",
            "yes_price": 52,
            "no_price": 48,
            "taker_side": "yes"
        },
        {
            "trade_id": "2274679a-1778-4157-a518-e01a587d0a2f",
            "ticker": "HIGHNY-24JAN23-B38.5",
            "count": 48,
            "created_time": "2024-01-22T19:51:12.618545Z",
            "yes_price": 49,
            "no_price": 51,
            "taker_side": "yes"
        },
        {
            "trade_id": "a132f318-ea24-4146-b343-083e0e203715",
            "ticker": "HIGHNY-24JAN23-B38.5",
            "count": 27,
            "created_time": "2024-01-22T19:37:01.816744Z",
            "yes_price": 49,
            "no_price": 51,
            "taker_side": "yes"
        },
        {
            "trade_id": "dfd7a706-ce48-47de-9284-d3f8f74c806a",
            "ticker": "HIGHNY-24JAN23-B38.5",
            "count": 54,
            "created_time": "2024-01-22T19:36:49.559309Z",
            "yes_price": 48,
            "no_price": 52,
            "taker_side": "yes"
        },
        {
            "trade_id": "4a57821f-6551-4c5b-acd5-8031b29138fd",
            "ticker": "HIGHNY-24JAN23-B38.5",
            "count": 12,
            "created_time": "2024-01-22T19:36:49.559309Z",
            "yes_price": 46,
            "no_price": 54,
            "taker_side": "yes"
        },
        {
            "trade_id": "cc442213-2168-4619-8dc6-b60f33b359a7",
            "ticker": "HIGHNY-24JAN23-B38.5",
            "count": 121,
            "created_time": "2024-01-22T19:17:26.808035Z",
            "yes_price": 48,
            "no_price": 52,
            "taker_side": "yes"
        },
        {
            "trade_id": "5820e59f-518a-4851-b583-2621844d05d2",
            "ticker": "HIGHNY-24JAN23-B38.5",
            "count": 12,
            "created_time": "2024-01-22T19:17:26.808035Z",
            "yes_price": 46,
            "no_price": 54,
            "taker_side": "yes"
        },
        {
            "trade_id": "ee3699d5-0780-4778-bb02-ee6d19870df9",
            "ticker": "HIGHNY-24JAN23-B38.5",
            "count": 36,
            "created_time": "2024-01-22T19:16:47.641698Z",
            "yes_price": 44,
            "no_price": 56,
            "taker_side": "yes"
        },
        {
            "trade_id": "e03cf034-a8ed-41ff-8243-39042e33008c",
            "ticker": "HIGHNY-24JAN23-B38.5",
            "count": 121,
            "created_time": "2024-01-22T19:16:47.641698Z",
            "yes_price": 46,
            "no_price": 54,
            "taker_side": "yes"
        },
        {
            "trade_id": "b55ce7ad-1228-4f83-a80d-654fec9f7671",
            "ticker": "HIGHNY-24JAN23-B38.5",
            "count": 60,
            "created_time": "2024-01-22T19:15:58.774939Z",
            "yes_price": 44,
            "no_price": 56,
            "taker_side": "yes"
        },
        {
            "trade_id": "2cc8566d-716a-4f6c-9e37-03aa0ea3f2d9",
            "ticker": "HIGHNY-24JAN23-B38.5",
            "count": 121,
            "created_time": "2024-01-22T19:15:58.774939Z",
            "yes_price": 45,
            "no_price": 55,
            "taker_side": "yes"
        },
        {
            "trade_id": "f74b6753-61c9-4537-8f13-3909ad58185c",
            "ticker": "HIGHNY-24JAN23-B38.5",
            "count": 121,
            "created_time": "2024-01-22T17:58:10.095876Z",
            "yes_price": 41,
            "no_price": 59,
            "taker_side": "yes"
        },
        {
            "trade_id": "ee219d97-efff-4a7a-9ddd-71158412a828",
            "ticker": "HIGHNY-24JAN23-B38.5",
            "count": 12,
            "created_time": "2024-01-22T17:58:10.095876Z",
            "yes_price": 39,
            "no_price": 61,
            "taker_side": "yes"
        },
        {
            "trade_id": "f85f9427-6c77-462f-b99f-e3cb47e45850",
            "ticker": "HIGHNY-24JAN23-B38.5",
            "count": 1,
            "created_time": "2024-01-22T17:57:44.88689Z",
            "yes_price": 37,
            "no_price": 63,
            "taker_side": "yes"
        },
        {
            "trade_id": "c0f95d34-fdc8-494f-bf6d-feec784fdac8",
            "ticker": "HIGHNY-24JAN23-B38.5",
            "count": 12,
            "created_time": "2024-01-22T17:57:44.88689Z",
            "yes_price": 37,
            "no_price": 63,
            "taker_side": "yes"
        },
        {
            "trade_id": "4c4789b2-b008-4352-b8cc-aae98d782994",
            "ticker": "HIGHNY-24JAN23-B38.5",
            "count": 121,
            "created_time": "2024-01-22T17:57:44.88689Z",
            "yes_price": 41,
            "no_price": 59,
            "taker_side": "yes"
        },
        {
            "trade_id": "173e70ce-caa9-4cab-8fcb-327174b51e4e",
            "ticker": "HIGHNY-24JAN23-B38.5",
            "count": 121,
            "created_time": "2024-01-22T17:57:44.88689Z",
            "yes_price": 39,
            "no_price": 61,
            "taker_side": "yes"
        },
        {
            "trade_id": "6e9d2742-1dde-4446-87e2-b3ee117d2fa7",
            "ticker": "HIGHNY-24JAN23-B38.5",
            "count": 1,
            "created_time": "2024-01-22T17:30:20.85393Z",
            "yes_price": 32,
            "no_price": 68,
            "taker_side": "no"
        },
        {
            "trade_id": "8d476e6b-29d8-4b06-b97b-283cb581e9b6",
            "ticker": "HIGHNY-24JAN23-B38.5",
            "count": 5,
            "created_time": "2024-01-22T15:15:35.611389Z",
            "yes_price": 24,
            "no_price": 76,
            "taker_side": "no"
        }
    ],
    "HIGHNY-24JAN23-B40.5": [
        {
            "trade_id": "3e3b6239-4889-4c14-babc-ab9041ccfa1e",
            "ticker": "HIGHNY-24JAN23-B40.5",
            "count": 5,
            "created_time": "2024-01-24T00:46:04.680772Z",
            "yes_price": 99,
            "no_price": 1,
            "taker_side": "yes"
        },
        {
            "trade_id": "66a2eade-084a-4c8a-8fa2-23caf948d8a5",
            "ticker": "HIGHNY-24JAN23-B40.5",
            "count": 36,
            "created_time": "2024-01-23T21:12:37.4565Z",
            "yes_price": 99,
            "no_price": 1,
            "taker_side": "yes"
        },
        {
            "trade_id": "febe0b75-159e-4eb5-b8f9-1b20e81f07cb",
            "ticker": "HIGHNY-24JAN23-B40.5",
            "count": 12,
            "created_time": "2024-01-23T16:54:40.732415Z",
            "yes_price": 39,
            "no_price": 61,
            "taker_side": "no"
        },
        {
            "trade_id": "acacb267-873a-4f6d-93fb-b2ce9e1339ab",
            "ticker": "HIGHNY-24JAN23-B40.5",
            "count": 12,
            "created_time": "2024-01-23T16:54:40.732415Z",
            "yes_price": 37,
            "no_price": 63,
            "taker_side": "no"
        },
        {
            "trade_id": "e01b21fd-2206-4d26-9c12-3e7f72488db9",
            "ticker": "HIGHNY-24JAN23-B40.5",
            "count": 37,
            "created_time": "2024-01-23T16:54:24.194061Z",
            "yes_price": 44,
            "no_price": 56,
            "taker_side": "no"
        },
        {
            "trade_id": "450e7942-ebb7-463e-9088-f2726b62ad8b",
            "ticker": "HIGHNY-24JAN23-B40.5",
            "count": 37,
            "created_time": "2024-01-23T16:54:24.194061Z",
            "yes_price": 47,
            "no_price": 53,
            "taker_side": "no"
        },
        {
            "trade_id": "1c6d3b86-08ec-4456-a7de-f7bf84080bd1",
            "ticker": "HIGHNY-24JAN23-B40.5",
            "count": 3,
            "created_time": "2024-01-23T16:54:24.194061Z",
            "yes_price": 49,
            "no_price": 51,
            "taker_side": "no"
        },
        {
            "trade_id": "39423647-caa5-498b-9999-d00e220b0d9e",
            "ticker": "HIGHNY-24JAN23-B40.5",
            "count": 37,
            "created_time": "2024-01-23T16:54:07.218163Z",
            "yes_price": 54,
            "no_price": 46,
            "taker_side": "no"
        },
        {
            "trade_id": "32a8255f-22ff-4af6-b750-cbbb559d00de",
            "ticker": "HIGHNY-24JAN23-B40.5",
            "count": 37,
            "created_time": "2024-01-23T16:54:07.218163Z",
            "yes_price": 52,
            "no_price": 48,
            "taker_side": "no"
        },
        {
            "trade_id": "11c189a7-0340-48ac-b637-49b74d7856b6",
            "ticker": "HIGHNY-24JAN23-B40.5",
            "count": 15,
            "created_time": "2024-01-23T16:54:07.218163Z",
            "yes_price": 56,
            "no_price": 44,
            "taker_side": "no"
        },
        {
            "trade_id": "f881099a-fff9-46a0-81ff-e65ae4b4c037",
            "ticker": "HIGHNY-24JAN23-B40.5",
            "count": 5,
            "created_time": "2024-01-23T15:54:42.900057Z",
            "yes_price": 58,
            "no_price": 42,
            "taker_side": "yes"
        },
        {
            "trade_id": "bb08ac63-4a0b-4174-a0ea-21e44949561d",
            "ticker": "HIGHNY-24JAN23-B40.5",
            "count": 68,
            "created_time": "2024-01-23T15:54:42.900057Z",
            "yes_price": 61,
            "no_price": 39,
            "taker_side": "yes"
        },
        {
            "trade_id": "8ed85acb-c3a8-487f-a89c-5afc2c26905b",
            "ticker": "HIGHNY-24JAN23-B40.5",
            "count": 34,
            "created_time": "2024-01-23T15:54:42.900057Z",
            "yes_price": 59,
            "no_price": 41,
            "taker_side": "yes"
        },
        {
            "trade_id": "75775e8d-9648-45bb-a8bf-db99f94370be",
            "ticker": "HIGHNY-24JAN23-B40.5",
            "count": 28,
            "created_time": "2024-01-23T13:43:13.945719Z",
            "yes_price": 51,
            "no_price": 49,
            "taker_side": "yes"
        },
        {
            "trade_id": "1b515017-4faa-40d7-bea2-1d3a0540f76d",
            "ticker": "HIGHNY-24JAN23-B40.5",
            "count": 94,
            "created_time": "2024-01-23T13:43:13.945719Z",
            "yes_price": 54,
            "no_price": 46,
            "taker_side": "yes"
        },
        {
            "trade_id": "95ed6802-002d-4803-b12c-1c2bc696de39",
            "ticker": "HIGHNY-24JAN23-B40.5",
            "count": 94,
            "created_time": "2024-01-23T13:43:06.401348Z",
            "yes_price": 51,
            "no_price": 49,
            "taker_side": "yes"
        },
        {
            "trade_id": "2d3954e8-a906-478f-929d-89a0c74ed987",
            "ticker": "HIGHNY-24JAN23-B40.5",
            "count": 47,
            "created_time": "2024-01-23T13:43:06.401348Z",
            "yes_price": 48,
            "no_price": 52,
            "taker_side": "yes"
        },
        {
            "trade_id": "9a702099-3068-4064-917f-2ad211659d15",
            "ticker": "HIGHNY-24JAN23-B40.5",
            "count": 10,
            "created_time": "2024-01-23T13:05:04.926898Z",
            "yes_price": 33,
            "no_price": 67,
            "taker_side": "no"
        },
        {
            "trade_id": "e8e435b2-6034-4f13-910f-a6ea31a9a156",
            "ticker": "HIGHNY-24JAN23-B40.5",
            "count": 6,
            "created_time": "2024-01-23T13:04:24.270403Z",
            "yes_price": 34,
            "no_price": 66,
            "taker_side": "no"
        },
        {
            "trade_id": "a5964b56-0e25-4409-bb80-1df17d4333aa",
            "ticker": "HIGHNY-24JAN23-B40.5",
            "count": 57,
            "created_time": "2024-01-23T13:00:38.68988Z",
            "yes_price": 35,
            "no_price": 65,
            "taker_side": "yes"
        },
        {
            "trade_id": "7a792c85-71a7-4efe-836f-ba6b2273e138",
            "ticker": "HIGHNY-24JAN23-B40.5",
            "count": 96,
            "created_time": "2024-01-23T13:00:38.68988Z",
            "yes_price": 37,
            "no_price": 63,
            "taker_side": "yes"
        },
        {
            "trade_id": "eb692ab6-d0c0-4070-9cc8-2cf981d84110",
            "ticker": "HIGHNY-24JAN23-B40.5",
            "count": 38,
            "created_time": "2024-01-23T04:41:41.679012Z",
            "yes_price": 24,
            "no_price": 76,
            "taker_side": "no"
        },
        {
            "trade_id": "dbcac993-01fc-43ef-b30b-f7ba7107e82f",
            "ticker": "HIGHNY-24JAN23-B40.5",
            "count": 23,
            "created_time": "2024-01-23T04:41:41.679012Z",
            "yes_price": 26,
            "no_price": 74,
            "taker_side": "no"
        },
        {
            "trade_id": "7d1023b0-13f8-4a0c-8a06-e6a9a3c0274d",
            "ticker": "HIGHNY-24JAN23-B40.5",
            "count": 2,
            "created_time": "2024-01-23T04:41:41.679012Z",
            "yes_price": 22,
            "no_price": 78,
            "taker_side": "no"
        },
        {
            "trade_id": "207f8232-8f38-4f7c-bd9c-e2d72a199f19",
            "ticker": "HIGHNY-24JAN23-B40.5",
            "count": 200,
            "created_time": "2024-01-23T04:41:41.679012Z",
            "yes_price": 23,
            "no_price": 77,
            "taker_side": "no"
        },
        {
            "trade_id": "b75d06f4-b95b-4a04-8ad4-d16d9406e451",
            "ticker": "HIGHNY-24JAN23-B40.5",
            "count": 57,
            "created_time": "2024-01-23T04:41:16.861971Z",
            "yes_price": 28,
            "no_price": 72,
            "taker_side": "no"
        },
        {
            "trade_id": "2d95372a-cdde-4b9a-835b-7d33ab1e8e57",
            "ticker": "HIGHNY-24JAN23-B40.5",
            "count": 115,
            "created_time": "2024-01-23T04:41:16.861971Z",
            "yes_price": 27,
            "no_price": 73,
            "taker_side": "no"
        },
        {
            "trade_id": "974108a3-f363-416f-bdd3-e29b34d5bf44",
            "ticker": "HIGHNY-24JAN23-B40.5",
            "count": 115,
            "created_time": "2024-01-23T04:40:45.590782Z",
            "yes_price": 32,
            "no_price": 68,
            "taker_side": "no"
        },
        {
            "trade_id": "8cd80822-8f09-4d2f-866e-38a5a9965fdf",
            "ticker": "HIGHNY-24JAN23-B40.5",
            "count": 57,
            "created_time": "2024-01-23T04:40:45.590782Z",
            "yes_price": 34,
            "no_price": 66,
            "taker_side": "no"
        },
        {
            "trade_id": "4ab901a7-c0e4-4c95-9b28-25c0c054d50b",
            "ticker": "HIGHNY-24JAN23-B40.5",
            "count": 115,
            "created_time": "2024-01-23T04:40:45.590782Z",
            "yes_price": 30,
            "no_price": 70,
            "taker_side": "no"
        },
        {
            "trade_id": "bac66623-46e2-41bc-a01f-3171be077e2e",
            "ticker": "HIGHNY-24JAN23-B40.5",
            "count": 23,
            "created_time": "2024-01-23T04:40:05.52917Z",
            "yes_price": 35,
            "no_price": 65,
            "taker_side": "no"
        },
        {
            "trade_id": "7863cf2d-0f89-4b9c-9cb5-3b5a42786f5a",
            "ticker": "HIGHNY-24JAN23-B40.5",
            "count": 117,
            "created_time": "2024-01-23T03:36:50.607708Z",
            "yes_price": 36,
            "no_price": 64,
            "taker_side": "yes"
        },
        {
            "trade_id": "0a99bfd3-de6d-4cbe-9b1b-177c9c9665c8",
            "ticker": "HIGHNY-24JAN23-B40.5",
            "count": 11,
            "created_time": "2024-01-23T03:36:50.607708Z",
            "yes_price": 34,
            "no_price": 66,
            "taker_side": "yes"
        },
        {
            "trade_id": "5c3c9a62-a92a-49c1-ba9e-374b9d9527fc",
            "ticker": "HIGHNY-24JAN23-B40.5",
            "count": 36,
            "created_time": "2024-01-22T19:17:15.767421Z",
            "yes_price": 39,
            "no_price": 61,
            "taker_side": "yes"
        },
        {
            "trade_id": "8beb1fa6-04be-4d5a-b04f-28ffa0e3e801",
            "ticker": "HIGHNY-24JAN23-B40.5",
            "count": 121,
            "created_time": "2024-01-22T19:16:24.259804Z",
            "yes_price": 40,
            "no_price": 60,
            "taker_side": "yes"
        },
        {
            "trade_id": "5a83236d-135a-4cb8-bb05-ef239cd31fdf",
            "ticker": "HIGHNY-24JAN23-B40.5",
            "count": 48,
            "created_time": "2024-01-22T19:16:24.259804Z",
            "yes_price": 38,
            "no_price": 62,
            "taker_side": "yes"
        },
        {
            "trade_id": "06bdf857-51f4-4a48-b3f6-8655440f3816",
            "ticker": "HIGHNY-24JAN23-B40.5",
            "count": 60,
            "created_time": "2024-01-22T18:41:11.766259Z",
            "yes_price": 39,
            "no_price": 61,
            "taker_side": "yes"
        },
        {
            "trade_id": "e4dae9d2-da5f-466c-8429-9a1c5362ce17",
            "ticker": "HIGHNY-24JAN23-B40.5",
            "count": 60,
            "created_time": "2024-01-22T18:41:05.821178Z",
            "yes_price": 38,
            "no_price": 62,
            "taker_side": "yes"
        },
        {
            "trade_id": "829f746b-97d8-409f-9ffa-3270ca7259d9",
            "ticker": "HIGHNY-24JAN23-B40.5",
            "count": 60,
            "created_time": "2024-01-22T18:40:56.269971Z",
            "yes_price": 37,
            "no_price": 63,
            "taker_side": "yes"
        },
        {
            "trade_id": "ad44a631-7191-4d3c-bf2c-66cd7de3d27c",
            "ticker": "HIGHNY-24JAN23-B40.5",
            "count": 36,
            "created_time": "2024-01-22T18:40:44.415642Z",
            "yes_price": 36,
            "no_price": 64,
            "taker_side": "yes"
        },
        {
            "trade_id": "da9cda84-e82b-4831-8cef-628e7e8c41ff",
            "ticker": "HIGHNY-24JAN23-B40.5",
            "count": 12,
            "created_time": "2024-01-22T18:00:00.465965Z",
            "yes_price": 39,
            "no_price": 61,
            "taker_side": "yes"
        },
        {
            "trade_id": "d9195448-d00f-4290-a2b0-a0899fa7f0b5",
            "ticker": "HIGHNY-24JAN23-B40.5",
            "count": 121,
            "created_time": "2024-01-22T18:00:00.465965Z",
            "yes_price": 41,
            "no_price": 59,
            "taker_side": "yes"
        },
        {
            "trade_id": "f223e216-0287-4bba-88aa-9c68e1aaea74",
            "ticker": "HIGHNY-24JAN23-B40.5",
            "count": 12,
            "created_time": "2024-01-22T17:57:58.89468Z",
            "yes_price": 36,
            "no_price": 64,
            "taker_side": "yes"
        },
        {
            "trade_id": "c1dd8ea5-3abb-4af3-ad51-f70b2ba665a3",
            "ticker": "HIGHNY-24JAN23-B40.5",
            "count": 1,
            "created_time": "2024-01-22T17:57:58.89468Z",
            "yes_price": 36,
            "no_price": 64,
            "taker_side": "yes"
        },
        {
            "trade_id": "b23e3827-e40a-4861-be9a-89f6c34b5891",
            "ticker": "HIGHNY-24JAN23-B40.5",
            "count": 1,
            "created_time": "2024-01-22T17:57:58.89468Z",
            "yes_price": 37,
            "no_price": 63,
            "taker_side": "yes"
        },
        {
            "trade_id": "6d6c7e46-72d9-4f95-9d6e-8e4d04618257",
            "ticker": "HIGHNY-24JAN23-B40.5",
            "count": 121,
            "created_time": "2024-01-22T17:57:58.89468Z",
            "yes_price": 38,
            "no_price": 62,
            "taker_side": "yes"
        },
        {
            "trade_id": "36c9a4b5-e965-4f67-bb6c-6210487c8710",
            "ticker": "HIGHNY-24JAN23-B40.5",
            "count": 121,
            "created_time": "2024-01-22T17:57:58.89468Z",
            "yes_price": 40,
            "no_price": 60,
            "taker_side": "yes"
        },
        {
            "trade_id": "a743728a-1813-4c15-9b47-433df1d4b38d",
            "ticker": "HIGHNY-24JAN23-B40.5",
            "count": 1,
            "created_time": "2024-01-22T17:30:21.816264Z",
            "yes_price": 33,
            "no_price": 67,
            "taker_side": "no"
        }
    ],
    "HIGHNY-24JAN23-B42.5": [
        {
            "trade_id": "85dac840-5d80-4692-a214-3202d4f90052",
            "ticker": "HIGHNY-24JAN23-B42.5",
            "count": 14,
            "created_time": "2024-01-23T21:13:07.311002Z",
            "yes_price": 1,
            "no_price": 99,
            "taker_side": "no"
        },
        {
            "trade_id": "e47737be-68c9-4359-b50e-ba65c94f9b32",
            "ticker": "HIGHNY-24JAN23-B42.5",
            "count": 25,
            "created_time": "2024-01-23T21:06:08.150148Z",
            "yes_price": 5,
            "no_price": 95,
            "taker_side": "no"
        },
        {
            "trade_id": "b0cef5f4-8ec1-4e20-bbd6-1537cdacb700",
            "ticker": "HIGHNY-24JAN23-B42.5",
            "count": 10,
            "created_time": "2024-01-23T16:55:35.873945Z",
            "yes_price": 9,
            "no_price": 91,
            "taker_side": "no"
        },
        {
            "trade_id": "70b47279-a506-4f10-9e12-e8a110cf2f8f",
            "ticker": "HIGHNY-24JAN23-B42.5",
            "count": 10,
            "created_time": "2024-01-23T16:55:35.873945Z",
            "yes_price": 7,
            "no_price": 93,
            "taker_side": "no"
        },
        {
            "trade_id": "03bdde51-26be-47e8-a4d3-5ea70ac3a914",
            "ticker": "HIGHNY-24JAN23-B42.5",
            "count": 10,
            "created_time": "2024-01-23T16:55:35.873945Z",
            "yes_price": 8,
            "no_price": 92,
            "taker_side": "no"
        },
        {
            "trade_id": "d3e56e6a-3b93-45a0-8b87-33007849579e",
            "ticker": "HIGHNY-24JAN23-B42.5",
            "count": 12,
            "created_time": "2024-01-23T16:55:12.521363Z",
            "yes_price": 10,
            "no_price": 90,
            "taker_side": "no"
        },
        {
            "trade_id": "a281e1fe-9a9a-46d4-b1c3-4e1b726cc3e5",
            "ticker": "HIGHNY-24JAN23-B42.5",
            "count": 12,
            "created_time": "2024-01-23T16:55:12.521363Z",
            "yes_price": 11,
            "no_price": 89,
            "taker_side": "no"
        },
        {
            "trade_id": "fd58aca6-ec6e-48d1-b6e7-32207558af89",
            "ticker": "HIGHNY-24JAN23-B42.5",
            "count": 15,
            "created_time": "2024-01-23T16:51:28.435313Z",
            "yes_price": 15,
            "no_price": 85,
            "taker_side": "no"
        },
        {
            "trade_id": "9837bb6c-8dff-426f-a46b-dca6d2e06122",
            "ticker": "HIGHNY-24JAN23-B42.5",
            "count": 10,
            "created_time": "2024-01-23T16:51:28.435313Z",
            "yes_price": 13,
            "no_price": 87,
            "taker_side": "no"
        },
        {
            "trade_id": "f61b604b-bb0c-4b4c-a768-02e9dcff12ad",
            "ticker": "HIGHNY-24JAN23-B42.5",
            "count": 26,
            "created_time": "2024-01-23T16:33:31.850162Z",
            "yes_price": 29,
            "no_price": 71,
            "taker_side": "yes"
        },
        {
            "trade_id": "d8bb3d52-f3d6-4746-9650-a8bd8eb198f2",
            "ticker": "HIGHNY-24JAN23-B42.5",
            "count": 26,
            "created_time": "2024-01-23T16:33:24.389648Z",
            "yes_price": 28,
            "no_price": 72,
            "taker_side": "yes"
        },
        {
            "trade_id": "b3a68c52-1b34-4f69-ad3e-6fdf26823d97",
            "ticker": "HIGHNY-24JAN23-B42.5",
            "count": 21,
            "created_time": "2024-01-23T16:33:12.368816Z",
            "yes_price": 27,
            "no_price": 73,
            "taker_side": "yes"
        },
        {
            "trade_id": "7fe6108a-bdee-4906-9234-e22365433e48",
            "ticker": "HIGHNY-24JAN23-B42.5",
            "count": 26,
            "created_time": "2024-01-23T16:33:05.229529Z",
            "yes_price": 26,
            "no_price": 74,
            "taker_side": "yes"
        },
        {
            "trade_id": "ee544298-0a71-491a-98b0-cf5355d49302",
            "ticker": "HIGHNY-24JAN23-B42.5",
            "count": 30,
            "created_time": "2024-01-23T16:32:53.857142Z",
            "yes_price": 25,
            "no_price": 75,
            "taker_side": "yes"
        },
        {
            "trade_id": "2b804408-398e-4cca-8b2a-eef08028892f",
            "ticker": "HIGHNY-24JAN23-B42.5",
            "count": 5,
            "created_time": "2024-01-23T16:32:44.098262Z",
            "yes_price": 24,
            "no_price": 76,
            "taker_side": "yes"
        },
        {
            "trade_id": "84466c19-4a25-4e58-8eb2-47a84481578b",
            "ticker": "HIGHNY-24JAN23-B42.5",
            "count": 8,
            "created_time": "2024-01-23T16:32:33.609291Z",
            "yes_price": 24,
            "no_price": 76,
            "taker_side": "yes"
        },
        {
            "trade_id": "68aa47a2-123f-4e8b-b575-322c9ed693ab",
            "ticker": "HIGHNY-24JAN23-B42.5",
            "count": 25,
            "created_time": "2024-01-23T16:32:16.655357Z",
            "yes_price": 33,
            "no_price": 67,
            "taker_side": "yes"
        },
        {
            "trade_id": "cc6fd26f-4cce-4d2c-8910-496a857c6f57",
            "ticker": "HIGHNY-24JAN23-B42.5",
            "count": 30,
            "created_time": "2024-01-23T16:32:06.721612Z",
            "yes_price": 32,
            "no_price": 68,
            "taker_side": "yes"
        },
        {
            "trade_id": "57f5ee9f-2f0b-48c0-bdb9-b569fe5bf20c",
            "ticker": "HIGHNY-24JAN23-B42.5",
            "count": 25,
            "created_time": "2024-01-23T16:31:55.033799Z",
            "yes_price": 31,
            "no_price": 69,
            "taker_side": "yes"
        },
        {
            "trade_id": "61b18aa5-d754-41a3-ad5d-9880ca1c2851",
            "ticker": "HIGHNY-24JAN23-B42.5",
            "count": 25,
            "created_time": "2024-01-23T16:31:48.308017Z",
            "yes_price": 30,
            "no_price": 70,
            "taker_side": "yes"
        },
        {
            "trade_id": "ffd68168-103d-4ede-b446-d036c7fc1b6c",
            "ticker": "HIGHNY-24JAN23-B42.5",
            "count": 30,
            "created_time": "2024-01-23T16:31:39.577903Z",
            "yes_price": 29,
            "no_price": 71,
            "taker_side": "yes"
        },
        {
            "trade_id": "9565bb8f-756f-4f9b-9284-d152273bcb11",
            "ticker": "HIGHNY-24JAN23-B42.5",
            "count": 30,
            "created_time": "2024-01-23T16:31:31.126393Z",
            "yes_price": 28,
            "no_price": 72,
            "taker_side": "yes"
        },
        {
            "trade_id": "868cd790-db3c-49c6-b800-25066cd60c7b",
            "ticker": "HIGHNY-24JAN23-B42.5",
            "count": 7,
            "created_time": "2024-01-23T16:05:13.658291Z",
            "yes_price": 23,
            "no_price": 77,
            "taker_side": "no"
        },
        {
            "trade_id": "213d82df-0345-40cd-9f60-d08228e66afc",
            "ticker": "HIGHNY-24JAN23-B42.5",
            "count": 7,
            "created_time": "2024-01-23T16:02:54.106228Z",
            "yes_price": 24,
            "no_price": 76,
            "taker_side": "no"
        },
        {
            "trade_id": "7716a3f1-a873-4040-917e-aa9a7a03735d",
            "ticker": "HIGHNY-24JAN23-B42.5",
            "count": 5,
            "created_time": "2024-01-23T15:59:23.58751Z",
            "yes_price": 24,
            "no_price": 76,
            "taker_side": "no"
        },
        {
            "trade_id": "9f335617-995f-405b-ade9-6d95807dd0fc",
            "ticker": "HIGHNY-24JAN23-B42.5",
            "count": 31,
            "created_time": "2024-01-23T15:58:28.955795Z",
            "yes_price": 26,
            "no_price": 74,
            "taker_side": "no"
        },
        {
            "trade_id": "05c900cb-bf55-484c-8e19-37360fe104e2",
            "ticker": "HIGHNY-24JAN23-B42.5",
            "count": 62,
            "created_time": "2024-01-23T15:58:28.955795Z",
            "yes_price": 24,
            "no_price": 76,
            "taker_side": "no"
        },
        {
            "trade_id": "22737b9d-401d-4add-972a-2deabb3e751b",
            "ticker": "HIGHNY-24JAN23-B42.5",
            "count": 5,
            "created_time": "2024-01-23T14:31:13.873202Z",
            "yes_price": 26,
            "no_price": 74,
            "taker_side": "yes"
        },
        {
            "trade_id": "3b5c4827-9949-4497-a8da-e1c06a52b589",
            "ticker": "HIGHNY-24JAN23-B42.5",
            "count": 47,
            "created_time": "2024-01-23T13:36:01.911293Z",
            "yes_price": 14,
            "no_price": 86,
            "taker_side": "yes"
        },
        {
            "trade_id": "a39f5548-96f9-4cbb-95dd-463a2de51589",
            "ticker": "HIGHNY-24JAN23-B42.5",
            "count": 5,
            "created_time": "2024-01-23T13:28:23.112946Z",
            "yes_price": 15,
            "no_price": 85,
            "taker_side": "no"
        },
        {
            "trade_id": "6f0c6099-1c45-40f9-b0f9-28a81031979c",
            "ticker": "HIGHNY-24JAN23-B42.5",
            "count": 94,
            "created_time": "2024-01-23T13:28:23.094537Z",
            "yes_price": 15,
            "no_price": 85,
            "taker_side": "no"
        },
        {
            "trade_id": "640fecd5-c491-41e1-8b2e-5a49ef43724d",
            "ticker": "HIGHNY-24JAN23-B42.5",
            "count": 47,
            "created_time": "2024-01-23T13:24:05.048736Z",
            "yes_price": 16,
            "no_price": 84,
            "taker_side": "yes"
        },
        {
            "trade_id": "1c63de69-abef-4248-9aa5-2190fa96e658",
            "ticker": "HIGHNY-24JAN23-B42.5",
            "count": 94,
            "created_time": "2024-01-23T13:24:05.048736Z",
            "yes_price": 18,
            "no_price": 82,
            "taker_side": "yes"
        },
        {
            "trade_id": "64f07b30-8d11-4034-a943-e99638c12b51",
            "ticker": "HIGHNY-24JAN23-B42.5",
            "count": 10,
            "created_time": "2024-01-23T13:05:04.932892Z",
            "yes_price": 15,
            "no_price": 85,
            "taker_side": "no"
        },
        {
            "trade_id": "fcb1b8e5-9672-46d4-bf3f-ea33a72734c7",
            "ticker": "HIGHNY-24JAN23-B42.5",
            "count": 54,
            "created_time": "2024-01-23T04:52:17.284306Z",
            "yes_price": 11,
            "no_price": 89,
            "taker_side": "yes"
        },
        {
            "trade_id": "3f371c03-3c1a-42ee-99f6-1ca3f56b05f9",
            "ticker": "HIGHNY-24JAN23-B42.5",
            "count": 1,
            "created_time": "2024-01-23T04:52:17.284306Z",
            "yes_price": 11,
            "no_price": 89,
            "taker_side": "yes"
        },
        {
            "trade_id": "2fc4466a-f345-4872-93fe-2faafd3fa855",
            "ticker": "HIGHNY-24JAN23-B42.5",
            "count": 23,
            "created_time": "2024-01-23T04:40:05.521438Z",
            "yes_price": 5,
            "no_price": 95,
            "taker_side": "no"
        },
        {
            "trade_id": "a8dfd525-ec97-4578-9632-f7ee91121c2e",
            "ticker": "HIGHNY-24JAN23-B42.5",
            "count": 96,
            "created_time": "2024-01-22T17:56:34.239489Z",
            "yes_price": 11,
            "no_price": 89,
            "taker_side": "no"
        },
        {
            "trade_id": "1cfd45db-6047-4f9d-b75f-63a60599a837",
            "ticker": "HIGHNY-24JAN23-B42.5",
            "count": 10,
            "created_time": "2024-01-22T16:23:13.432701Z",
            "yes_price": 11,
            "no_price": 89,
            "taker_side": "no"
        }
    ],
    "HIGHNY-24JAN23-T43": [
        {
            "trade_id": "cc271ae9-af70-428b-bbe2-9fa7e538417b",
            "ticker": "HIGHNY-24JAN23-T43",
            "count": 10,
            "created_time": "2024-01-23T13:05:04.925957Z",
            "yes_price": 3,
            "no_price": 97,
            "taker_side": "no"
        }
    ]
}