{
    "KXHIGHNY-24NOV16-T57": [
        {
            "trade_id": "5b44e95b-fb02-4395-9719-85e4dffe9db8",
            "ticker": "KXHIGHNY-24NOV16-T57",
            "count": 2618,
            "created_time": "2024-11-17T04:06:36.776324Z",
            "yes_price": 1,
            "no_price": 99,
            "taker_side": "yes"
        },
        {
            "trade_id": "17b43aed-3ab0-4276-9350-d6a608d5eb73",
            "ticker": "KXHIGHNY-24NOV16-T57",
            "count": 935,
            "created_time": "2024-11-17T00:39:51.442842Z",
            "yes_price": 1,
            "no_price": 99,
            "taker_side": "yes"
        },
        {
            "trade_id": "bc830126-15e2-4441-8629-c50890114c9e",
            "ticker": "KXHIGHNY-24NOV16-T57",
            "count": 93,
            "created_time": "2024-11-17T00:37:13.506765Z",
            "yes_price": 1,
            "no_price": 99,
            "taker_side": "yes"
        },
        {
            "trade_id": "b357b339-d252-4dba-b293-dff087c6d587",
            "ticker": "KXHIGHNY-24NOV16-T57",
            "count": 1,
            "created_time": "2024-11-16T23:56:10.103165Z",
            "yes_price": 1,
            "no_price": 99,
            "taker_side": "yes"
        },
        {
            "trade_id": "f81a3f95-d9c6-4676-8328-071e713760fc",
            "ticker": "KXHIGHNY-24NOV16-T57",
            "count": 789,
            "created_time": "2024-11-16T22:25:27.91338Z",
            "yes_price": 1,
            "no_price": 99,
            "taker_side": "yes"
        },
        {
            "trade_id": "bd6477bc-59ff-44d0-82e5-7d0d77fcf12a",
            "ticker": "KXHIGHNY-24NOV16-T57",
            "count": 2080,
            "created_time": "2024-11-16T22:25:27.91338Z",
            "yes_price": 1,
            "no_price": 99,
            "taker_side": "yes"
        },
        {
            "trade_id": "b79d1913-4de0-4fb9-8ba0-85a47e0ffd2c",
            "ticker": "KXHIGHNY-24NOV16-T57",
            "count": 250,
            "created_time": "2024-11-16T22:25:27.91338Z",
            "yes_price": 1,
            "no_price": 99,
            "taker_side": "yes"
        },
        {
            "trade_id": "b702795c-3a2f-46dc-a71d-d8a23f4bfedc",
            "ticker": "KXHIGHNY-24NOV16-T57",
            "count": 256,
            "created_time": "2024-11-16T22:25:27.91338Z",
            "yes_price": 1,
            "no_price": 99,
            "taker_side": "yes"
        },
        {
            "trade_id": "b6dd9969-eedb-4f6f-b54c-e4c44974eb04",
            "ticker": "KXHIGHNY-24NOV16-T57",
            "count": 250,
            "created_time": "2024-11-16T22:25:27.91338Z",
            "yes_price": 1,
            "no_price": 99,
            "taker_side": "yes"
        },
        {
            "trade_id": "40efa9da-0406-4d32-930a-e65d192a92ea",
            "ticker": "KXHIGHNY-24NOV16-T57",
            "count": 1047,
            "created_time": "2024-11-16T22:25:27.91338Z",
            "yes_price": 1,
            "no_price": 99,
            "taker_side": "yes"
        },
        {
            "trade_id": "94a9bff3-1c31-4b29-9c81-6d3b0a85edb3",
            "ticker": "KXHIGHNY-24NOV16-T57",
            "count": 2,
            "created_time": "2024-11-16T15:29:56.621848Z",
            "yes_price": 1,
            "no_price": 99,
            "taker_side": "yes"
        },
        {
            "trade_id": "77aceeac-ac67-4199-9bc9-d2e4f4811a93",
            "ticker": "KXHIGHNY-24NOV16-T57",
            "count": 132,
            "created_time": "2024-11-16T04:44:08.390253Z",
            "yes_price": 1,
            "no_price": 99,
            "taker_side": "no"
        },
        {
            "trade_id": "d0a0afc1-3764-4469-9d38-eaf028c9d390",
            "ticker": "KXHIGHNY-24NOV16-T57",
            "count": 200,
            "created_time": "2024-11-16T04:43:21.344184Z",
            "yes_price": 1,
            "no_price": 99,
            "taker_side": "no"
        },
        {
            "trade_id": "cfa13e84-81cc-4892-b494-ebe32cc35091",
            "ticker": "KXHIGHNY-24NOV16-T57",
            "count": 93,
            "created_time": "2024-11-16T04:43:19.101305Z",
            "yes_price": 1,
            "no_price": 99,
            "taker_side": "no"
        },
        {
            "trade_id": "48142070-1eea-403e-921a-0e388306df39",
            "ticker": "KXHIGHNY-24NOV16-T57",
            "count": 52,
            "created_time": "2024-11-16T03:41:51.761943Z",
            "yes_price": 1,
            "no_price": 99,
            "taker_side": "no"
        },
        {
            "trade_id": "65b71647-b40d-4c8a-a84f-61fe30655056",
            "ticker": "KXHIGHNY-24NOV16-T57",
            "count": 1,
            "created_time": "2024-11-16T03:37:37.234989Z",
            "yes_price": 1,
            "no_price": 99,
            "taker_side": "no"
        },
        {
            "trade_id": "95a17af8-96f8-4e9f-9dd9-5c25649f8bbc",
            "ticker": "KXHIGHNY-24NOV16-T57",
            "count": 14,
            "created_time": "2024-11-16T03:34:12.926257Z",
            "yes_price": 1,
            "no_price": 99,
            "taker_side": "no"
        },
        {
            "trade_id": "a3341eaf-e1f3-49fc-8334-741fb922d013",
            "ticker": "KXHIGHNY-24NOV16-T57",
            "count": 160,
            "created_time": "2024-11-16T03:24:47.000729Z",
            "yes_price": 1,
            "no_price": 99,
            "taker_side": "no"
        },
        {
            "trade_id": "20df465f-fdc8-4bf7-a22d-ef858e89871f",
            "ticker": "KXHIGHNY-24NOV16-T57",
            "count": 5,
            "created_time": "2024-11-16T03:24:46.916425Z",
            "yes_price": 1,
            "no_price": 99,
            "taker_side": "no"
        },
        {
            "trade_id": "61fea4f9-6e74-446e-884c-b4e3dcb62c3d",
            "ticker": "KXHIGHNY-24NOV16-T57",
            "count": 2,
            "created_time": "2024-11-16T01:29:29.011555Z",
            "yes_price": 1,
            "no_price": 99,
            "taker_side": "no"
        },
        {
            "trade_id": "b68debe1-947a-42f1-be76-cf09a638049b",
            "ticker": "KXHIGHNY-24NOV16-T57",
            "count": 18,
            "created_time": "2024-11-16T01:20:31.029696Z",
            "yes_price": 1,
            "no_price": 99,
            "taker_side": "no"
        },
        {
            "trade_id": "81ed8e5e-9f57-458e-a290-3ba48aacd1d8",
            "ticker": "KXHIGHNY-24NOV16-T57",
            "count": 12,
            "created_time": "2024-11-16T01:19:13.116265Z",
            "yes_price": 1,
            "no_price": 99,
            "taker_side": "no"
        },
        {
            "trade_id": "151184ed-e0ea-4ba3-9def-9bc664280ae2",
            "ticker": "KXHIGHNY-24NOV16-T57",
            "count": 120,
            "created_time": "2024-11-15T15:11:35.581343Z",
            "yes_price": 1,
            "no_price": 99,
            "taker_side": "no"
        }
    ],
    "KXHIGHNY-24NOV16-B57.5": [
        {
            "trade_id": "e9c60808-5bb3-4edc-a98b-bd80dfc7742c",
            "ticker": "KXHIGHNY-24NOV16-B57.5",
            "count": 2501,
            "created_time": "2024-11-17T00:48:03.663894Z",
            "yes_price": 1,
            "no_price": 99,
            "taker_side": "yes"
        },
        {
            "trade_id": "86c56ff4-0e63-46c4-bedc-2c2bf1a454cc",
            "ticker": "KXHIGHNY-24NOV16-B57.5",
            "count": 3107,
            "created_time": "2024-11-17T00:48:03.663894Z",
            "yes_price": 1,
            "no_price": 99,
            "taker_side": "yes"
        },
        {
            "trade_id": "97664d65-60f4-40a9-bbc4-7401907f746e",
            "ticker": "KXHIGHNY-24NOV16-B57.5",
            "count": 93,
            "created_time": "2024-11-17T00:37:21.692291Z",
            "yes_price": 1,
            "no_price": 99,
            "taker_side": "yes"
        },
        {
            "trade_id": "cbd0a748-cc72-451b-b555-455f766c5daa",
            "ticker": "KXHIGHNY-24NOV16-B57.5",
            "count": 15,
            "created_time": "2024-11-17T00:00:20.069861Z",
            "yes_price": 1,
            "no_price": 99,
            "taker_side": "yes"
        },
        {
            "trade_id": "6599d6dc-7a58-4994-8814-e4d5465e4b9e",
            "ticker": "KXHIGHNY-24NOV16-B57.5",
            "count": 935,
            "created_time": "2024-11-16T23:41:54.654646Z",
            "yes_price": 1,
            "no_price": 99,
            "taker_side": "yes"
        },
        {
            "trade_id": "f8179b3b-d1d6-45b5-9f51-ec2fdf65a16a",
            "ticker": "KXHIGHNY-24NOV16-B57.5",
            "count": 689,
            "created_time": "2024-11-16T22:52:52.705843Z",
            "yes_price": 1,
            "no_price": 99,
            "taker_side": "yes"
        },
        {
            "trade_id": "95f03f49-32e3-4a53-9acb-bdce674f85a3",
            "ticker": "KXHIGHNY-24NOV16-B57.5",
            "count": 161,
            "created_time": "2024-11-16T21:52:29.849764Z",
            "yes_price": 1,
            "no_price": 99,
            "taker_side": "yes"
        },
        {
            "trade_id": "07d26da0-5c60-4113-aa16-60c833350c95",
            "ticker": "KXHIGHNY-24NOV16-B57.5",
            "count": 50,
            "created_time": "2024-11-16T21:52:29.849764Z",
            "yes_price": 1,
            "no_price": 99,
            "taker_side": "yes"
        },
        {
            "trade_id": "01b44049-5a7d-48ca-8aec-8a4c206c0cf5",
            "ticker": "KXHIGHNY-24NOV16-B57.5",
            "count": 161,
            "created_time": "2024-11-16T21:52:29.849764Z",
            "yes_price": 1,
            "no_price": 99,
            "taker_side": "yes"
        },
        {
            "trade_id": "eb04be16-7cf1-43b7-a5e8-1c6483792aea",
            "ticker": "KXHIGHNY-24NOV16-B57.5",
            "count": 10,
            "created_time": "2024-11-16T18:32:45.011882Z",
            "yes_price": 1,
            "no_price": 99,
            "taker_side": "yes"
        },
        {
            "trade_id": "5d06bdb5-840c-491e-ba95-317f665352b2",
            "ticker": "KXHIGHNY-24NOV16-B57.5",
            "count": 40,
            "created_time": "2024-11-16T17:16:59.000601Z",
            "yes_price": 1,
            "no_price": 99,
            "taker_side": "no"
        },
        {
            "trade_id": "4c35eb18-e3db-4ad5-9d9c-957858c66de7",
            "ticker": "KXHIGHNY-24NOV16-B57.5",
            "count": 140,
            "created_time": "2024-11-16T16:44:15.46217Z",
            "yes_price": 2,
            "no_price": 98,
            "taker_side": "yes"
        },
        {
            "trade_id": "ff04f678-9a51-4533-ab64-7a2d9f2718d2",
            "ticker": "KXHIGHNY-24NOV16-B57.5",
            "count": 316,
            "created_time": "2024-11-16T15:40:36.318312Z",
            "yes_price": 1,
            "no_price": 99,
            "taker_side": "no"
        },
        {
            "trade_id": "cbde4bca-fce2-462d-967f-9aedd0a9db75",
            "ticker": "KXHIGHNY-24NOV16-B57.5",
            "count": 188,
            "created_time": "2024-11-16T15:34:38.395895Z",
            "yes_price": 1,
            "no_price": 99,
            "taker_side": "no"
        },
        {
            "trade_id": "c9a6b22e-42cb-4f5f-83e2-c76f768baedc",
            "ticker": "KXHIGHNY-24NOV16-B57.5",
            "count": 101,
            "created_time": "2024-11-16T15:34:38.395895Z",
            "yes_price": 1,
            "no_price": 99,
            "taker_side": "no"
        },
        {
            "trade_id": "7430cc56-80de-4f17-af53-54484c80fad0",
            "ticker": "KXHIGHNY-24NOV16-B57.5",
            "count": 112,
            "created_time": "2024-11-16T15:34:07.000566Z",
            "yes_price": 1,
            "no_price": 99,
            "taker_side": "no"
        },
        {
            "trade_id": "7da115a3-52cb-43c9-9b6d-00de90721049",
            "ticker": "KXHIGHNY-24NOV16-B57.5",
            "count": 200,
            "created_time": "2024-11-16T15:25:53.543829Z",
            "yes_price": 1,
            "no_price": 99,
            "taker_side": "no"
        },
        {
            "trade_id": "6867e5c0-64f2-484e-93fb-198ff67660f1",
            "ticker": "KXHIGHNY-24NOV16-B57.5",
            "count": 569,
            "created_time": "2024-11-16T15:10:35.140296Z",
            "yes_price": 1,
            "no_price": 99,
            "taker_side": "no"
        },
        {
            "trade_id": "11cb0ca1-633e-425c-926f-6264e55c818d",
            "ticker": "KXHIGHNY-24NOV16-B57.5",
            "count": 36,
            "created_time": "2024-11-16T15:10:35.140296Z",
            "yes_price": 1,
            "no_price": 99,
            "taker_side": "no"
        },
        {
            "trade_id": "d71c6465-f1c2-45e2-b617-7f389a785b9c",
            "ticker": "KXHIGHNY-24NOV16-B57.5",
            "count": 800,
            "created_time": "2024-11-16T15:05:15.484603Z",
            "yes_price": 1,
            "no_price": 99,
            "taker_side": "no"
        },
        {
            "trade_id": "f90f9add-3358-4aff-92ab-16e28ea7a684",
            "ticker": "KXHIGHNY-24NOV16-B57.5",
            "count": 100,
            "created_time": "2024-11-16T15:04:22.61313Z",
            "yes_price": 1,
            "no_price": 99,
            "taker_side": "no"
        },
        {
            "trade_id": "455b6fde-cd24-4e14-9bad-be6a0812e8c6",
            "ticker": "KXHIGHNY-24NOV16-B57.5",
            "count": 12,
            "created_time": "2024-11-16T14:45:15.692652Z",
            "yes_price": 4,
            "no_price": 96,
            "taker_side": "yes"
        },
        {
            "trade_id": "20def29d-44af-4e07-841e-f79bf5d6b0d1",
            "ticker": "KXHIGHNY-24NOV16-B57.5",
            "count": 46,
            "created_time": "2024-11-16T14:45:15.692652Z",
            "yes_price": 5,
            "no_price": 95,
            "taker_side": "yes"
        },
        {
            "trade_id": "3329e5f7-941f-48e9-9439-1be9d116f709",
            "ticker": "KXHIGHNY-24NOV16-B57.5",
            "count": 2,
            "created_time": "2024-11-16T14:43:01.6563Z",
            "yes_price": 4,
            "no_price": 96,
            "taker_side": "yes"
        },
        {
            "trade_id": "3bfde444-9116-4877-8133-7523de26cf0a",
            "ticker": "KXHIGHNY-24NOV16-B57.5",
            "count": 3,
            "created_time": "2024-11-16T14:42:54.929237Z",
            "yes_price": 4,
            "no_price": 96,
            "taker_side": "yes"
        },
        {
            "trade_id": "6005d5fd-9381-4d94-8ddb-1ba901b12c7d",
            "ticker": "KXHIGHNY-24NOV16-B57.5",
            "count": 33,
            "created_time": "2024-11-16T14:38:47.17726Z",
            "yes_price": 4,
            "no_price": 96,
            "taker_side": "yes"
        },
        {
            "trade_id": "f5e78bc7-6496-4f44-9b63-9ef936d89fa7",
            "ticker": "KXHIGHNY-24NOV16-B57.5",
            "count": 18,
            "created_time": "2024-11-16T14:34:24.231018Z",
            "yes_price": 5,
            "no_price": 95,
            "taker_side": "yes"
        },
        {
            "trade_id": "f3d24ac0-294e-4dc6-8429-babbafddaef0",
            "ticker": "KXHIGHNY-24NOV16-B57.5",
            "count": 12,
            "created_time": "2024-11-16T14:34:18.122241Z",
            "yes_price": 5,
            "no_price": 95,
            "taker_side": "yes"
        },
        {
            "trade_id": "2d72aaf2-25c3-4ddb-b0d3-1703b61aa1e1",
            "ticker": "KXHIGHNY-24NOV16-B57.5",
            "count": 6,
            "created_time": "2024-11-16T14:34:18.122241Z",
            "yes_price": 4,
            "no_price": 96,
            "taker_side": "yes"
        },
        {
            "trade_id": "e967d78e-3a0a-443b-87fa-1dadae868210",
            "ticker": "KXHIGHNY-24NOV16-B57.5",
            "count": 6,
            "created_time": "2024-11-16T14:34:13.138403Z",
            "yes_price": 2,
            "no_price": 98,
            "taker_side": "no"
        },
        {
            "trade_id": "a28efb6f-53d6-4a0f-a16c-cb41582dd13f",
            "ticker": "KXHIGHNY-24NOV16-B57.5",
            "count": 12,
            "created_time": "2024-11-16T14:34:11.716823Z",
            "yes_price": 4,
            "no_price": 96,
            "taker_side": "yes"
        },
        {
            "trade_id": "677f779a-b997-47c5-a18a-c895efed5153",
            "ticker": "KXHIGHNY-24NOV16-B57.5",
            "count": 12,
            "created_time": "2024-11-16T14:33:43.651537Z",
            "yes_price": 5,
            "no_price": 95,
            "taker_side": "yes"
        },
        {
            "trade_id": "67ece09b-c8be-45dd-af08-8d3dcfea1867",
            "ticker": "KXHIGHNY-24NOV16-B57.5",
            "count": 9,
            "created_time": "2024-11-16T14:32:54.463739Z",
            "yes_price": 2,
            "no_price": 98,
            "taker_side": "no"
        },
        {
            "trade_id": "1502a202-4a08-4d10-b808-6cab89902716",
            "ticker": "KXHIGHNY-24NOV16-B57.5",
            "count": 1,
            "created_time": "2024-11-16T14:31:59.247539Z",
            "yes_price": 5,
            "no_price": 95,
            "taker_side": "yes"
        },
        {
            "trade_id": "b8056550-75a4-427f-8de6-57d789808e17",
            "ticker": "KXHIGHNY-24NOV16-B57.5",
            "count": 12,
            "created_time": "2024-11-16T14:31:48.526233Z",
            "yes_price": 5,
            "no_price": 95,
            "taker_side": "yes"
        },
        {
            "trade_id": "4989a148-f93a-4325-9e7b-c258fc0631c6",
            "ticker": "KXHIGHNY-24NOV16-B57.5",
            "count": 12,
            "created_time": "2024-11-16T14:31:42.485142Z",
            "yes_price": 5,
            "no_price": 95,
            "taker_side": "yes"
        },
        {
            "trade_id": "0ac31522-1606-4056-9918-b28af9cd6734",
            "ticker": "KXHIGHNY-24NOV16-B57.5",
            "count": 3,
            "created_time": "2024-11-16T14:31:25.351636Z",
            "yes_price": 5,
            "no_price": 95,
            "taker_side": "yes"
        },
        {
            "trade_id": "ae1b737e-1cc4-480e-9c05-b1b90d2d94f3",
            "ticker": "KXHIGHNY-24NOV16-B57.5",
            "count": 10,
            "created_time": "2024-11-16T14:30:45.052675Z",
            "yes_price": 6,
            "no_price": 94,
            "taker_side": "yes"
        },
        {
            "trade_id": "4759c099-f619-46e5-be3b-666a6ab719a3",
            "ticker": "KXHIGHNY-24NOV16-B57.5",
            "count": 2,
            "created_time": "2024-11-16T14:30:45.052675Z",
            "yes_price": 5,
            "no_price": 95,
            "taker_side": "yes"
        },
        {
            "trade_id": "a56bb257-e275-42c2-94cb-5a84a09a376d",
            "ticker": "KXHIGHNY-24NOV16-B57.5",
            "count": 12,
            "created_time": "2024-11-16T14:30:38.476558Z",
            "yes_price": 5,
            "no_price": 95,
            "taker_side": "yes"
        },
        {
            "trade_id": "6748c7df-ad37-480c-96b3-a7eecca79762",
            "ticker": "KXHIGHNY-24NOV16-B57.5",
            "count": 30,
            "created_time": "2024-11-16T14:30:26.53689Z",
            "yes_price": 2,
            "no_price": 98,
            "taker_side": "no"
        },
        {
            "trade_id": "d75a1eaa-dcb1-4bfd-8c0d-d12f8f244568",
            "ticker": "KXHIGHNY-24NOV16-B57.5",
            "count": 5,
            "created_time": "2024-11-16T14:29:24.870439Z",
            "yes_price": 2,
            "no_price": 98,
            "taker_side": "no"
        },
        {
            "trade_id": "b50839d0-a9b3-4f70-af4e-c69f4893b946",
            "ticker": "KXHIGHNY-24NOV16-B57.5",
            "count": 3,
            "created_time": "2024-11-16T14:29:20.746714Z",
            "yes_price": 6,
            "no_price": 94,
            "taker_side": "yes"
        },
        {
            "trade_id": "209342a6-eeef-4e73-bd73-b4759485597e",
            "ticker": "KXHIGHNY-24NOV16-B57.5",
            "count": 3,
            "created_time": "2024-11-16T14:29:12.560612Z",
            "yes_price": 5,
            "no_price": 95,
            "taker_side": "yes"
        },
        {
            "trade_id": "332f7d71-34dc-4b24-89c1-f3fb56386e27",
            "ticker": "KXHIGHNY-24NOV16-B57.5",
            "count": 85,
            "created_time": "2024-11-16T14:28:52.011175Z",
            "yes_price": 5,
            "no_price": 95,
            "taker_side": "no"
        },
        {
            "trade_id": "5371aa9d-ba7a-414c-ab40-8b6b05d87296",
            "ticker": "KXHIGHNY-24NOV16-B57.5",
            "count": 13,
            "created_time": "2024-11-16T14:28:51.077038Z",
            "yes_price": 5,
            "no_price": 95,
            "taker_side": "no"
        },
        {
            "trade_id": "7ebfe2ea-16d1-4c66-9951-09fb46d4c148",
            "ticker": "KXHIGHNY-24NOV16-B57.5",
            "count": 107,
            "created_time": "2024-11-16T14:27:50.711495Z",
            "yes_price": 5,
            "no_price": 95,
            "taker_side": "yes"
        },
        {
            "trade_id": "424964c6-042e-45ca-aa82-bb470cc7f7b7",
            "ticker": "KXHIGHNY-24NOV16-B57.5",
            "count": 100,
            "created_time": "2024-11-16T14:27:50.711495Z",
            "yes_price": 5,
            "no_price": 95,
            "taker_side": "yes"
        },
        {
            "trade_id": "7d116803-64a3-403c-998b-9d6a542f5e9e",
            "ticker": "KXHIGHNY-24NOV16-B57.5",
            "count": 36,
            "created_time": "2024-11-16T14:27:48.28269Z",
            "yes_price": 5,
            "no_price": 95,
            "taker_side": "yes"
        },
        {
            "trade_id": "a1bcc363-5219-489f-91ad-efdfff6f1473",
            "ticker": "KXHIGHNY-24NOV16-B57.5",
            "count": 36,
            "created_time": "2024-11-16T14:27:40.000978Z",
            "yes_price": 5,
            "no_price": 95,
            "taker_side": "yes"
        },
        {
            "trade_id": "b128a02c-bc5b-4c52-8c57-a7cd610dbf17",
            "ticker": "KXHIGHNY-24NOV16-B57.5",
            "count": 36,
            "created_time": "2024-11-16T14:27:33.982165Z",
            "yes_price": 5,
            "no_price": 95,
            "taker_side": "yes"
        },
        {
            "trade_id": "23175b1a-d2ef-4952-8c64-5988594f27b6",
            "ticker": "KXHIGHNY-24NOV16-B57.5",
            "count": 36,
            "created_time": "2024-11-16T14:27:26.069103Z",
            "yes_price": 4,
            "no_price": 96,
            "taker_side": "yes"
        },
        {
            "trade_id": "ca1271da-ef98-4d0c-bef3-c8d7ee3c4dbb",
            "ticker": "KXHIGHNY-24NOV16-B57.5",
            "count": 5,
            "created_time": "2024-11-16T14:18:26.520608Z",
            "yes_price": 2,
            "no_price": 98,
            "taker_side": "no"
        },
        {
            "trade_id": "764d14b7-48e0-465e-af72-8915802d32fa",
            "ticker": "KXHIGHNY-24NOV16-B57.5",
            "count": 100,
            "created_time": "2024-11-16T14:18:22.931278Z",
            "yes_price": 5,
            "no_price": 95,
            "taker_side": "yes"
        },
        {
            "trade_id": "4e0b9dd8-dbf2-4f15-962e-0d1bae7ff95f",
            "ticker": "KXHIGHNY-24NOV16-B57.5",
            "count": 195,
            "created_time": "2024-11-16T14:18:22.931278Z",
            "yes_price": 3,
            "no_price": 97,
            "taker_side": "yes"
        },
        {
            "trade_id": "23da24e6-8751-4795-8195-142a3c12c3df",
            "ticker": "KXHIGHNY-24NOV16-B57.5",
            "count": 295,
            "created_time": "2024-11-16T14:18:22.931278Z",
            "yes_price": 5,
            "no_price": 95,
            "taker_side": "yes"
        },
        {
            "trade_id": "06d55e76-fea8-4b0d-98e4-cb038d868006",
            "ticker": "KXHIGHNY-24NOV16-B57.5",
            "count": 110,
            "created_time": "2024-11-16T14:18:22.931278Z",
            "yes_price": 7,
            "no_price": 93,
            "taker_side": "yes"
        },
        {
            "trade_id": "01c2945a-ea27-4090-975f-15959599a44c",
            "ticker": "KXHIGHNY-24NOV16-B57.5",
            "count": 87,
            "created_time": "2024-11-16T14:18:22.931278Z",
            "yes_price": 7,
            "no_price": 93,
            "taker_side": "yes"
        },
        {
            "trade_id": "0064458a-93da-4e4c-8e4c-68711925add5",
            "ticker": "KXHIGHNY-24NOV16-B57.5",
            "count": 124,
            "created_time": "2024-11-16T14:18:22.931278Z",
            "yes_price": 6,
            "no_price": 94,
            "taker_side": "yes"
        },
        {
            "trade_id": "d06f8dd8-f18b-4c0a-be13-eb2e6dda428e",
            "ticker": "KXHIGHNY-24NOV16-B57.5",
            "count": 100,
            "created_time": "2024-11-16T14:04:35.232066Z",
            "yes_price": 2,
            "no_price": 98,
            "taker_side": "no"
        },
        {
            "trade_id": "f3de70f0-6cfa-46da-ba0b-56b2d96d4072",
            "ticker": "KXHIGHNY-24NOV16-B57.5",
            "count": 100,
            "created_time": "2024-11-16T14:04:35.130399Z",
            "yes_price": 2,
            "no_price": 98,
            "taker_side": "no"
        },
        {
            "trade_id": "c3b33408-dbc9-403c-af9f-0360ea26ae6c",
            "ticker": "KXHIGHNY-24NOV16-B57.5",
            "count": 10,
            "created_time": "2024-11-16T14:04:34.624137Z",
            "yes_price": 2,
            "no_price": 98,
            "taker_side": "no"
        },
        {
            "trade_id": "a11440e0-1527-4fbe-84e5-4d35da5d3d7d",
            "ticker": "KXHIGHNY-24NOV16-B57.5",
            "count": 3,
            "created_time": "2024-11-16T14:04:23.229351Z",
            "yes_price": 6,
            "no_price": 94,
            "taker_side": "yes"
        },
        {
            "trade_id": "0a85c5e2-de65-4eee-a162-dff3ae19c432",
            "ticker": "KXHIGHNY-24NOV16-B57.5",
            "count": 1,
            "created_time": "2024-11-16T14:03:40.265358Z",
            "yes_price": 6,
            "no_price": 94,
            "taker_side": "yes"
        },
        {
            "trade_id": "1d26c21d-151a-4824-a5b9-f6f3469cd242",
            "ticker": "KXHIGHNY-24NOV16-B57.5",
            "count": 1,
            "created_time": "2024-11-16T14:03:34.780095Z",
            "yes_price": 6,
            "no_price": 94,
            "taker_side": "yes"
        },
        {
            "trade_id": "876a326c-af34-4a56-b8af-22a098aa64ab",
            "ticker": "KXHIGHNY-24NOV16-B57.5",
            "count": 3,
            "created_time": "2024-11-16T14:02:04.251027Z",
            "yes_price": 6,
            "no_price": 94,
            "taker_side": "yes"
        },
        {
            "trade_id": "466ee910-0c86-4df4-8691-34e5421df31d",
            "ticker": "KXHIGHNY-24NOV16-B57.5",
            "count": 3,
            "created_time": "2024-11-16T14:01:33.995377Z",
            "yes_price": 6,
            "no_price": 94,
            "taker_side": "yes"
        },
        {
            "trade_id": "a0b9218f-691c-4dce-bba5-48b758421a34",
            "ticker": "KXHIGHNY-24NOV16-B57.5",
            "count": 3,
            "created_time": "2024-11-16T13:59:09.478542Z",
            "yes_price": 6,
            "no_price": 94,
            "taker_side": "yes"
        },
        {
            "trade_id": "1a5acb06-4180-4f94-ad73-5a07a7b35c65",
            "ticker": "KXHIGHNY-24NOV16-B57.5",
            "count": 1,
            "created_time": "2024-11-16T13:59:04.367264Z",
            "yes_price": 6,
            "no_price": 94,
            "taker_side": "yes"
        },
        {
            "trade_id": "a022b7c6-3002-4081-ba0c-03ffaced6555",
            "ticker": "KXHIGHNY-24NOV16-B57.5",
            "count": 14,
            "created_time": "2024-11-16T13:56:42.488939Z",
            "yes_price": 1,
            "no_price": 99,
            "taker_side": "no"
        },
        {
            "trade_id": "414f0a32-f223-4714-98df-14b1b109f806",
            "ticker": "KXHIGHNY-24NOV16-B57.5",
            "count": 34,
            "created_time": "2024-11-16T13:56:40.718174Z",
            "yes_price": 1,
            "no_price": 99,
            "taker_side": "no"
        },
        {
            "trade_id": "2d50aa0c-68fe-4e53-80f8-e7c517ea1842",
            "ticker": "KXHIGHNY-24NOV16-B57.5",
            "count": 46,
            "created_time": "2024-11-16T13:56:40.718174Z",
            "yes_price": 1,
            "no_price": 99,
            "taker_side": "no"
        },
        {
            "trade_id": "5f23b17f-a1c2-4345-a3f7-22e1f826161d",
            "ticker": "KXHIGHNY-24NOV16-B57.5",
            "count": 31,
            "created_time": "2024-11-16T13:56:40.094434Z",
            "yes_price": 1,
            "no_price": 99,
            "taker_side": "no"
        },
        {
            "trade_id": "58db2970-1a59-44b1-8f15-159e0b8d7f9b",
            "ticker": "KXHIGHNY-24NOV16-B57.5",
            "count": 37,
            "created_time": "2024-11-16T13:56:39.483067Z",
            "yes_price": 1,
            "no_price": 99,
            "taker_side": "no"
        },
        {
            "trade_id": "c5a278ad-1d2e-488f-b626-3b4e65d32180",
            "ticker": "KXHIGHNY-24NOV16-B57.5",
            "count": 12,
            "created_time": "2024-11-16T13:56:37.054328Z",
            "yes_price": 1,
            "no_price": 99,
            "taker_side": "no"
        },
        {
            "trade_id": "3804212c-8168-41af-8b9c-36f803818628",
            "ticker": "KXHIGHNY-24NOV16-B57.5",
            "count": 25,
            "created_time": "2024-11-16T13:56:12.107587Z",
            "yes_price": 1,
            "no_price": 99,
            "taker_side": "no"
        },
        {
            "trade_id": "49ad7cbe-7392-4a88-856a-08275e5745ae",
            "ticker": "KXHIGHNY-24NOV16-B57.5",
            "count": 1,
            "created_time": "2024-11-16T13:54:05.519508Z",
            "yes_price": 7,
            "no_price": 93,
            "taker_side": "yes"
        },
        {
            "trade_id": "6ad8584a-0170-430d-bb00-27120163d5f8",
            "ticker": "KXHIGHNY-24NOV16-B57.5",
            "count": 40,
            "created_time": "2024-11-16T13:53:17.085432Z",
            "yes_price": 7,
            "no_price": 93,
            "taker_side": "yes"
        },
        {
            "trade_id": "b9795aca-f8fa-4694-a307-926c171c7e11",
            "ticker": "KXHIGHNY-24NOV16-B57.5",
            "count": 59,
            "created_time": "2024-11-16T13:51:07.310107Z",
            "yes_price": 7,
            "no_price": 93,
            "taker_side": "yes"
        },
        {
            "trade_id": "13e21758-6894-40ee-9953-421cc857e5e7",
            "ticker": "KXHIGHNY-24NOV16-B57.5",
            "count": 25,
            "created_time": "2024-11-16T13:51:07.310107Z",
            "yes_price": 6,
            "no_price": 94,
            "taker_side": "yes"
        },
        {
            "trade_id": "03823224-b21b-44df-9391-91fa46537eee",
            "ticker": "KXHIGHNY-24NOV16-B57.5",
            "count": 13,
            "created_time": "2024-11-16T13:50:52.349373Z",
            "yes_price": 7,
            "no_price": 93,
            "taker_side": "yes"
        },
        {
            "trade_id": "fed9218f-490e-4efd-8302-ad4f1b14762f",
            "ticker": "KXHIGHNY-24NOV16-B57.5",
            "count": 44,
            "created_time": "2024-11-16T13:50:27.212864Z",
            "yes_price": 2,
            "no_price": 98,
            "taker_side": "yes"
        },
        {
            "trade_id": "828880d1-c481-48e3-9e8c-e1cad0565a48",
            "ticker": "KXHIGHNY-24NOV16-B57.5",
            "count": 5,
            "created_time": "2024-11-16T13:49:17.500133Z",
            "yes_price": 1,
            "no_price": 99,
            "taker_side": "no"
        },
        {
            "trade_id": "a5107eb3-b310-4b94-bad8-b74d4e9b271d",
            "ticker": "KXHIGHNY-24NOV16-B57.5",
            "count": 5,
            "created_time": "2024-11-16T13:49:17.498126Z",
            "yes_price": 1,
            "no_price": 99,
            "taker_side": "no"
        },
        {
            "trade_id": "caa247a1-752d-41be-90f5-0c69d3fda45c",
            "ticker": "KXHIGHNY-24NOV16-B57.5",
            "count": 4,
            "created_time": "2024-11-16T13:48:34.680512Z",
            "yes_price": 1,
            "no_price": 99,
            "taker_side": "no"
        },
        {
            "trade_id": "7c0acb51-c91d-44b8-9c8e-3245ea263cf2",
            "ticker": "KXHIGHNY-24NOV16-B57.5",
            "count": 11,
            "created_time": "2024-11-16T13:47:48.228292Z",
            "yes_price": 1,
            "no_price": 99,
            "taker_side": "no"
        },
        {
            "trade_id": "9372dd2d-8094-4bb9-b09a-08d76f456397",
            "ticker": "KXHIGHNY-24NOV16-B57.5",
            "count": 3,
            "created_time": "2024-11-16T13:44:05.857823Z",
            "yes_price": 2,
            "no_price": 98,
            "taker_side": "yes"
        },
        {
            "trade_id": "d71373c8-9199-4598-9467-4227ca186bb7",
            "ticker": "KXHIGHNY-24NOV16-B57.5",
            "count": 300,
            "created_time": "2024-11-16T13:42:56.189937Z",
            "yes_price": 2,
            "no_price": 98,
            "taker_side": "yes"
        },
        {
            "trade_id": "490fc301-a5dd-4deb-9021-cfcab4ee7744",
            "ticker": "KXHIGHNY-24NOV16-B57.5",
            "count": 3,
            "created_time": "2024-11-16T13:42:29.656253Z",
            "yes_price": 2,
            "no_price": 98,
            "taker_side": "yes"
        },
        {
            "trade_id": "26a2b0c0-5a75-48de-bf2e-acd46083a078",
            "ticker": "KXHIGHNY-24NOV16-B57.5",
            "count": 90,
            "created_time": "2024-11-16T13:42:29.656253Z",
            "yes_price": 2,
            "no_price": 98,
            "taker_side": "yes"
        },
        {
            "trade_id": "ed857eda-532e-45ff-884a-55de85bf9d1d",
            "ticker": "KXHIGHNY-24NOV16-B57.5",
            "count": 46,
            "created_time": "2024-11-16T13:37:14.278198Z",
            "yes_price": 2,
            "no_price": 98,
            "taker_side": "yes"
        },
        {
            "trade_id": "f261021a-8c61-4321-91ea-56d7672e71de",
            "ticker": "KXHIGHNY-24NOV16-B57.5",
            "count": 10,
            "created_time": "2024-11-16T13:36:25.464589Z",
            "yes_price": 1,
            "no_price": 99,
            "taker_side": "no"
        },
        {
            "trade_id": "5bfcac7c-2f5f-45a1-9c81-4e5b286aa7a9",
            "ticker": "KXHIGHNY-24NOV16-B57.5",
            "count": 10,
            "created_time": "2024-11-16T13:36:23.963321Z",
            "yes_price": 1,
            "no_price": 99,
            "taker_side": "no"
        },
        {
            "trade_id": "5b57f233-363c-4d88-a27c-b51ee4676fc8",
            "ticker": "KXHIGHNY-24NOV16-B57.5",
            "count": 10,
            "created_time": "2024-11-16T13:36:23.917442Z",
            "yes_price": 1,
            "no_price": 99,
            "taker_side": "no"
        },
        {
            "trade_id": "139c4d7a-c9a4-4853-b1f1-3f199f1dc348",
            "ticker": "KXHIGHNY-24NOV16-B57.5",
            "count": 20,
            "created_time": "2024-11-16T13:29:20.324167Z",
            "yes_price": 1,
            "no_price": 99,
            "taker_side": "no"
        },
        {
            "trade_id": "52433f48-067e-4faa-a3b6-7c75c499fa60",
            "ticker": "KXHIGHNY-24NOV16-B57.5",
            "count": 36,
            "created_time": "2024-11-16T13:28:02.744555Z",
            "yes_price": 1,
            "no_price": 99,
            "taker_side": "no"
        },
        {
            "trade_id": "9ff93a07-a848-41af-97a7-39d74af85dd5",
            "ticker": "KXHIGHNY-24NOV16-B57.5",
            "count": 200,
            "created_time": "2024-11-16T13:18:11.584235Z",
            "yes_price": 7,
            "no_price": 93,
            "taker_side": "yes"
        },
        {
            "trade_id": "64c1b9d1-60d3-4903-a7a8-7624adf203d8",
            "ticker": "KXHIGHNY-24NOV16-B57.5",
            "count": 1,
            "created_time": "2024-11-16T13:18:11.584235Z",
            "yes_price": 3,
            "no_price": 97,
            "taker_side": "yes"
        },
        {
            "trade_id": "8a1187e3-9fa2-4a58-8adb-8f1edd5f3a60",
            "ticker": "KXHIGHNY-24NOV16-B57.5",
            "count": 36,
            "created_time": "2024-11-16T13:14:45.372166Z",
            "yes_price": 13,
            "no_price": 87,
            "taker_side": "yes"
        },
        {
            "trade_id": "e71306d6-24cf-49df-9374-a037114c7de5",
            "ticker": "KXHIGHNY-24NOV16-B57.5",
            "count": 1,
            "created_time": "2024-11-16T13:13:52.724767Z",
            "yes_price": 5,
            "no_price": 95,
            "taker_side": "yes"
        },
        {
            "trade_id": "b5014e73-9432-48df-8e38-974f1512b329",
            "ticker": "KXHIGHNY-24NOV16-B57.5",
            "count": 399,
            "created_time": "2024-11-16T13:13:52.724767Z",
            "yes_price": 11,
            "no_price": 89,
            "taker_side": "yes"
        },
        {
            "trade_id": "6821805b-152f-4ee4-90fa-c9a44240ba60",
            "ticker": "KXHIGHNY-24NOV16-B57.5",
            "count": 500,
            "created_time": "2024-11-16T13:13:52.724767Z",
            "yes_price": 9,
            "no_price": 91,
            "taker_side": "yes"
        },
        {
            "trade_id": "096f68d9-cd42-4f6b-b0eb-f399430c99a4",
            "ticker": "KXHIGHNY-24NOV16-B57.5",
            "count": 100,
            "created_time": "2024-11-16T13:13:52.724767Z",
            "yes_price": 10,
            "no_price": 90,
            "taker_side": "yes"
        },
        {
            "trade_id": "c6f318e9-51bb-40a3-ac5a-1267c735aa28",
            "ticker": "KXHIGHNY-24NOV16-B57.5",
            "count": 20,
            "created_time": "2024-11-16T13:08:50.276606Z",
            "yes_price": 2,
            "no_price": 98,
            "taker_side": "no"
        },
        {
            "trade_id": "9278cc82-2b85-4a50-8043-6d97cdcdc7df",
            "ticker": "KXHIGHNY-24NOV16-B57.5",
            "count": 181,
            "created_time": "2024-11-16T13:08:34.355772Z",
            "yes_price": 2,
            "no_price": 98,
            "taker_side": "no"
        },
        {
            "trade_id": "608e4476-3b67-4c82-ad0b-113a164fc6dc",
            "ticker": "KXHIGHNY-24NOV16-B57.5",
            "count": 19,
            "created_time": "2024-11-16T13:08:33.435532Z",
            "yes_price": 2,
            "no_price": 98,
            "taker_side": "no"
        },
        {
            "trade_id": "633127bb-71b2-4bf7-981c-7ce0983947d1",
            "ticker": "KXHIGHNY-24NOV16-B57.5",
            "count": 100,
            "created_time": "2024-11-16T13:08:30.771139Z",
            "yes_price": 2,
            "no_price": 98,
            "taker_side": "no"
        },
        {
            "trade_id": "9a8955c2-d737-4b75-bd96-b325fd43110a",
            "ticker": "KXHIGHNY-24NOV16-B57.5",
            "count": 31,
            "created_time": "2024-11-16T13:08:30.052345Z",
            "yes_price": 2,
            "no_price": 98,
            "taker_side": "no"
        },
        {
            "trade_id": "2530d516-b493-4165-8f4c-42f3bebc01b2",
            "ticker": "KXHIGHNY-24NOV16-B57.5",
            "count": 69,
            "created_time": "2024-11-16T13:08:29.387739Z",
            "yes_price": 2,
            "no_price": 98,
            "taker_side": "no"
        },
        {
            "trade_id": "cd19e979-992e-4a79-8578-dcdc73597838",
            "ticker": "KXHIGHNY-24NOV16-B57.5",
            "count": 200,
            "created_time": "2024-11-16T13:08:28.778755Z",
            "yes_price": 2,
            "no_price": 98,
            "taker_side": "no"
        },
        {
            "trade_id": "275d0a2c-c579-4c56-83fd-8c2370e6e883",
            "ticker": "KXHIGHNY-24NOV16-B57.5",
            "count": 8,
            "created_time": "2024-11-16T13:08:27.90424Z",
            "yes_price": 2,
            "no_price": 98,
            "taker_side": "no"
        },
        {
            "trade_id": "d4359db6-3682-4660-bcb2-2536e27c76c1",
            "ticker": "KXHIGHNY-24NOV16-B57.5",
            "count": 75,
            "created_time": "2024-11-16T13:08:27.294533Z",
            "yes_price": 2,
            "no_price": 98,
            "taker_side": "no"
        },
        {
            "trade_id": "0eaa81e6-f4e5-4894-b0b8-153fa19ed0f3",
            "ticker": "KXHIGHNY-24NOV16-B57.5",
            "count": 17,
            "created_time": "2024-11-16T13:08:27.294533Z",
            "yes_price": 2,
            "no_price": 98,
            "taker_side": "no"
        },
        {
            "trade_id": "d2cbb459-5f28-4611-8f20-85dabde6c4b3",
            "ticker": "KXHIGHNY-24NOV16-B57.5",
            "count": 85,
            "created_time": "2024-11-16T13:01:50.412657Z",
            "yes_price": 11,
            "no_price": 89,
            "taker_side": "yes"
        },
        {
            "trade_id": "eac33021-dfc1-4f09-b2dd-fc2675d1e614",
            "ticker": "KXHIGHNY-24NOV16-B57.5",
            "count": 375,
            "created_time": "2024-11-16T04:50:59.443981Z",
            "yes_price": 5,
            "no_price": 95,
            "taker_side": "yes"
        },
        {
            "trade_id": "64c83a7d-16b8-4ed1-bbb6-9c265834aecf",
            "ticker": "KXHIGHNY-24NOV16-B57.5",
            "count": 1,
            "created_time": "2024-11-16T04:46:44.550845Z",
            "yes_price": 1,
            "no_price": 99,
            "taker_side": "no"
        },
        {
            "trade_id": "79444afe-16af-4c87-af31-b619cfb7d0a2",
            "ticker": "KXHIGHNY-24NOV16-B57.5",
            "count": 1,
            "created_time": "2024-11-16T04:46:29.982133Z",
            "yes_price": 5,
            "no_price": 95,
            "taker_side": "yes"
        },
        {
            "trade_id": "b431f825-f319-427b-99dc-777aeee862c3",
            "ticker": "KXHIGHNY-24NOV16-B57.5",
            "count": 60,
            "created_time": "2024-11-16T04:44:29.511308Z",
            "yes_price": 10,
            "no_price": 90,
            "taker_side": "yes"
        },
        {
            "trade_id": "b00f736e-2793-4a87-970e-63152a117312",
            "ticker": "KXHIGHNY-24NOV16-B57.5",
            "count": 100,
            "created_time": "2024-11-16T04:44:29.511308Z",
            "yes_price": 7,
            "no_price": 93,
            "taker_side": "yes"
        },
        {
            "trade_id": "7582ae7c-c094-4e98-a5a8-34a3f43f14cb",
            "ticker": "KXHIGHNY-24NOV16-B57.5",
            "count": 40,
            "created_time": "2024-11-16T04:44:29.511308Z",
            "yes_price": 8,
            "no_price": 92,
            "taker_side": "yes"
        },
        {
            "trade_id": "5037cf6d-d32c-4356-922b-212f3bf503b9",
            "ticker": "KXHIGHNY-24NOV16-B57.5",
            "count": 307,
            "created_time": "2024-11-16T04:44:29.511308Z",
            "yes_price": 11,
            "no_price": 89,
            "taker_side": "yes"
        },
        {
            "trade_id": "2c55d591-aa2d-4357-9faf-f8e19498987c",
            "ticker": "KXHIGHNY-24NOV16-B57.5",
            "count": 80,
            "created_time": "2024-11-16T04:44:29.511308Z",
            "yes_price": 8,
            "no_price": 92,
            "taker_side": "yes"
        },
        {
            "trade_id": "272c0d85-6b67-4f7e-896f-0b41f10ce518",
            "ticker": "KXHIGHNY-24NOV16-B57.5",
            "count": 120,
            "created_time": "2024-11-16T04:44:29.511308Z",
            "yes_price": 8,
            "no_price": 92,
            "taker_side": "yes"
        },
        {
            "trade_id": "046ce614-3a64-4e77-8002-1ece39eeec6c",
            "ticker": "KXHIGHNY-24NOV16-B57.5",
            "count": 159,
            "created_time": "2024-11-16T04:44:29.511308Z",
            "yes_price": 4,
            "no_price": 96,
            "taker_side": "yes"
        },
        {
            "trade_id": "026328e1-838a-4c4f-9276-065227b6a348",
            "ticker": "KXHIGHNY-24NOV16-B57.5",
            "count": 240,
            "created_time": "2024-11-16T04:44:29.511308Z",
            "yes_price": 9,
            "no_price": 91,
            "taker_side": "yes"
        },
        {
            "trade_id": "2ea960ba-e0f3-4e40-b1f1-3ef8d1b188ba",
            "ticker": "KXHIGHNY-24NOV16-B57.5",
            "count": 132,
            "created_time": "2024-11-16T04:44:08.382849Z",
            "yes_price": 1,
            "no_price": 99,
            "taker_side": "no"
        },
        {
            "trade_id": "f0b2880d-4c8f-4f0e-80eb-afd1a23cfe9a",
            "ticker": "KXHIGHNY-24NOV16-B57.5",
            "count": 200,
            "created_time": "2024-11-16T04:43:21.405044Z",
            "yes_price": 1,
            "no_price": 99,
            "taker_side": "no"
        },
        {
            "trade_id": "bcd7e487-f60b-4083-93ff-b1e7a6679d2a",
            "ticker": "KXHIGHNY-24NOV16-B57.5",
            "count": 93,
            "created_time": "2024-11-16T04:43:19.08491Z",
            "yes_price": 1,
            "no_price": 99,
            "taker_side": "no"
        },
        {
            "trade_id": "1711c0e8-7fe3-490f-ae5b-250efd49d021",
            "ticker": "KXHIGHNY-24NOV16-B57.5",
            "count": 5,
            "created_time": "2024-11-16T04:40:38.969134Z",
            "yes_price": 1,
            "no_price": 99,
            "taker_side": "no"
        },
        {
            "trade_id": "9630a266-6b69-4c2f-88eb-855f548d5730",
            "ticker": "KXHIGHNY-24NOV16-B57.5",
            "count": 52,
            "created_time": "2024-11-16T03:41:51.754117Z",
            "yes_price": 1,
            "no_price": 99,
            "taker_side": "no"
        },
        {
            "trade_id": "b65fc8e4-0d2e-463e-8fda-d792cee76377",
            "ticker": "KXHIGHNY-24NOV16-B57.5",
            "count": 1,
            "created_time": "2024-11-16T03:37:37.266076Z",
            "yes_price": 1,
            "no_price": 99,
            "taker_side": "no"
        },
        {
            "trade_id": "f0c56862-47ee-4b0d-a2e2-e637c090a2e1",
            "ticker": "KXHIGHNY-24NOV16-B57.5",
            "count": 14,
            "created_time": "2024-11-16T03:34:12.932055Z",
            "yes_price": 1,
            "no_price": 99,
            "taker_side": "no"
        },
        {
            "trade_id": "fde8b12b-c063-48ef-a009-dad9fd419b8e",
            "ticker": "KXHIGHNY-24NOV16-B57.5",
            "count": 13,
            "created_time": "2024-11-16T03:10:16.137203Z",
            "yes_price": 6,
            "no_price": 94,
            "taker_side": "yes"
        },
        {
            "trade_id": "c696794d-d9cc-41c0-aba9-c9a6e8cadfe4",
            "ticker": "KXHIGHNY-24NOV16-B57.5",
            "count": 50,
            "created_time": "2024-11-16T03:10:16.137203Z",
            "yes_price": 5,
            "no_price": 95,
            "taker_side": "yes"
        },
        {
            "trade_id": "8a9a924f-1be1-440a-9e65-0f286e47a483",
            "ticker": "KXHIGHNY-24NOV16-B57.5",
            "count": 32,
            "created_time": "2024-11-16T02:13:23.609914Z",
            "yes_price": 1,
            "no_price": 99,
            "taker_side": "no"
        },
        {
            "trade_id": "be38a1eb-dbeb-4ef7-aa49-1130a1e7468d",
            "ticker": "KXHIGHNY-24NOV16-B57.5",
            "count": 38,
            "created_time": "2024-11-16T02:12:58.247428Z",
            "yes_price": 1,
            "no_price": 99,
            "taker_side": "no"
        },
        {
            "trade_id": "dc7459c5-306b-4a3c-862e-2daa5b26704a",
            "ticker": "KXHIGHNY-24NOV16-B57.5",
            "count": 2,
            "created_time": "2024-11-16T01:29:29.028994Z",
            "yes_price": 1,
            "no_price": 99,
            "taker_side": "no"
        },
        {
            "trade_id": "16fdf2a8-41ce-4571-82d2-2b26b916024b",
            "ticker": "KXHIGHNY-24NOV16-B57.5",
            "count": 18,
            "created_time": "2024-11-16T01:20:30.995865Z",
            "yes_price": 1,
            "no_price": 99,
            "taker_side": "no"
        },
        {
            "trade_id": "725ab5e1-f15b-479f-8613-6dd72fe894d9",
            "ticker": "KXHIGHNY-24NOV16-B57.5",
            "count": 12,
            "created_time": "2024-11-16T01:19:13.131164Z",
            "yes_price": 1,
            "no_price": 99,
            "taker_side": "no"
        },
        {
            "trade_id": "9dc45d75-ad76-447b-bee5-413395dd4e35",
            "ticker": "KXHIGHNY-24NOV16-B57.5",
            "count": 50,
            "created_time": "2024-11-15T23:17:36.461143Z",
            "yes_price": 9,
            "no_price": 91,
            "taker_side": "yes"
        },
        {
            "trade_id": "18e0a118-b1b4-443b-b09c-3d03f8b76b5a",
            "ticker": "KXHIGHNY-24NOV16-B57.5",
            "count": 96,
            "created_time": "2024-11-15T23:17:24.261632Z",
            "yes_price": 9,
            "no_price": 91,
            "taker_side": "yes"
        },
        {
            "trade_id": "0c95a424-0016-4b6b-b83b-191e16181eb2",
            "ticker": "KXHIGHNY-24NOV16-B57.5",
            "count": 4,
            "created_time": "2024-11-15T23:17:24.261632Z",
            "yes_price": 9,
            "no_price": 91,
            "taker_side": "yes"
        },
        {
            "trade_id": "8fc09805-cefe-4492-a4cb-83f32faa5288",
            "ticker": "KXHIGHNY-24NOV16-B57.5",
            "count": 4,
            "created_time": "2024-11-15T23:03:53.229019Z",
            "yes_price": 9,
            "no_price": 91,
            "taker_side": "yes"
        },
        {
            "trade_id": "5ceb0555-d451-41f4-877a-49003b4c24af",
            "ticker": "KXHIGHNY-24NOV16-B57.5",
            "count": 1,
            "created_time": "2024-11-15T23:03:53.229019Z",
            "yes_price": 9,
            "no_price": 91,
            "taker_side": "yes"
        },
        {
            "trade_id": "cbbddea0-40e9-408c-bda1-745163f3d67e",
            "ticker": "KXHIGHNY-24NOV16-B57.5",
            "count": 49,
            "created_time": "2024-11-15T22:32:44.072473Z",
            "yes_price": 9,
            "no_price": 91,
            "taker_side": "yes"
        },
        {
            "trade_id": "670f97ac-cd53-49d4-9d67-f198732c143d",
            "ticker": "KXHIGHNY-24NOV16-B57.5",
            "count": 96,
            "created_time": "2024-11-15T22:11:34.067519Z",
            "yes_price": 2,
            "no_price": 98,
            "taker_side": "no"
        },
        {
            "trade_id": "0234972e-9496-4b63-80c6-f3279bf0c3a2",
            "ticker": "KXHIGHNY-24NOV16-B57.5",
            "count": 4,
            "created_time": "2024-11-15T21:36:10.961008Z",
            "yes_price": 9,
            "no_price": 91,
            "taker_side": "no"
        },
        {
            "trade_id": "44378714-1332-4ac1-ba6c-10b5e150370f",
            "ticker": "KXHIGHNY-24NOV16-B57.5",
            "count": 100,
            "created_time": "2024-11-15T21:28:30.863884Z",
            "yes_price": 6,
            "no_price": 94,
            "taker_side": "yes"
        },
        {
            "trade_id": "12e48bcf-f2ef-4cac-bcbc-475004d93d65",
            "ticker": "KXHIGHNY-24NOV16-B57.5",
            "count": 7,
            "created_time": "2024-11-15T20:42:32.323422Z",
            "yes_price": 2,
            "no_price": 98,
            "taker_side": "no"
        },
        {
            "trade_id": "37dd0cfa-d5e0-4dd5-ad0c-55bfdb1c26f3",
            "ticker": "KXHIGHNY-24NOV16-B57.5",
            "count": 7,
            "created_time": "2024-11-15T20:42:32.023507Z",
            "yes_price": 2,
            "no_price": 98,
            "taker_side": "no"
        },
        {
            "trade_id": "f186e2a9-88d3-4c53-ad0a-8842750a36d2",
            "ticker": "KXHIGHNY-24NOV16-B57.5",
            "count": 93,
            "created_time": "2024-11-15T19:15:16.541709Z",
            "yes_price": 5,
            "no_price": 95,
            "taker_side": "yes"
        },
        {
            "trade_id": "57518a1e-3fe7-4dd9-9714-4a8bf2b53033",
            "ticker": "KXHIGHNY-24NOV16-B57.5",
            "count": 1,
            "created_time": "2024-11-15T17:30:18.33644Z",
            "yes_price": 7,
            "no_price": 93,
            "taker_side": "yes"
        },
        {
            "trade_id": "96319714-868b-4cf5-a07d-f6b44b521dd7",
            "ticker": "KXHIGHNY-24NOV16-B57.5",
            "count": 50,
            "created_time": "2024-11-15T15:55:44.660188Z",
            "yes_price": 1,
            "no_price": 99,
            "taker_side": "no"
        }
    ],
    "KXHIGHNY-24NOV16-B59.5": [
        {
            "trade_id": "652f2dde-208d-458d-9c58-c7a34584eb69",
            "ticker": "KXHIGHNY-24NOV16-B59.5",
            "count": 93,
            "created_time": "2024-11-17T01:56:08.988716Z",
            "yes_price": 1,
            "no_price": 99,
            "taker_side": "yes"
        },
        {
            "trade_id": "a7e82fdc-70ce-4f8b-b144-bec2b7621c55",
            "ticker": "KXHIGHNY-24NOV16-B59.5",
            "count": 93,
            "created_time": "2024-11-17T00:37:06.181033Z",
            "yes_price": 1,
            "no_price": 99,
            "taker_side": "yes"
        },
        {
            "trade_id": "a5856b36-7123-46a1-a334-da39decd1fcd",
            "ticker": "KXHIGHNY-24NOV16-B59.5",
            "count": 150,
            "created_time": "2024-11-16T23:29:17.705649Z",
            "yes_price": 1,
            "no_price": 99,
            "taker_side": "yes"
        },
        {
            "trade_id": "7fec663a-b74c-4191-bbf6-5b6babf5444f",
            "ticker": "KXHIGHNY-24NOV16-B59.5",
            "count": 187,
            "created_time": "2024-11-16T22:48:16.160095Z",
            "yes_price": 1,
            "no_price": 99,
            "taker_side": "yes"
        },
        {
            "trade_id": "8264ebaf-e509-4f3a-8f9a-56b2b3c84cc9",
            "ticker": "KXHIGHNY-24NOV16-B59.5",
            "count": 1,
            "created_time": "2024-11-16T21:39:23.624524Z",
            "yes_price": 1,
            "no_price": 99,
            "taker_side": "yes"
        },
        {
            "trade_id": "10394e1c-53c7-4676-a72c-388545be8989",
            "ticker": "KXHIGHNY-24NOV16-B59.5",
            "count": 50,
            "created_time": "2024-11-16T20:01:24.032068Z",
            "yes_price": 1,
            "no_price": 99,
            "taker_side": "yes"
        },
        {
            "trade_id": "ffbc5271-2caa-4793-b493-d65811bcf0ca",
            "ticker": "KXHIGHNY-24NOV16-B59.5",
            "count": 61,
            "created_time": "2024-11-16T19:17:31.672122Z",
            "yes_price": 1,
            "no_price": 99,
            "taker_side": "yes"
        },
        {
            "trade_id": "8d2a27d4-5f62-431d-a615-eba9233385b7",
            "ticker": "KXHIGHNY-24NOV16-B59.5",
            "count": 280,
            "created_time": "2024-11-16T19:14:34.428525Z",
            "yes_price": 1,
            "no_price": 99,
            "taker_side": "yes"
        },
        {
            "trade_id": "6d76ade8-9326-467e-9397-b1a0fcfa0918",
            "ticker": "KXHIGHNY-24NOV16-B59.5",
            "count": 351,
            "created_time": "2024-11-16T19:09:33.124588Z",
            "yes_price": 1,
            "no_price": 99,
            "taker_side": "yes"
        },
        {
            "trade_id": "f44e78d6-e61b-41be-81be-f780ff87bd09",
            "ticker": "KXHIGHNY-24NOV16-B59.5",
            "count": 21,
            "created_time": "2024-11-16T19:02:28.703167Z",
            "yes_price": 1,
            "no_price": 99,
            "taker_side": "yes"
        },
        {
            "trade_id": "de7914a4-630b-4454-9180-ad074f7222a3",
            "ticker": "KXHIGHNY-24NOV16-B59.5",
            "count": 2337,
            "created_time": "2024-11-16T18:55:02.378457Z",
            "yes_price": 1,
            "no_price": 99,
            "taker_side": "yes"
        },
        {
            "trade_id": "c699ed73-85b5-4c0f-92cb-fee55b17b49d",
            "ticker": "KXHIGHNY-24NOV16-B59.5",
            "count": 15225,
            "created_time": "2024-11-16T18:54:59.281335Z",
            "yes_price": 1,
            "no_price": 99,
            "taker_side": "no"
        },
        {
            "trade_id": "3faa3d17-8f66-4e06-a09a-550ec117c08f",
            "ticker": "KXHIGHNY-24NOV16-B59.5",
            "count": 1,
            "created_time": "2024-11-16T18:54:59.281335Z",
            "yes_price": 1,
            "no_price": 99,
            "taker_side": "no"
        },
        {
            "trade_id": "5d0ed6be-08db-4aff-88eb-8644a08914b9",
            "ticker": "KXHIGHNY-24NOV16-B59.5",
            "count": 1500,
            "created_time": "2024-11-16T18:54:59.167949Z",
            "yes_price": 1,
            "no_price": 99,
            "taker_side": "no"
        },
        {
            "trade_id": "110f2368-9084-4f53-98a4-f092e57119a6",
            "ticker": "KXHIGHNY-24NOV16-B59.5",
            "count": 249,
            "created_time": "2024-11-16T18:54:58.943455Z",
            "yes_price": 1,
            "no_price": 99,
            "taker_side": "no"
        },
        {
            "trade_id": "9a97b91e-6ebe-4eb4-9a3f-7395b0cf41e3",
            "ticker": "KXHIGHNY-24NOV16-B59.5",
            "count": 249,
            "created_time": "2024-11-16T18:54:58.862165Z",
            "yes_price": 1,
            "no_price": 99,
            "taker_side": "no"
        },
        {
            "trade_id": "8db49c06-c9ef-4349-bed4-cd82cdce07ab",
            "ticker": "KXHIGHNY-24NOV16-B59.5",
            "count": 249,
            "created_time": "2024-11-16T18:54:58.778996Z",
            "yes_price": 1,
            "no_price": 99,
            "taker_side": "no"
        },
        {
            "trade_id": "5564ff35-041f-4393-86fe-13daaa1735bc",
            "ticker": "KXHIGHNY-24NOV16-B59.5",
            "count": 249,
            "created_time": "2024-11-16T18:54:58.696167Z",
            "yes_price": 1,
            "no_price": 99,
            "taker_side": "no"
        },
        {
            "trade_id": "66e4bc77-831c-47c9-9bbf-63f1fa046ccd",
            "ticker": "KXHIGHNY-24NOV16-B59.5",
            "count": 2756,
            "created_time": "2024-11-16T18:52:39.900516Z",
            "yes_price": 1,
            "no_price": 99,
            "taker_side": "no"
        },
        {
            "trade_id": "bde81c36-b082-413c-a2b2-f811f4c133b7",
            "ticker": "KXHIGHNY-24NOV16-B59.5",
            "count": 48,
            "created_time": "2024-11-16T18:50:15.858109Z",
            "yes_price": 1,
            "no_price": 99,
            "taker_side": "no"
        },
        {
            "trade_id": "27ddaf6e-bf7e-4e9b-8a8d-faca2257fd96",
            "ticker": "KXHIGHNY-24NOV16-B59.5",
            "count": 312,
            "created_time": "2024-11-16T18:48:10.834901Z",
            "yes_price": 3,
            "no_price": 97,
            "taker_side": "yes"
        },
        {
            "trade_id": "7c1459b8-ca20-4303-aeb7-37ab1d315be5",
            "ticker": "KXHIGHNY-24NOV16-B59.5",
            "count": 27,
            "created_time": "2024-11-16T18:44:14.192754Z",
            "yes_price": 1,
            "no_price": 99,
            "taker_side": "no"
        },
        {
            "trade_id": "5eac7653-5010-492d-8dec-5a6755c816d7",
            "ticker": "KXHIGHNY-24NOV16-B59.5",
            "count": 27,
            "created_time": "2024-11-16T18:40:06.540534Z",
            "yes_price": 1,
            "no_price": 99,
            "taker_side": "no"
        },
        {
            "trade_id": "c87d4dac-c659-4ad1-af94-6ab6c48eb86a",
            "ticker": "KXHIGHNY-24NOV16-B59.5",
            "count": 517,
            "created_time": "2024-11-16T18:36:21.844553Z",
            "yes_price": 1,
            "no_price": 99,
            "taker_side": "no"
        },
        {
            "trade_id": "e3153ba9-af99-4e4b-a91e-3370c293ddca",
            "ticker": "KXHIGHNY-24NOV16-B59.5",
            "count": 1109,
            "created_time": "2024-11-16T18:31:37.060796Z",
            "yes_price": 1,
            "no_price": 99,
            "taker_side": "no"
        },
        {
            "trade_id": "a233b288-b078-40b2-95ca-69d29f4c3535",
            "ticker": "KXHIGHNY-24NOV16-B59.5",
            "count": 246,
            "created_time": "2024-11-16T18:30:57.840289Z",
            "yes_price": 3,
            "no_price": 97,
            "taker_side": "yes"
        },
        {
            "trade_id": "29c2c68f-9889-4e67-90ac-f3cb852edc3a",
            "ticker": "KXHIGHNY-24NOV16-B59.5",
            "count": 218,
            "created_time": "2024-11-16T18:28:56.472739Z",
            "yes_price": 3,
            "no_price": 97,
            "taker_side": "yes"
        },
        {
            "trade_id": "afb749e8-9783-481e-ad64-d0a5daffe0e6",
            "ticker": "KXHIGHNY-24NOV16-B59.5",
            "count": 19,
            "created_time": "2024-11-16T18:28:52.09674Z",
            "yes_price": 3,
            "no_price": 97,
            "taker_side": "yes"
        },
        {
            "trade_id": "8a6d79b0-1533-43f5-8a1d-900275bb4fcd",
            "ticker": "KXHIGHNY-24NOV16-B59.5",
            "count": 990,
            "created_time": "2024-11-16T18:28:52.09674Z",
            "yes_price": 2,
            "no_price": 98,
            "taker_side": "yes"
        },
        {
            "trade_id": "792e8326-788a-47d2-abe6-280025ea20c3",
            "ticker": "KXHIGHNY-24NOV16-B59.5",
            "count": 100,
            "created_time": "2024-11-16T18:28:52.09674Z",
            "yes_price": 3,
            "no_price": 97,
            "taker_side": "yes"
        },
        {
            "trade_id": "cf201a23-0208-49db-a35d-453e5dee3a3c",
            "ticker": "KXHIGHNY-24NOV16-B59.5",
            "count": 10,
            "created_time": "2024-11-16T18:25:20.741545Z",
            "yes_price": 2,
            "no_price": 98,
            "taker_side": "yes"
        },
        {
            "trade_id": "c2a8c945-8576-44a1-944c-616bc54cebe8",
            "ticker": "KXHIGHNY-24NOV16-B59.5",
            "count": 100,
            "created_time": "2024-11-16T18:23:56.410828Z",
            "yes_price": 1,
            "no_price": 99,
            "taker_side": "no"
        },
        {
            "trade_id": "071f2207-fd73-4526-96ac-fde1b00307c3",
            "ticker": "KXHIGHNY-24NOV16-B59.5",
            "count": 2896,
            "created_time": "2024-11-16T18:21:03.628649Z",
            "yes_price": 1,
            "no_price": 99,
            "taker_side": "no"
        },
        {
            "trade_id": "e7d837eb-4655-4d08-949d-fbee6bf33a2f",
            "ticker": "KXHIGHNY-24NOV16-B59.5",
            "count": 15,
            "created_time": "2024-11-16T18:16:10.13703Z",
            "yes_price": 1,
            "no_price": 99,
            "taker_side": "no"
        },
        {
            "trade_id": "0c6bf08b-d346-4bc5-afa7-510e4b3d8836",
            "ticker": "KXHIGHNY-24NOV16-B59.5",
            "count": 10,
            "created_time": "2024-11-16T18:08:43.498287Z",
            "yes_price": 1,
            "no_price": 99,
            "taker_side": "no"
        },
        {
            "trade_id": "2a74be6a-1a40-4cb2-a263-776e1c61f83a",
            "ticker": "KXHIGHNY-24NOV16-B59.5",
            "count": 46,
            "created_time": "2024-11-16T18:04:34.635755Z",
            "yes_price": 4,
            "no_price": 96,
            "taker_side": "yes"
        },
        {
            "trade_id": "4ce76481-07e7-4eb8-8fdb-76d0aae330a7",
            "ticker": "KXHIGHNY-24NOV16-B59.5",
            "count": 554,
            "created_time": "2024-11-16T18:01:38.122771Z",
            "yes_price": 1,
            "no_price": 99,
            "taker_side": "no"
        },
        {
            "trade_id": "e00dc3ed-49af-4d65-b158-1363f339f857",
            "ticker": "KXHIGHNY-24NOV16-B59.5",
            "count": 110,
            "created_time": "2024-11-16T18:01:30.428118Z",
            "yes_price": 2,
            "no_price": 98,
            "taker_side": "yes"
        },
        {
            "trade_id": "12c218b6-0f4f-4f17-9299-71fabba1f64a",
            "ticker": "KXHIGHNY-24NOV16-B59.5",
            "count": 342,
            "created_time": "2024-11-16T18:00:56.715958Z",
            "yes_price": 1,
            "no_price": 99,
            "taker_side": "no"
        },
        {
            "trade_id": "e1cabd4a-53a6-4931-a875-93656abe6398",
            "ticker": "KXHIGHNY-24NOV16-B59.5",
            "count": 60,
            "created_time": "2024-11-16T18:00:06.25219Z",
            "yes_price": 2,
            "no_price": 98,
            "taker_side": "no"
        },
        {
            "trade_id": "8e2f981f-ccd9-4de3-a19e-e92c6eaf40da",
            "ticker": "KXHIGHNY-24NOV16-B59.5",
            "count": 3,
            "created_time": "2024-11-16T18:00:06.25219Z",
            "yes_price": 2,
            "no_price": 98,
            "taker_side": "no"
        },
        {
            "trade_id": "8220f86c-2591-4226-b04c-c31bf9d9ac69",
            "ticker": "KXHIGHNY-24NOV16-B59.5",
            "count": 437,
            "created_time": "2024-11-16T18:00:06.25219Z",
            "yes_price": 1,
            "no_price": 99,
            "taker_side": "no"
        },
        {
            "trade_id": "81099193-1cf3-4e5d-89ef-bf5347d6352c",
            "ticker": "KXHIGHNY-24NOV16-B59.5",
            "count": 1,
            "created_time": "2024-11-16T17:53:55.458127Z",
            "yes_price": 1,
            "no_price": 99,
            "taker_side": "no"
        },
        {
            "trade_id": "ec823f8d-a886-4f8b-b2d1-fca7077da292",
            "ticker": "KXHIGHNY-24NOV16-B59.5",
            "count": 33,
            "created_time": "2024-11-16T17:53:53.191862Z",
            "yes_price": 3,
            "no_price": 97,
            "taker_side": "yes"
        },
        {
            "trade_id": "e7ba6c47-bc37-4b5a-81e1-f878a6be1d48",
            "ticker": "KXHIGHNY-24NOV16-B59.5",
            "count": 1,
            "created_time": "2024-11-16T17:53:53.191862Z",
            "yes_price": 4,
            "no_price": 96,
            "taker_side": "yes"
        },
        {
            "trade_id": "8da908aa-f2d0-41fd-adf3-8dcb80e2061b",
            "ticker": "KXHIGHNY-24NOV16-B59.5",
            "count": 29,
            "created_time": "2024-11-16T17:53:53.191862Z",
            "yes_price": 5,
            "no_price": 95,
            "taker_side": "yes"
        },
        {
            "trade_id": "8a7b6274-5773-426f-8d91-891f217ea1f1",
            "ticker": "KXHIGHNY-24NOV16-B59.5",
            "count": 62,
            "created_time": "2024-11-16T17:53:53.191862Z",
            "yes_price": 4,
            "no_price": 96,
            "taker_side": "yes"
        },
        {
            "trade_id": "14b15a94-0841-4454-b275-6b10c7b8a7d7",
            "ticker": "KXHIGHNY-24NOV16-B59.5",
            "count": 896,
            "created_time": "2024-11-16T17:53:08.80578Z",
            "yes_price": 3,
            "no_price": 97,
            "taker_side": "yes"
        },
        {
            "trade_id": "e731b5b8-d400-42fe-bb8f-5fd23a6bfc3e",
            "ticker": "KXHIGHNY-24NOV16-B59.5",
            "count": 10,
            "created_time": "2024-11-16T17:47:54.837901Z",
            "yes_price": 2,
            "no_price": 98,
            "taker_side": "no"
        },
        {
            "trade_id": "9686cc34-b8ad-4f1e-aac6-e8ba62daf295",
            "ticker": "KXHIGHNY-24NOV16-B59.5",
            "count": 71,
            "created_time": "2024-11-16T17:46:26.424173Z",
            "yes_price": 3,
            "no_price": 97,
            "taker_side": "yes"
        },
        {
            "trade_id": "71b3b520-2402-4e97-a49f-13554f27fce3",
            "ticker": "KXHIGHNY-24NOV16-B59.5",
            "count": 3,
            "created_time": "2024-11-16T17:42:10.173147Z",
            "yes_price": 3,
            "no_price": 97,
            "taker_side": "yes"
        },
        {
            "trade_id": "5ab9569e-cf19-4b0a-a1e5-bbf7864b4eae",
            "ticker": "KXHIGHNY-24NOV16-B59.5",
            "count": 11,
            "created_time": "2024-11-16T17:41:15.795679Z",
            "yes_price": 2,
            "no_price": 98,
            "taker_side": "no"
        },
        {
            "trade_id": "dcda856d-751b-4857-9210-14c6effd81d8",
            "ticker": "KXHIGHNY-24NOV16-B59.5",
            "count": 14,
            "created_time": "2024-11-16T17:40:38.116741Z",
            "yes_price": 2,
            "no_price": 98,
            "taker_side": "no"
        },
        {
            "trade_id": "b3a57e1b-0b29-4747-b641-ed489e181b4c",
            "ticker": "KXHIGHNY-24NOV16-B59.5",
            "count": 1,
            "created_time": "2024-11-16T17:37:25.301411Z",
            "yes_price": 2,
            "no_price": 98,
            "taker_side": "no"
        },
        {
            "trade_id": "28dd85a7-84d2-49c2-9a2d-1d34021c631c",
            "ticker": "KXHIGHNY-24NOV16-B59.5",
            "count": 8,
            "created_time": "2024-11-16T17:35:24.956632Z",
            "yes_price": 4,
            "no_price": 96,
            "taker_side": "yes"
        },
        {
            "trade_id": "ae68cb59-79bc-44c1-93db-2df848a916b5",
            "ticker": "KXHIGHNY-24NOV16-B59.5",
            "count": 89,
            "created_time": "2024-11-16T17:33:53.176226Z",
            "yes_price": 4,
            "no_price": 96,
            "taker_side": "yes"
        },
        {
            "trade_id": "664d6a19-863b-4a0a-82b4-082c047d4a3d",
            "ticker": "KXHIGHNY-24NOV16-B59.5",
            "count": 56,
            "created_time": "2024-11-16T17:32:42.091692Z",
            "yes_price": 4,
            "no_price": 96,
            "taker_side": "yes"
        },
        {
            "trade_id": "b04dae28-f033-4b5c-bca7-90411b14e64d",
            "ticker": "KXHIGHNY-24NOV16-B59.5",
            "count": 25,
            "created_time": "2024-11-16T17:25:53.643907Z",
            "yes_price": 1,
            "no_price": 99,
            "taker_side": "no"
        },
        {
            "trade_id": "6f53b3a0-3e40-4a32-a8b7-8f728f646a13",
            "ticker": "KXHIGHNY-24NOV16-B59.5",
            "count": 407,
            "created_time": "2024-11-16T17:18:03.151322Z",
            "yes_price": 5,
            "no_price": 95,
            "taker_side": "yes"
        },
        {
            "trade_id": "b22aaba1-70f5-4036-9fcb-ef6dcab2223e",
            "ticker": "KXHIGHNY-24NOV16-B59.5",
            "count": 93,
            "created_time": "2024-11-16T17:17:12.427093Z",
            "yes_price": 5,
            "no_price": 95,
            "taker_side": "yes"
        },
        {
            "trade_id": "83e8321b-ceeb-4c8a-9fc0-eb842291cec3",
            "ticker": "KXHIGHNY-24NOV16-B59.5",
            "count": 415,
            "created_time": "2024-11-16T17:16:13.458316Z",
            "yes_price": 1,
            "no_price": 99,
            "taker_side": "no"
        },
        {
            "trade_id": "6f4e3705-1d30-4c05-98e5-f188b754077d",
            "ticker": "KXHIGHNY-24NOV16-B59.5",
            "count": 61,
            "created_time": "2024-11-16T17:16:13.458316Z",
            "yes_price": 2,
            "no_price": 98,
            "taker_side": "no"
        },
        {
            "trade_id": "3998901e-e0c9-43bd-9fd8-3b9658b8ea26",
            "ticker": "KXHIGHNY-24NOV16-B59.5",
            "count": 258,
            "created_time": "2024-11-16T17:16:13.458316Z",
            "yes_price": 1,
            "no_price": 99,
            "taker_side": "no"
        },
        {
            "trade_id": "f078cde7-18c7-436c-b62e-b0b2826bfdca",
            "ticker": "KXHIGHNY-24NOV16-B59.5",
            "count": 230,
            "created_time": "2024-11-16T17:15:56.625205Z",
            "yes_price": 1,
            "no_price": 99,
            "taker_side": "no"
        },
        {
            "trade_id": "33b75db7-86a2-4975-92c5-dfdea648d762",
            "ticker": "KXHIGHNY-24NOV16-B59.5",
            "count": 61,
            "created_time": "2024-11-16T17:15:56.625205Z",
            "yes_price": 3,
            "no_price": 97,
            "taker_side": "no"
        },
        {
            "trade_id": "2eedafce-a39e-4346-9cd6-ed96aa44be8a",
            "ticker": "KXHIGHNY-24NOV16-B59.5",
            "count": 27,
            "created_time": "2024-11-16T17:15:56.625205Z",
            "yes_price": 2,
            "no_price": 98,
            "taker_side": "no"
        },
        {
            "trade_id": "1f2852ba-bf1b-42be-92b4-c1afe804771e",
            "ticker": "KXHIGHNY-24NOV16-B59.5",
            "count": 61,
            "created_time": "2024-11-16T17:12:10.907664Z",
            "yes_price": 3,
            "no_price": 97,
            "taker_side": "no"
        },
        {
            "trade_id": "fa2648d5-5221-41d1-89b5-2f75d63dc448",
            "ticker": "KXHIGHNY-24NOV16-B59.5",
            "count": 14,
            "created_time": "2024-11-16T17:11:37.288235Z",
            "yes_price": 3,
            "no_price": 97,
            "taker_side": "no"
        },
        {
            "trade_id": "ea05b1dd-d96b-431c-8fb5-d5c8c00d8652",
            "ticker": "KXHIGHNY-24NOV16-B59.5",
            "count": 40,
            "created_time": "2024-11-16T17:11:05.384273Z",
            "yes_price": 8,
            "no_price": 92,
            "taker_side": "yes"
        },
        {
            "trade_id": "33499254-163e-475f-9245-dfe1fe2f56e0",
            "ticker": "KXHIGHNY-24NOV16-B59.5",
            "count": 61,
            "created_time": "2024-11-16T17:11:05.384273Z",
            "yes_price": 10,
            "no_price": 90,
            "taker_side": "yes"
        },
        {
            "trade_id": "dfd4c391-cf7d-43d5-9133-02270e791069",
            "ticker": "KXHIGHNY-24NOV16-B59.5",
            "count": 43,
            "created_time": "2024-11-16T17:09:23.325304Z",
            "yes_price": 3,
            "no_price": 97,
            "taker_side": "no"
        },
        {
            "trade_id": "2f67679e-711e-4a99-85ac-d177f7393924",
            "ticker": "KXHIGHNY-24NOV16-B59.5",
            "count": 4,
            "created_time": "2024-11-16T17:09:14.754041Z",
            "yes_price": 3,
            "no_price": 97,
            "taker_side": "no"
        },
        {
            "trade_id": "71db9418-1000-46d9-b8a4-3a15e1f2aee6",
            "ticker": "KXHIGHNY-24NOV16-B59.5",
            "count": 25,
            "created_time": "2024-11-16T17:09:09.161815Z",
            "yes_price": 7,
            "no_price": 93,
            "taker_side": "no"
        },
        {
            "trade_id": "0cb180ac-9b8e-47e0-b338-123d8500b777",
            "ticker": "KXHIGHNY-24NOV16-B59.5",
            "count": 50,
            "created_time": "2024-11-16T17:07:34.584234Z",
            "yes_price": 7,
            "no_price": 93,
            "taker_side": "yes"
        },
        {
            "trade_id": "8d230f1d-c155-444d-8f07-11164795382f",
            "ticker": "KXHIGHNY-24NOV16-B59.5",
            "count": 25,
            "created_time": "2024-11-16T17:06:38.403136Z",
            "yes_price": 5,
            "no_price": 95,
            "taker_side": "yes"
        },
        {
            "trade_id": "b4ec6f6b-52c8-497f-918c-5a26cfa65997",
            "ticker": "KXHIGHNY-24NOV16-B59.5",
            "count": 3,
            "created_time": "2024-11-16T17:04:25.914438Z",
            "yes_price": 4,
            "no_price": 96,
            "taker_side": "yes"
        },
        {
            "trade_id": "82d321a5-70a8-4161-a082-ae640599bbe7",
            "ticker": "KXHIGHNY-24NOV16-B59.5",
            "count": 796,
            "created_time": "2024-11-16T16:57:54.875169Z",
            "yes_price": 7,
            "no_price": 93,
            "taker_side": "yes"
        },
        {
            "trade_id": "7fb6015f-b643-4c3e-9b9a-ac4bc25da047",
            "ticker": "KXHIGHNY-24NOV16-B59.5",
            "count": 500,
            "created_time": "2024-11-16T16:57:54.875169Z",
            "yes_price": 5,
            "no_price": 95,
            "taker_side": "yes"
        },
        {
            "trade_id": "6b05d6a0-e972-4971-a432-d604ee423bfe",
            "ticker": "KXHIGHNY-24NOV16-B59.5",
            "count": 80,
            "created_time": "2024-11-16T16:57:54.875169Z",
            "yes_price": 5,
            "no_price": 95,
            "taker_side": "yes"
        },
        {
            "trade_id": "06c6bdb3-9a66-4065-8add-532cafb1f4c6",
            "ticker": "KXHIGHNY-24NOV16-B59.5",
            "count": 128,
            "created_time": "2024-11-16T16:57:54.875169Z",
            "yes_price": 4,
            "no_price": 96,
            "taker_side": "yes"
        },
        {
            "trade_id": "8be1b649-5a0e-4680-8300-10365f975e66",
            "ticker": "KXHIGHNY-24NOV16-B59.5",
            "count": 422,
            "created_time": "2024-11-16T16:57:54.594682Z",
            "yes_price": 3,
            "no_price": 97,
            "taker_side": "yes"
        },
        {
            "trade_id": "527fc72c-bff0-4c57-8171-e03ad39ea4d1",
            "ticker": "KXHIGHNY-24NOV16-B59.5",
            "count": 500,
            "created_time": "2024-11-16T16:57:53.991408Z",
            "yes_price": 3,
            "no_price": 97,
            "taker_side": "yes"
        },
        {
            "trade_id": "3c577bd2-d1be-4731-98aa-d552db212953",
            "ticker": "KXHIGHNY-24NOV16-B59.5",
            "count": 3,
            "created_time": "2024-11-16T16:57:46.056045Z",
            "yes_price": 1,
            "no_price": 99,
            "taker_side": "no"
        },
        {
            "trade_id": "8d915424-13ff-4105-aa9b-d7535398bd08",
            "ticker": "KXHIGHNY-24NOV16-B59.5",
            "count": 500,
            "created_time": "2024-11-16T16:57:41.50106Z",
            "yes_price": 3,
            "no_price": 97,
            "taker_side": "yes"
        },
        {
            "trade_id": "40626297-a57c-40f1-a488-f1c014baf257",
            "ticker": "KXHIGHNY-24NOV16-B59.5",
            "count": 280,
            "created_time": "2024-11-16T16:57:33.244234Z",
            "yes_price": 1,
            "no_price": 99,
            "taker_side": "no"
        },
        {
            "trade_id": "fcd6a71c-d3e7-411e-bfb5-5c3a2458d166",
            "ticker": "KXHIGHNY-24NOV16-B59.5",
            "count": 62,
            "created_time": "2024-11-16T16:54:04.570997Z",
            "yes_price": 3,
            "no_price": 97,
            "taker_side": "yes"
        },
        {
            "trade_id": "f7fa4012-b931-400a-b506-0f97cf0d3c86",
            "ticker": "KXHIGHNY-24NOV16-B59.5",
            "count": 229,
            "created_time": "2024-11-16T16:53:44.221771Z",
            "yes_price": 1,
            "no_price": 99,
            "taker_side": "no"
        },
        {
            "trade_id": "d244d92d-4101-485c-a56c-c749eab31ec1",
            "ticker": "KXHIGHNY-24NOV16-B59.5",
            "count": 4,
            "created_time": "2024-11-16T16:53:44.221771Z",
            "yes_price": 1,
            "no_price": 99,
            "taker_side": "no"
        },
        {
            "trade_id": "97500b01-76a9-433f-9ebc-a005eff08dbc",
            "ticker": "KXHIGHNY-24NOV16-B59.5",
            "count": 500,
            "created_time": "2024-11-16T16:53:44.221771Z",
            "yes_price": 2,
            "no_price": 98,
            "taker_side": "no"
        },
        {
            "trade_id": "cc380f79-a7f4-44b4-8774-e0a0587491e3",
            "ticker": "KXHIGHNY-24NOV16-B59.5",
            "count": 100,
            "created_time": "2024-11-16T16:52:41.951928Z",
            "yes_price": 3,
            "no_price": 97,
            "taker_side": "no"
        },
        {
            "trade_id": "36369d7a-6e0a-4971-93c4-e82d289cf3a1",
            "ticker": "KXHIGHNY-24NOV16-B59.5",
            "count": 5,
            "created_time": "2024-11-16T16:52:41.951928Z",
            "yes_price": 3,
            "no_price": 97,
            "taker_side": "no"
        },
        {
            "trade_id": "09f46846-82bd-4e0e-971a-dc9aee34e3ef",
            "ticker": "KXHIGHNY-24NOV16-B59.5",
            "count": 100,
            "created_time": "2024-11-16T16:52:41.951928Z",
            "yes_price": 3,
            "no_price": 97,
            "taker_side": "no"
        },
        {
            "trade_id": "9556984a-8619-4d8c-b400-1890711c741d",
            "ticker": "KXHIGHNY-24NOV16-B59.5",
            "count": 195,
            "created_time": "2024-11-16T16:46:06.121675Z",
            "yes_price": 3,
            "no_price": 97,
            "taker_side": "no"
        },
        {
            "trade_id": "ec8c1fbb-892d-44a4-84eb-1c344d8d8837",
            "ticker": "KXHIGHNY-24NOV16-B59.5",
            "count": 3,
            "created_time": "2024-11-16T16:45:40.930421Z",
            "yes_price": 5,
            "no_price": 95,
            "taker_side": "yes"
        },
        {
            "trade_id": "9dc388fb-2ff3-4f72-b243-10814cc4fff1",
            "ticker": "KXHIGHNY-24NOV16-B59.5",
            "count": 27,
            "created_time": "2024-11-16T16:44:59.955391Z",
            "yes_price": 5,
            "no_price": 95,
            "taker_side": "yes"
        },
        {
            "trade_id": "bf97a840-e6f0-4658-b83c-0eecb0885294",
            "ticker": "KXHIGHNY-24NOV16-B59.5",
            "count": 23,
            "created_time": "2024-11-16T16:44:48.005041Z",
            "yes_price": 4,
            "no_price": 96,
            "taker_side": "yes"
        },
        {
            "trade_id": "155b9ef9-ec33-47e1-b025-27c8953f4d19",
            "ticker": "KXHIGHNY-24NOV16-B59.5",
            "count": 315,
            "created_time": "2024-11-16T16:40:45.2618Z",
            "yes_price": 3,
            "no_price": 97,
            "taker_side": "no"
        },
        {
            "trade_id": "4f1285f5-b48c-4163-93d3-e3bbc9ae3e6b",
            "ticker": "KXHIGHNY-24NOV16-B59.5",
            "count": 964,
            "created_time": "2024-11-16T16:40:34.502407Z",
            "yes_price": 3,
            "no_price": 97,
            "taker_side": "no"
        },
        {
            "trade_id": "a0ca0917-7681-4ac7-a45e-9077949da046",
            "ticker": "KXHIGHNY-24NOV16-B59.5",
            "count": 399,
            "created_time": "2024-11-16T16:39:50.984436Z",
            "yes_price": 4,
            "no_price": 96,
            "taker_side": "no"
        },
        {
            "trade_id": "601a7835-7cac-492a-9690-21067813b4af",
            "ticker": "KXHIGHNY-24NOV16-B59.5",
            "count": 4,
            "created_time": "2024-11-16T16:39:40.703056Z",
            "yes_price": 7,
            "no_price": 93,
            "taker_side": "yes"
        },
        {
            "trade_id": "ccc89d89-acce-4f65-80fb-e9a66f43596a",
            "ticker": "KXHIGHNY-24NOV16-B59.5",
            "count": 13,
            "created_time": "2024-11-16T16:39:30.178276Z",
            "yes_price": 7,
            "no_price": 93,
            "taker_side": "yes"
        },
        {
            "trade_id": "f9c73488-449c-4f58-87c3-117f7db291ed",
            "ticker": "KXHIGHNY-24NOV16-B59.5",
            "count": 101,
            "created_time": "2024-11-16T16:37:40.155946Z",
            "yes_price": 4,
            "no_price": 96,
            "taker_side": "no"
        },
        {
            "trade_id": "dfb4fdb3-ea07-43ee-98ee-bd3b7287359d",
            "ticker": "KXHIGHNY-24NOV16-B59.5",
            "count": 134,
            "created_time": "2024-11-16T16:36:55.776635Z",
            "yes_price": 7,
            "no_price": 93,
            "taker_side": "yes"
        },
        {
            "trade_id": "0f38500e-d0b1-42ab-9c53-43074a74e1cc",
            "ticker": "KXHIGHNY-24NOV16-B59.5",
            "count": 53,
            "created_time": "2024-11-16T16:35:36.000077Z",
            "yes_price": 7,
            "no_price": 93,
            "taker_side": "yes"
        },
        {
            "trade_id": "d9ad9e74-e30a-49f0-b984-594f1dc4dbac",
            "ticker": "KXHIGHNY-24NOV16-B59.5",
            "count": 67,
            "created_time": "2024-11-16T16:35:14.073374Z",
            "yes_price": 7,
            "no_price": 93,
            "taker_side": "yes"
        },
        {
            "trade_id": "1bffea61-0b13-43d8-93d8-07c493bf960d",
            "ticker": "KXHIGHNY-24NOV16-B59.5",
            "count": 143,
            "created_time": "2024-11-16T16:31:44.844759Z",
            "yes_price": 3,
            "no_price": 97,
            "taker_side": "no"
        },
        {
            "trade_id": "1140468f-4828-48aa-b175-f727ed4ca12e",
            "ticker": "KXHIGHNY-24NOV16-B59.5",
            "count": 92,
            "created_time": "2024-11-16T16:31:44.844759Z",
            "yes_price": 3,
            "no_price": 97,
            "taker_side": "no"
        },
        {
            "trade_id": "82202e0a-8338-44e3-bab2-4256e0664162",
            "ticker": "KXHIGHNY-24NOV16-B59.5",
            "count": 235,
            "created_time": "2024-11-16T16:31:44.839098Z",
            "yes_price": 3,
            "no_price": 97,
            "taker_side": "no"
        },
        {
            "trade_id": "01dbd477-7691-45a3-8e0a-4b1308f54ac0",
            "ticker": "KXHIGHNY-24NOV16-B59.5",
            "count": 5,
            "created_time": "2024-11-16T16:26:23.880105Z",
            "yes_price": 3,
            "no_price": 97,
            "taker_side": "no"
        },
        {
            "trade_id": "fa174ee6-12a0-40e6-9798-073f0f3988ba",
            "ticker": "KXHIGHNY-24NOV16-B59.5",
            "count": 2,
            "created_time": "2024-11-16T16:13:35.765976Z",
            "yes_price": 7,
            "no_price": 93,
            "taker_side": "yes"
        },
        {
            "trade_id": "f9c5bce3-34d0-4690-b5a9-f4c3256cf40b",
            "ticker": "KXHIGHNY-24NOV16-B59.5",
            "count": 129,
            "created_time": "2024-11-16T16:13:35.765976Z",
            "yes_price": 7,
            "no_price": 93,
            "taker_side": "yes"
        },
        {
            "trade_id": "507cba6b-0aea-4d8f-8629-da5b01334922",
            "ticker": "KXHIGHNY-24NOV16-B59.5",
            "count": 67,
            "created_time": "2024-11-16T16:13:07.764586Z",
            "yes_price": 7,
            "no_price": 93,
            "taker_side": "yes"
        },
        {
            "trade_id": "60e8aa9b-a4e2-4630-8361-b235c1aca2ed",
            "ticker": "KXHIGHNY-24NOV16-B59.5",
            "count": 26,
            "created_time": "2024-11-16T16:11:24.587818Z",
            "yes_price": 7,
            "no_price": 93,
            "taker_side": "yes"
        },
        {
            "trade_id": "e31000a1-06ce-4874-9f34-bdfac259fc40",
            "ticker": "KXHIGHNY-24NOV16-B59.5",
            "count": 278,
            "created_time": "2024-11-16T16:06:39.044086Z",
            "yes_price": 9,
            "no_price": 91,
            "taker_side": "yes"
        },
        {
            "trade_id": "e28746c4-de6d-4416-bab2-9d2eab376dd3",
            "ticker": "KXHIGHNY-24NOV16-B59.5",
            "count": 94,
            "created_time": "2024-11-16T16:04:09.129946Z",
            "yes_price": 10,
            "no_price": 90,
            "taker_side": "yes"
        },
        {
            "trade_id": "e3e590c3-6ad0-42c5-bb2d-40cfa14764df",
            "ticker": "KXHIGHNY-24NOV16-B59.5",
            "count": 28,
            "created_time": "2024-11-16T16:03:26.780764Z",
            "yes_price": 10,
            "no_price": 90,
            "taker_side": "yes"
        },
        {
            "trade_id": "d20877b2-de34-4276-885a-8a183ceae57e",
            "ticker": "KXHIGHNY-24NOV16-B59.5",
            "count": 36,
            "created_time": "2024-11-16T16:03:00.772861Z",
            "yes_price": 5,
            "no_price": 95,
            "taker_side": "no"
        },
        {
            "trade_id": "d04b0b17-7cec-4fd4-80bc-3e39fc061d97",
            "ticker": "KXHIGHNY-24NOV16-B59.5",
            "count": 61,
            "created_time": "2024-11-16T16:03:00.772861Z",
            "yes_price": 6,
            "no_price": 94,
            "taker_side": "no"
        },
        {
            "trade_id": "a5cb9f00-a4cc-409b-a53c-386170e3629b",
            "ticker": "KXHIGHNY-24NOV16-B59.5",
            "count": 20,
            "created_time": "2024-11-16T16:03:00.772861Z",
            "yes_price": 6,
            "no_price": 94,
            "taker_side": "no"
        },
        {
            "trade_id": "95ac09e8-3a31-4032-861f-71849347deb0",
            "ticker": "KXHIGHNY-24NOV16-B59.5",
            "count": 168,
            "created_time": "2024-11-16T16:03:00.772861Z",
            "yes_price": 3,
            "no_price": 97,
            "taker_side": "no"
        },
        {
            "trade_id": "2920cbbf-fb69-49c4-aae3-35d601394ccd",
            "ticker": "KXHIGHNY-24NOV16-B59.5",
            "count": 256,
            "created_time": "2024-11-16T16:03:00.772861Z",
            "yes_price": 3,
            "no_price": 97,
            "taker_side": "no"
        },
        {
            "trade_id": "17d2d645-cea3-4cad-8cff-5c581501aea2",
            "ticker": "KXHIGHNY-24NOV16-B59.5",
            "count": 500,
            "created_time": "2024-11-16T16:03:00.772861Z",
            "yes_price": 5,
            "no_price": 95,
            "taker_side": "no"
        },
        {
            "trade_id": "73f14c14-c710-4da5-a297-6805d54e6a0f",
            "ticker": "KXHIGHNY-24NOV16-B59.5",
            "count": 230,
            "created_time": "2024-11-16T16:00:41.320141Z",
            "yes_price": 6,
            "no_price": 94,
            "taker_side": "no"
        },
        {
            "trade_id": "d9c6eb69-670b-4436-81da-9d3ed366db3e",
            "ticker": "KXHIGHNY-24NOV16-B59.5",
            "count": 18,
            "created_time": "2024-11-16T16:00:29.617717Z",
            "yes_price": 9,
            "no_price": 91,
            "taker_side": "yes"
        },
        {
            "trade_id": "7e2fec43-e237-477f-9c5f-9bb7c634d0bf",
            "ticker": "KXHIGHNY-24NOV16-B59.5",
            "count": 646,
            "created_time": "2024-11-16T16:00:29.617717Z",
            "yes_price": 10,
            "no_price": 90,
            "taker_side": "yes"
        },
        {
            "trade_id": "0685ca08-992f-481f-8ee1-d57d454d1476",
            "ticker": "KXHIGHNY-24NOV16-B59.5",
            "count": 98,
            "created_time": "2024-11-16T15:54:23.477964Z",
            "yes_price": 7,
            "no_price": 93,
            "taker_side": "no"
        },
        {
            "trade_id": "5bd05a46-0784-419c-a70c-57e902229f87",
            "ticker": "KXHIGHNY-24NOV16-B59.5",
            "count": 16,
            "created_time": "2024-11-16T15:46:58.688992Z",
            "yes_price": 7,
            "no_price": 93,
            "taker_side": "no"
        },
        {
            "trade_id": "78188ee3-3166-4279-b2ff-e636d89f7927",
            "ticker": "KXHIGHNY-24NOV16-B59.5",
            "count": 17,
            "created_time": "2024-11-16T15:46:43.749239Z",
            "yes_price": 7,
            "no_price": 93,
            "taker_side": "no"
        },
        {
            "trade_id": "4a5caacd-7e5d-4157-9e22-97acfe786ce5",
            "ticker": "KXHIGHNY-24NOV16-B59.5",
            "count": 1,
            "created_time": "2024-11-16T15:44:55.335947Z",
            "yes_price": 9,
            "no_price": 91,
            "taker_side": "yes"
        },
        {
            "trade_id": "0c891243-bb45-4eb1-9e66-43ea53777ae4",
            "ticker": "KXHIGHNY-24NOV16-B59.5",
            "count": 16,
            "created_time": "2024-11-16T15:44:22.167096Z",
            "yes_price": 7,
            "no_price": 93,
            "taker_side": "no"
        },
        {
            "trade_id": "3cce8bff-d01b-4b50-a9c7-3ab43ed20498",
            "ticker": "KXHIGHNY-24NOV16-B59.5",
            "count": 6,
            "created_time": "2024-11-16T15:43:55.623893Z",
            "yes_price": 9,
            "no_price": 91,
            "taker_side": "no"
        },
        {
            "trade_id": "c4c2965c-57e1-4eec-942c-a8e68c8f52ea",
            "ticker": "KXHIGHNY-24NOV16-B59.5",
            "count": 8,
            "created_time": "2024-11-16T15:41:38.24236Z",
            "yes_price": 9,
            "no_price": 91,
            "taker_side": "no"
        },
        {
            "trade_id": "ad743847-94d8-4953-940d-9d483383dfe0",
            "ticker": "KXHIGHNY-24NOV16-B59.5",
            "count": 494,
            "created_time": "2024-11-16T15:41:38.24236Z",
            "yes_price": 9,
            "no_price": 91,
            "taker_side": "no"
        },
        {
            "trade_id": "81ed5976-99be-4e39-ae64-f64a579a25f8",
            "ticker": "KXHIGHNY-24NOV16-B59.5",
            "count": 12,
            "created_time": "2024-11-16T15:41:18.614291Z",
            "yes_price": 9,
            "no_price": 91,
            "taker_side": "no"
        },
        {
            "trade_id": "ca00cc4f-af15-4cd9-867b-9d2019adad24",
            "ticker": "KXHIGHNY-24NOV16-B59.5",
            "count": 136,
            "created_time": "2024-11-16T15:39:43.973376Z",
            "yes_price": 9,
            "no_price": 91,
            "taker_side": "no"
        },
        {
            "trade_id": "584a8f9e-92ee-46db-a83e-824988bb7810",
            "ticker": "KXHIGHNY-24NOV16-B59.5",
            "count": 25,
            "created_time": "2024-11-16T15:39:03.070139Z",
            "yes_price": 11,
            "no_price": 89,
            "taker_side": "yes"
        },
        {
            "trade_id": "577a3fff-460c-4058-82fb-45f05f6d5348",
            "ticker": "KXHIGHNY-24NOV16-B59.5",
            "count": 8,
            "created_time": "2024-11-16T15:35:35.719701Z",
            "yes_price": 11,
            "no_price": 89,
            "taker_side": "yes"
        },
        {
            "trade_id": "b3192277-2f6a-487d-9eb8-36667a4e6767",
            "ticker": "KXHIGHNY-24NOV16-B59.5",
            "count": 10,
            "created_time": "2024-11-16T15:33:20.799137Z",
            "yes_price": 12,
            "no_price": 88,
            "taker_side": "yes"
        },
        {
            "trade_id": "fe7f0801-08d9-4682-b697-859db6e90d42",
            "ticker": "KXHIGHNY-24NOV16-B59.5",
            "count": 16,
            "created_time": "2024-11-16T15:32:33.997Z",
            "yes_price": 10,
            "no_price": 90,
            "taker_side": "no"
        },
        {
            "trade_id": "24ba683b-78dd-40b7-9da1-83f581fd0908",
            "ticker": "KXHIGHNY-24NOV16-B59.5",
            "count": 200,
            "created_time": "2024-11-16T15:31:27.171672Z",
            "yes_price": 10,
            "no_price": 90,
            "taker_side": "no"
        },
        {
            "trade_id": "e147d635-8410-4529-a2c9-7e17e5d1e073",
            "ticker": "KXHIGHNY-24NOV16-B59.5",
            "count": 7,
            "created_time": "2024-11-16T15:31:10.68841Z",
            "yes_price": 10,
            "no_price": 90,
            "taker_side": "no"
        },
        {
            "trade_id": "8c62e4c4-ebfc-47c6-8f7a-299ad4ad7893",
            "ticker": "KXHIGHNY-24NOV16-B59.5",
            "count": 69,
            "created_time": "2024-11-16T15:29:19.547736Z",
            "yes_price": 10,
            "no_price": 90,
            "taker_side": "no"
        },
        {
            "trade_id": "dfc2fa9f-cb64-499d-a884-5522be11d990",
            "ticker": "KXHIGHNY-24NOV16-B59.5",
            "count": 140,
            "created_time": "2024-11-16T15:28:24.141545Z",
            "yes_price": 16,
            "no_price": 84,
            "taker_side": "yes"
        },
        {
            "trade_id": "74df7771-0523-43da-a25b-31129b1c8405",
            "ticker": "KXHIGHNY-24NOV16-B59.5",
            "count": 21,
            "created_time": "2024-11-16T15:28:24.141545Z",
            "yes_price": 16,
            "no_price": 84,
            "taker_side": "yes"
        },
        {
            "trade_id": "2f1c3ba1-86ea-43e4-af8b-28bc5f68003d",
            "ticker": "KXHIGHNY-24NOV16-B59.5",
            "count": 200,
            "created_time": "2024-11-16T15:28:24.141545Z",
            "yes_price": 15,
            "no_price": 85,
            "taker_side": "yes"
        },
        {
            "trade_id": "2be570cf-4996-428c-8114-b8ff549fa938",
            "ticker": "KXHIGHNY-24NOV16-B59.5",
            "count": 39,
            "created_time": "2024-11-16T15:28:24.141545Z",
            "yes_price": 17,
            "no_price": 83,
            "taker_side": "yes"
        },
        {
            "trade_id": "253c112c-84cf-4625-9fd6-9ba786492689",
            "ticker": "KXHIGHNY-24NOV16-B59.5",
            "count": 100,
            "created_time": "2024-11-16T15:28:24.141545Z",
            "yes_price": 16,
            "no_price": 84,
            "taker_side": "yes"
        },
        {
            "trade_id": "7ce407ef-97e1-4d79-827c-ac5a89115d54",
            "ticker": "KXHIGHNY-24NOV16-B59.5",
            "count": 200,
            "created_time": "2024-11-16T15:25:46.072033Z",
            "yes_price": 12,
            "no_price": 88,
            "taker_side": "no"
        },
        {
            "trade_id": "f7896a4b-0a86-462c-8a2d-4cca13cf5d4e",
            "ticker": "KXHIGHNY-24NOV16-B59.5",
            "count": 300,
            "created_time": "2024-11-16T15:23:26.886378Z",
            "yes_price": 12,
            "no_price": 88,
            "taker_side": "no"
        },
        {
            "trade_id": "26e9cea1-1988-4792-a1a5-15c0680a4bdb",
            "ticker": "KXHIGHNY-24NOV16-B59.5",
            "count": 11,
            "created_time": "2024-11-16T15:22:45.170624Z",
            "yes_price": 17,
            "no_price": 83,
            "taker_side": "yes"
        },
        {
            "trade_id": "5c4652de-0e72-4f6a-93cb-6e928ed313d5",
            "ticker": "KXHIGHNY-24NOV16-B59.5",
            "count": 1,
            "created_time": "2024-11-16T15:22:36.55322Z",
            "yes_price": 17,
            "no_price": 83,
            "taker_side": "yes"
        },
        {
            "trade_id": "08ed58e3-7dd7-4ea3-a6cc-cc5cd8809b9c",
            "ticker": "KXHIGHNY-24NOV16-B59.5",
            "count": 480,
            "created_time": "2024-11-16T15:22:04.530239Z",
            "yes_price": 17,
            "no_price": 83,
            "taker_side": "no"
