{
    "HIGHNY-24JAN18-T29": [],
    "HIGHNY-24JAN18-B29.5": [
        {
            "trade_id": "5cca2dc7-415a-4f08-af06-4611963bcfb1",
            "ticker": "HIGHNY-24JAN18-B29.5",
            "count": 200,
            "created_time": "2024-01-19T02:57:42.951029Z",
            "yes_price": 1,
            "no_price": 99,
            "taker_side": "yes"
        },
        {
            "trade_id": "51a85b0d-7f1f-4f33-b214-7e3369f4ea63",
            "ticker": "HIGHNY-24JAN18-B29.5",
            "count": 200,
            "created_time": "2024-01-18T16:56:06.534085Z",
            "yes_price": 3,
            "no_price": 97,
            "taker_side": "no"
        }
    ],
    "HIGHNY-24JAN18-B31.5": [
        {
            "trade_id": "7288171d-09e8-4cfa-bf38-4a2e236990b7",
            "ticker": "HIGHNY-24JAN18-B31.5",
            "count": 60,
            "created_time": "2024-01-19T02:57:52.718511Z",
            "yes_price": 1,
            "no_price": 99,
            "taker_side": "yes"
        },
        {
            "trade_id": "dbfaae5c-fb34-48f8-ba5f-a9e9a655f703",
            "ticker": "HIGHNY-24JAN18-B31.5",
            "count": 100,
            "created_time": "2024-01-18T21:57:53.680862Z",
            "yes_price": 2,
            "no_price": 98,
            "taker_side": "no"
        },
        {
            "trade_id": "48bbf36d-4998-4244-85b2-ba889d896e01",
            "ticker": "HIGHNY-24JAN18-B31.5",
            "count": 100,
            "created_time": "2024-01-18T21:57:39.536566Z",
            "yes_price": 3,
            "no_price": 97,
            "taker_side": "no"
        },
        {
            "trade_id": "a0c4b896-e5be-4b36-b989-68269bf09af6",
            "ticker": "HIGHNY-24JAN18-B31.5",
            "count": 100,
            "created_time": "2024-01-18T21:57:13.945435Z",
            "yes_price": 4,
            "no_price": 96,
            "taker_side": "no"
        },
        {
            "trade_id": "51aaf11c-9a31-4ad1-9828-b73bee5a6ee9",
            "ticker": "HIGHNY-24JAN18-B31.5",
            "count": 200,
            "created_time": "2024-01-18T21:51:03.106658Z",
            "yes_price": 5,
            "no_price": 95,
            "taker_side": "no"
        },
        {
            "trade_id": "f1c18665-9138-43e4-af3c-9923236c952e",
            "ticker": "HIGHNY-24JAN18-B31.5",
            "count": 100,
            "created_time": "2024-01-18T21:42:43.529382Z",
            "yes_price": 5,
            "no_price": 95,
            "taker_side": "no"
        },
        {
            "trade_id": "ddbcba1d-efc9-41fc-af10-748c100f3993",
            "ticker": "HIGHNY-24JAN18-B31.5",
            "count": 200,
            "created_time": "2024-01-18T21:37:40.682122Z",
            "yes_price": 10,
            "no_price": 90,
            "taker_side": "no"
        },
        {
            "trade_id": "115389fa-efdb-47d5-a8f7-a9f58c7a4017",
            "ticker": "HIGHNY-24JAN18-B31.5",
            "count": 150,
            "created_time": "2024-01-18T21:28:27.54056Z",
            "yes_price": 20,
            "no_price": 80,
            "taker_side": "yes"
        },
        {
            "trade_id": "0e6a1979-3296-4eea-a098-20698d3a433f",
            "ticker": "HIGHNY-24JAN18-B31.5",
            "count": 100,
            "created_time": "2024-01-18T21:18:59.092795Z",
            "yes_price": 20,
            "no_price": 80,
            "taker_side": "no"
        },
        {
            "trade_id": "986841c5-0958-4376-a3b1-0c99a6727a19",
            "ticker": "HIGHNY-24JAN18-B31.5",
            "count": 20,
            "created_time": "2024-01-18T17:54:49.967279Z",
            "yes_price": 41,
            "no_price": 59,
            "taker_side": "yes"
        },
        {
            "trade_id": "94e19798-4166-4223-b82e-afbc4704e1e2",
            "ticker": "HIGHNY-24JAN18-B31.5",
            "count": 68,
            "created_time": "2024-01-18T17:54:49.967279Z",
            "yes_price": 44,
            "no_price": 56,
            "taker_side": "yes"
        },
        {
            "trade_id": "e327a294-3617-4397-8165-0560a5d02884",
            "ticker": "HIGHNY-24JAN18-B31.5",
            "count": 68,
            "created_time": "2024-01-18T17:54:29.540376Z",
            "yes_price": 43,
            "no_price": 57,
            "taker_side": "yes"
        },
        {
            "trade_id": "d9ab7d30-f8f3-41ce-bcf5-e9f12bf029a2",
            "ticker": "HIGHNY-24JAN18-B31.5",
            "count": 16,
            "created_time": "2024-01-18T17:54:29.540376Z",
            "yes_price": 38,
            "no_price": 62,
            "taker_side": "yes"
        },
        {
            "trade_id": "5d4230a9-bfa1-486b-84c4-2cef0de148ce",
            "ticker": "HIGHNY-24JAN18-B31.5",
            "count": 68,
            "created_time": "2024-01-18T17:54:29.540376Z",
            "yes_price": 40,
            "no_price": 60,
            "taker_side": "yes"
        },
        {
            "trade_id": "798fa11f-5295-40d1-9743-1defa5838bdc",
            "ticker": "HIGHNY-24JAN18-B31.5",
            "count": 17,
            "created_time": "2024-01-18T17:16:37.836965Z",
            "yes_price": 31,
            "no_price": 69,
            "taker_side": "no"
        },
        {
            "trade_id": "c392e268-ad39-4a2d-9d7f-070eda75fdf0",
            "ticker": "HIGHNY-24JAN18-B31.5",
            "count": 7,
            "created_time": "2024-01-18T16:02:14.052208Z",
            "yes_price": 25,
            "no_price": 75,
            "taker_side": "no"
        },
        {
            "trade_id": "c0339e6c-cbc1-41ef-b0d7-26e0c77fa0af",
            "ticker": "HIGHNY-24JAN18-B31.5",
            "count": 30,
            "created_time": "2024-01-18T15:40:02.799266Z",
            "yes_price": 36,
            "no_price": 64,
            "taker_side": "yes"
        },
        {
            "trade_id": "aa0be4e2-8dd8-408a-b81d-572c1a26d200",
            "ticker": "HIGHNY-24JAN18-B31.5",
            "count": 121,
            "created_time": "2024-01-17T19:10:41.034076Z",
            "yes_price": 19,
            "no_price": 81,
            "taker_side": "yes"
        },
        {
            "trade_id": "2748e1cf-4f17-41d3-8563-23e6c69c7478",
            "ticker": "HIGHNY-24JAN18-B31.5",
            "count": 121,
            "created_time": "2024-01-17T19:10:41.034076Z",
            "yes_price": 20,
            "no_price": 80,
            "taker_side": "yes"
        },
        {
            "trade_id": "175ac7dc-d288-46bb-8188-a62363a042ee",
            "ticker": "HIGHNY-24JAN18-B31.5",
            "count": 84,
            "created_time": "2024-01-17T19:10:41.034076Z",
            "yes_price": 17,
            "no_price": 83,
            "taker_side": "yes"
        },
        {
            "trade_id": "a7874bd1-d286-4846-9d9d-fe395b0043a6",
            "ticker": "HIGHNY-24JAN18-B31.5",
            "count": 5,
            "created_time": "2024-01-17T17:17:26.632896Z",
            "yes_price": 19,
            "no_price": 81,
            "taker_side": "yes"
        }
    ],
    "HIGHNY-24JAN18-B33.5": [
        {
            "trade_id": "2a1da473-cb77-4eb1-ae4b-81134bb1c6cd",
            "ticker": "HIGHNY-24JAN18-B33.5",
            "count": 20,
            "created_time": "2024-01-18T22:11:04.883023Z",
            "yes_price": 99,
            "no_price": 1,
            "taker_side": "no"
        },
        {
            "trade_id": "9d611cbf-bf83-4017-b901-602156156789",
            "ticker": "HIGHNY-24JAN18-B33.5",
            "count": 3,
            "created_time": "2024-01-18T22:10:26.413612Z",
            "yes_price": 99,
            "no_price": 1,
            "taker_side": "yes"
        },
        {
            "trade_id": "0a1e21fa-ae41-4fba-a216-927e803f4db3",
            "ticker": "HIGHNY-24JAN18-B33.5",
            "count": 45,
            "created_time": "2024-01-18T19:00:26.922261Z",
            "yes_price": 46,
            "no_price": 54,
            "taker_side": "no"
        },
        {
            "trade_id": "aaab2e8a-56be-4ec3-85f6-c24d79dc0d45",
            "ticker": "HIGHNY-24JAN18-B33.5",
            "count": 15,
            "created_time": "2024-01-18T18:55:09.804472Z",
            "yes_price": 46,
            "no_price": 54,
            "taker_side": "no"
        },
        {
            "trade_id": "d9dbaef1-be6b-4f59-bdef-a82d7315b373",
            "ticker": "HIGHNY-24JAN18-B33.5",
            "count": 16,
            "created_time": "2024-01-18T17:44:09.801217Z",
            "yes_price": 56,
            "no_price": 44,
            "taker_side": "no"
        },
        {
            "trade_id": "4297fb54-2897-406b-b820-57cb62853596",
            "ticker": "HIGHNY-24JAN18-B33.5",
            "count": 17,
            "created_time": "2024-01-18T17:22:41.643789Z",
            "yes_price": 55,
            "no_price": 45,
            "taker_side": "no"
        },
        {
            "trade_id": "2457a85b-0dc1-462f-8b01-49a98444eb74",
            "ticker": "HIGHNY-24JAN18-B33.5",
            "count": 43,
            "created_time": "2024-01-18T17:22:41.643789Z",
            "yes_price": 56,
            "no_price": 44,
            "taker_side": "no"
        },
        {
            "trade_id": "f63e3c28-eb46-4fc2-a244-7fa54b574b63",
            "ticker": "HIGHNY-24JAN18-B33.5",
            "count": 2,
            "created_time": "2024-01-18T17:16:24.351756Z",
            "yes_price": 55,
            "no_price": 45,
            "taker_side": "no"
        },
        {
            "trade_id": "8e3efbde-8ec0-4a2e-a3cf-cae4be0c8f9f",
            "ticker": "HIGHNY-24JAN18-B33.5",
            "count": 21,
            "created_time": "2024-01-18T17:16:24.351756Z",
            "yes_price": 56,
            "no_price": 44,
            "taker_side": "no"
        },
        {
            "trade_id": "f93fa3cd-1769-453a-bd69-552fc8074da3",
            "ticker": "HIGHNY-24JAN18-B33.5",
            "count": 43,
            "created_time": "2024-01-18T16:53:16.322234Z",
            "yes_price": 62,
            "no_price": 38,
            "taker_side": "no"
        },
        {
            "trade_id": "9a5c2d3a-e747-4ee8-ad2b-10ddcfc087e7",
            "ticker": "HIGHNY-24JAN18-B33.5",
            "count": 72,
            "created_time": "2024-01-18T16:53:16.322234Z",
            "yes_price": 56,
            "no_price": 44,
            "taker_side": "no"
        },
        {
            "trade_id": "6299305b-3876-4b6b-88c7-b3f51a717909",
            "ticker": "HIGHNY-24JAN18-B33.5",
            "count": 70,
            "created_time": "2024-01-18T16:53:16.322234Z",
            "yes_price": 59,
            "no_price": 41,
            "taker_side": "no"
        },
        {
            "trade_id": "7fb19124-0bec-4883-9275-3a8cb87aaebb",
            "ticker": "HIGHNY-24JAN18-B33.5",
            "count": 91,
            "created_time": "2024-01-18T15:28:31.878308Z",
            "yes_price": 69,
            "no_price": 31,
            "taker_side": "yes"
        },
        {
            "trade_id": "7de98afb-9b97-4972-a9ae-2a680ff883d4",
            "ticker": "HIGHNY-24JAN18-B33.5",
            "count": 91,
            "created_time": "2024-01-18T15:28:31.878308Z",
            "yes_price": 67,
            "no_price": 33,
            "taker_side": "yes"
        },
        {
            "trade_id": "1e3288e0-0fa5-4cfc-abb6-88e98f91dd83",
            "ticker": "HIGHNY-24JAN18-B33.5",
            "count": 3,
            "created_time": "2024-01-18T15:14:24.327383Z",
            "yes_price": 60,
            "no_price": 40,
            "taker_side": "yes"
        },
        {
            "trade_id": "bf4cf037-a4b8-425d-baae-23ebcafbab1e",
            "ticker": "HIGHNY-24JAN18-B33.5",
            "count": 14,
            "created_time": "2024-01-18T14:12:34.672776Z",
            "yes_price": 64,
            "no_price": 36,
            "taker_side": "yes"
        },
        {
            "trade_id": "8967408b-1294-493e-87e4-715c8b6a924b",
            "ticker": "HIGHNY-24JAN18-B33.5",
            "count": 1,
            "created_time": "2024-01-18T14:12:34.672776Z",
            "yes_price": 64,
            "no_price": 36,
            "taker_side": "yes"
        },
        {
            "trade_id": "931a895b-29c3-41e3-9ba4-cd48ef97048f",
            "ticker": "HIGHNY-24JAN18-B33.5",
            "count": 23,
            "created_time": "2024-01-18T13:09:23.340347Z",
            "yes_price": 63,
            "no_price": 37,
            "taker_side": "yes"
        },
        {
            "trade_id": "fd3c4e7b-b6e5-4ce4-b5de-665234a836b2",
            "ticker": "HIGHNY-24JAN18-B33.5",
            "count": 5,
            "created_time": "2024-01-17T21:57:00.997572Z",
            "yes_price": 54,
            "no_price": 46,
            "taker_side": "yes"
        },
        {
            "trade_id": "5131d844-241a-4b5f-bbd6-8cd5f3a1d6f1",
            "ticker": "HIGHNY-24JAN18-B33.5",
            "count": 22,
            "created_time": "2024-01-17T21:57:00.997572Z",
            "yes_price": 54,
            "no_price": 46,
            "taker_side": "yes"
        },
        {
            "trade_id": "1cccd573-7a4b-4d35-bacc-1748b6c3118e",
            "ticker": "HIGHNY-24JAN18-B33.5",
            "count": 121,
            "created_time": "2024-01-17T19:11:08.109088Z",
            "yes_price": 50,
            "no_price": 50,
            "taker_side": "yes"
        },
        {
            "trade_id": "188f141b-c11b-45f8-9831-96e8274508d4",
            "ticker": "HIGHNY-24JAN18-B33.5",
            "count": 48,
            "created_time": "2024-01-17T19:11:08.109088Z",
            "yes_price": 47,
            "no_price": 53,
            "taker_side": "yes"
        },
        {
            "trade_id": "c9ede099-41e1-4205-8034-c586bf9ada76",
            "ticker": "HIGHNY-24JAN18-B33.5",
            "count": 121,
            "created_time": "2024-01-17T18:23:32.946412Z",
            "yes_price": 46,
            "no_price": 54,
            "taker_side": "yes"
        },
        {
            "trade_id": "8df984a2-04b6-4aec-bea7-745fa8fba0bb",
            "ticker": "HIGHNY-24JAN18-B33.5",
            "count": 36,
            "created_time": "2024-01-17T18:23:32.946412Z",
            "yes_price": 44,
            "no_price": 56,
            "taker_side": "yes"
        },
        {
            "trade_id": "3383b976-57c0-487a-9aa5-80f181b38454",
            "ticker": "HIGHNY-24JAN18-B33.5",
            "count": 121,
            "created_time": "2024-01-17T18:23:32.946412Z",
            "yes_price": 49,
            "no_price": 51,
            "taker_side": "yes"
        },
        {
            "trade_id": "1a63abbc-3901-4a89-8360-de3b0f5645a7",
            "ticker": "HIGHNY-24JAN18-B33.5",
            "count": 1,
            "created_time": "2024-01-17T18:22:44.309378Z",
            "yes_price": 39,
            "no_price": 61,
            "taker_side": "yes"
        }
    ],
    "HIGHNY-24JAN18-B35.5": [
        {
            "trade_id": "3172cd9b-2e4f-44ed-a2b7-2e9303081c0c",
            "ticker": "HIGHNY-24JAN18-B35.5",
            "count": 84,
            "created_time": "2024-01-17T19:12:14.400509Z",
            "yes_price": 18,
            "no_price": 82,
            "taker_side": "no"
        },
        {
            "trade_id": "fadcfd46-4364-49ee-a1d3-4a04c4254c71",
            "ticker": "HIGHNY-24JAN18-B35.5",
            "count": 60,
            "created_time": "2024-01-17T19:12:04.938219Z",
            "yes_price": 19,
            "no_price": 81,
            "taker_side": "no"
        },
        {
            "trade_id": "b34b4a08-4766-454c-94a8-01bc4858d3b1",
            "ticker": "HIGHNY-24JAN18-B35.5",
            "count": 121,
            "created_time": "2024-01-17T18:22:26.690766Z",
            "yes_price": 24,
            "no_price": 76,
            "taker_side": "no"
        },
        {
            "trade_id": "8a7f4ad6-b197-4363-8403-068946a6ebbd",
            "ticker": "HIGHNY-24JAN18-B35.5",
            "count": 12,
            "created_time": "2024-01-17T18:22:26.690766Z",
            "yes_price": 26,
            "no_price": 74,
            "taker_side": "no"
        },
        {
            "trade_id": "b9a72289-b38d-4c52-b8de-3ccc16e49ebf",
            "ticker": "HIGHNY-24JAN18-B35.5",
            "count": 121,
            "created_time": "2024-01-17T18:22:06.717587Z",
            "yes_price": 25,
            "no_price": 75,
            "taker_side": "no"
        },
        {
            "trade_id": "a6f11ead-6876-4864-b52b-5f78e303309c",
            "ticker": "HIGHNY-24JAN18-B35.5",
            "count": 48,
            "created_time": "2024-01-17T18:22:06.717587Z",
            "yes_price": 28,
            "no_price": 72,
            "taker_side": "no"
        },
        {
            "trade_id": "6e4f21b5-d834-4582-b0c5-48f1aacb7585",
            "ticker": "HIGHNY-24JAN18-B35.5",
            "count": 121,
            "created_time": "2024-01-17T18:22:06.717587Z",
            "yes_price": 27,
            "no_price": 73,
            "taker_side": "no"
        },
        {
            "trade_id": "43c37a89-baf6-41a1-bdfd-c3373f302c87",
            "ticker": "HIGHNY-24JAN18-B35.5",
            "count": 49,
            "created_time": "2024-01-17T17:17:18.28906Z",
            "yes_price": 23,
            "no_price": 77,
            "taker_side": "yes"
        },
        {
            "trade_id": "c3e9f0f8-94df-4a08-b281-2496a6e40d11",
            "ticker": "HIGHNY-24JAN18-B35.5",
            "count": 72,
            "created_time": "2024-01-17T17:17:10.177252Z",
            "yes_price": 24,
            "no_price": 76,
            "taker_side": "no"
        },
        {
            "trade_id": "544e1647-79cd-44e6-b946-d8251824ddef",
            "ticker": "HIGHNY-24JAN18-B35.5",
            "count": 48,
            "created_time": "2024-01-17T17:17:00.790776Z",
            "yes_price": 25,
            "no_price": 75,
            "taker_side": "no"
        },
        {
            "trade_id": "add4396f-e5a4-4b71-984d-b07d021869ef",
            "ticker": "HIGHNY-24JAN18-B35.5",
            "count": 10,
            "created_time": "2024-01-17T16:27:49.682341Z",
            "yes_price": 27,
            "no_price": 73,
            "taker_side": "no"
        },
        {
            "trade_id": "c1ffadc0-614c-42c1-9745-f398ba6290a2",
            "ticker": "HIGHNY-24JAN18-B35.5",
            "count": 1,
            "created_time": "2024-01-17T15:36:37.653372Z",
            "yes_price": 26,
            "no_price": 74,
            "taker_side": "yes"
        },
        {
            "trade_id": "4d1076d5-bd46-4890-acf4-3d1cba078911",
            "ticker": "HIGHNY-24JAN18-B35.5",
            "count": 5,
            "created_time": "2024-01-17T15:36:37.653372Z",
            "yes_price": 26,
            "no_price": 74,
            "taker_side": "yes"
        }
    ],
    "HIGHNY-24JAN18-T36": [
        {
            "trade_id": "983524a5-fcfb-4025-aa62-4ab27b54e4c1",
            "ticker": "HIGHNY-24JAN18-T36",
            "count": 36,
            "created_time": "2024-01-17T19:11:52.05608Z",
            "yes_price": 10,
            "no_price": 90,
            "taker_side": "no"
        },
        {
            "trade_id": "4ac6009a-efc0-43a2-a25e-962eaf6b9ae7",
            "ticker": "HIGHNY-24JAN18-T36",
            "count": 121,
            "created_time": "2024-01-17T19:11:52.05608Z",
            "yes_price": 9,
            "no_price": 91,
            "taker_side": "no"
        },
        {
            "trade_id": "379a5c01-bc98-48a7-9d20-b7c6a710191a",
            "ticker": "HIGHNY-24JAN18-T36",
            "count": 12,
            "created_time": "2024-01-17T18:22:39.098633Z",
            "yes_price": 12,
            "no_price": 88,
            "taker_side": "no"
        },
        {
            "trade_id": "0eb1b854-fd80-4fcd-9418-d2bd90fb5c3b",
            "ticker": "HIGHNY-24JAN18-T36",
            "count": 121,
            "created_time": "2024-01-17T18:22:39.098633Z",
            "yes_price": 11,
            "no_price": 89,
            "taker_side": "no"
        },
        {
            "trade_id": "e3f24988-6f4d-4e43-b040-a39044dd7fad",
            "ticker": "HIGHNY-24JAN18-T36",
            "count": 12,
            "created_time": "2024-01-17T18:22:14.389173Z",
            "yes_price": 14,
            "no_price": 86,
            "taker_side": "no"
        },
        {
            "trade_id": "be5ae9b8-3ccb-4861-a4c7-9e9c506b0485",
            "ticker": "HIGHNY-24JAN18-T36",
            "count": 121,
            "created_time": "2024-01-17T18:22:14.389173Z",
            "yes_price": 11,
            "no_price": 89,
            "taker_side": "no"
        },
        {
            "trade_id": "58ab49f3-ff71-4bb0-b343-123c77aee369",
            "ticker": "HIGHNY-24JAN18-T36",
            "count": 121,
            "created_time": "2024-01-17T18:22:14.389173Z",
            "yes_price": 12,
            "no_price": 88,
            "taker_side": "no"
        },
        {
            "trade_id": "e4c3ee19-6591-463b-8321-c4876a2e4361",
            "ticker": "HIGHNY-24JAN18-T36",
            "count": 10,
            "created_time": "2024-01-17T16:28:10.263673Z",
            "yes_price": 7,
            "no_price": 93,
            "taker_side": "no"
        }
    ]
}