{
    "KXHIGHNY-24NOV15-T52": [
        {
            "trade_id": "930552b9-91be-47d1-84be-181e9a57a882",
            "ticker": "KXHIGHNY-24NOV15-T52",
            "count": 500,
            "created_time": "2024-11-16T03:17:40.510394Z",
            "yes_price": 1,
            "no_price": 99,
            "taker_side": "yes"
        },
        {
            "trade_id": "6e6e865a-f257-45a7-9e37-f6c1bbfca72d",
            "ticker": "KXHIGHNY-24NOV15-T52",
            "count": 467,
            "created_time": "2024-11-16T01:29:03.841831Z",
            "yes_price": 1,
            "no_price": 99,
            "taker_side": "yes"
        },
        {
            "trade_id": "75c2a448-fe90-4e4d-9269-b0e9af0e805f",
            "ticker": "KXHIGHNY-24NOV15-T52",
            "count": 4675,
            "created_time": "2024-11-16T01:07:13.384277Z",
            "yes_price": 1,
            "no_price": 99,
            "taker_side": "yes"
        },
        {
            "trade_id": "506a937d-94a8-481f-8cc3-08842b588596",
            "ticker": "KXHIGHNY-24NOV15-T52",
            "count": 14,
            "created_time": "2024-11-16T00:55:50.037756Z",
            "yes_price": 1,
            "no_price": 99,
            "taker_side": "yes"
        },
        {
            "trade_id": "eb33259e-b6df-4452-8645-dd353b2f0ef7",
            "ticker": "KXHIGHNY-24NOV15-T52",
            "count": 93,
            "created_time": "2024-11-15T23:47:51.443657Z",
            "yes_price": 1,
            "no_price": 99,
            "taker_side": "yes"
        },
        {
            "trade_id": "8896c432-b289-49fb-92b1-1de1eebb7e1d",
            "ticker": "KXHIGHNY-24NOV15-T52",
            "count": 4675,
            "created_time": "2024-11-15T23:47:44.726069Z",
            "yes_price": 1,
            "no_price": 99,
            "taker_side": "yes"
        },
        {
            "trade_id": "9abb9de5-9c22-4bce-bbed-da8301b3f818",
            "ticker": "KXHIGHNY-24NOV15-T52",
            "count": 93,
            "created_time": "2024-11-15T23:40:38.127238Z",
            "yes_price": 1,
            "no_price": 99,
            "taker_side": "yes"
        },
        {
            "trade_id": "73344fe4-b7b5-4bb2-822c-3582ab6484ad",
            "ticker": "KXHIGHNY-24NOV15-T52",
            "count": 2,
            "created_time": "2024-11-15T23:12:07.414525Z",
            "yes_price": 1,
            "no_price": 99,
            "taker_side": "yes"
        },
        {
            "trade_id": "0acd1145-6a71-4015-acb5-6be5229d5dcf",
            "ticker": "KXHIGHNY-24NOV15-T52",
            "count": 1152,
            "created_time": "2024-11-15T23:12:07.414525Z",
            "yes_price": 1,
            "no_price": 99,
            "taker_side": "yes"
        },
        {
            "trade_id": "06d29d95-2eef-40c4-aa48-884a3a32ca9f",
            "ticker": "KXHIGHNY-24NOV15-T52",
            "count": 428,
            "created_time": "2024-11-15T23:12:07.414525Z",
            "yes_price": 1,
            "no_price": 99,
            "taker_side": "yes"
        },
        {
            "trade_id": "0a18886a-9a42-43a7-b4c6-2a772773f7b4",
            "ticker": "KXHIGHNY-24NOV15-T52",
            "count": 21,
            "created_time": "2024-11-15T22:16:00.34191Z",
            "yes_price": 1,
            "no_price": 99,
            "taker_side": "yes"
        },
        {
            "trade_id": "6c590db3-0342-4177-a5d2-617c6fa6dde6",
            "ticker": "KXHIGHNY-24NOV15-T52",
            "count": 140,
            "created_time": "2024-11-15T15:53:07.102058Z",
            "yes_price": 1,
            "no_price": 99,
            "taker_side": "yes"
        },
        {
            "trade_id": "6eb55194-7d54-45f5-aa88-dc7a6d6b7900",
            "ticker": "KXHIGHNY-24NOV15-T52",
            "count": 187,
            "created_time": "2024-11-15T15:34:53.800623Z",
            "yes_price": 1,
            "no_price": 99,
            "taker_side": "yes"
        },
        {
            "trade_id": "d6bd92de-7293-4fe7-87a1-c49b76beb3b5",
            "ticker": "KXHIGHNY-24NOV15-T52",
            "count": 20,
            "created_time": "2024-11-15T15:19:08.062359Z",
            "yes_price": 2,
            "no_price": 98,
            "taker_side": "yes"
        },
        {
            "trade_id": "9aa518f8-ed3a-49a9-9fc8-8acc8bf8059c",
            "ticker": "KXHIGHNY-24NOV15-T52",
            "count": 17,
            "created_time": "2024-11-15T15:19:08.062359Z",
            "yes_price": 3,
            "no_price": 97,
            "taker_side": "yes"
        },
        {
            "trade_id": "fdb6b974-91e5-43c4-86fb-dff626554a55",
            "ticker": "KXHIGHNY-24NOV15-T52",
            "count": 187,
            "created_time": "2024-11-15T13:25:07.571386Z",
            "yes_price": 2,
            "no_price": 98,
            "taker_side": "yes"
        },
        {
            "trade_id": "f4a11f6d-04a9-443f-b357-21ea13ffa4e2",
            "ticker": "KXHIGHNY-24NOV15-T52",
            "count": 187,
            "created_time": "2024-11-15T13:25:07.571386Z",
            "yes_price": 3,
            "no_price": 97,
            "taker_side": "yes"
        },
        {
            "trade_id": "47abe231-c23f-4201-a3c8-64cd526ba503",
            "ticker": "KXHIGHNY-24NOV15-T52",
            "count": 67,
            "created_time": "2024-11-15T13:06:26.810448Z",
            "yes_price": 1,
            "no_price": 99,
            "taker_side": "yes"
        },
        {
            "trade_id": "2544ba4b-e795-47c0-840a-4a30322b09de",
            "ticker": "KXHIGHNY-24NOV15-T52",
            "count": 13,
            "created_time": "2024-11-15T13:06:26.810448Z",
            "yes_price": 2,
            "no_price": 98,
            "taker_side": "yes"
        },
        {
            "trade_id": "769aeb8a-4eac-4f79-b459-e94762b9f31e",
            "ticker": "KXHIGHNY-24NOV15-T52",
            "count": 233,
            "created_time": "2024-11-15T13:00:39.325507Z",
            "yes_price": 1,
            "no_price": 99,
            "taker_side": "yes"
        },
        {
            "trade_id": "ab48c6f1-0101-47f8-88e8-6c087d812675",
            "ticker": "KXHIGHNY-24NOV15-T52",
            "count": 50,
            "created_time": "2024-11-15T00:36:27.616466Z",
            "yes_price": 1,
            "no_price": 99,
            "taker_side": "no"
        },
        {
            "trade_id": "101ad5a1-f9fe-4e1f-8e02-43dd0988a85c",
            "ticker": "KXHIGHNY-24NOV15-T52",
            "count": 50,
            "created_time": "2024-11-15T00:36:27.537955Z",
            "yes_price": 1,
            "no_price": 99,
            "taker_side": "no"
        },
        {
            "trade_id": "54ff8bf3-406a-4c91-996a-99c07c774654",
            "ticker": "KXHIGHNY-24NOV15-T52",
            "count": 80,
            "created_time": "2024-11-14T23:27:29.432305Z",
            "yes_price": 1,
            "no_price": 99,
            "taker_side": "no"
        },
        {
            "trade_id": "4b6d7825-4c08-497d-b729-91a9c23f2894",
            "ticker": "KXHIGHNY-24NOV15-T52",
            "count": 20,
            "created_time": "2024-11-14T23:22:00.352186Z",
            "yes_price": 1,
            "no_price": 99,
            "taker_side": "no"
        },
        {
            "trade_id": "8c53539a-10b3-4ea7-8dcd-55426bf825e6",
            "ticker": "KXHIGHNY-24NOV15-T52",
            "count": 9,
            "created_time": "2024-11-14T23:13:53.682567Z",
            "yes_price": 8,
            "no_price": 92,
            "taker_side": "yes"
        },
        {
            "trade_id": "377086d1-8815-48dc-a93c-aeade64be447",
            "ticker": "KXHIGHNY-24NOV15-T52",
            "count": 54,
            "created_time": "2024-11-14T23:13:53.682567Z",
            "yes_price": 2,
            "no_price": 98,
            "taker_side": "yes"
        },
        {
            "trade_id": "ff231159-f0a5-4746-a8e9-3a383c8f94ba",
            "ticker": "KXHIGHNY-24NOV15-T52",
            "count": 46,
            "created_time": "2024-11-14T23:12:03.652237Z",
            "yes_price": 2,
            "no_price": 98,
            "taker_side": "yes"
        },
        {
            "trade_id": "5e22e425-1583-450a-b001-93c910d8684c",
            "ticker": "KXHIGHNY-24NOV15-T52",
            "count": 1,
            "created_time": "2024-11-14T23:01:11.532053Z",
            "yes_price": 1,
            "no_price": 99,
            "taker_side": "no"
        },
        {
            "trade_id": "f8cf33d4-5bc5-4652-88b8-d57d34c20290",
            "ticker": "KXHIGHNY-24NOV15-T52",
            "count": 200,
            "created_time": "2024-11-14T23:00:12.65561Z",
            "yes_price": 1,
            "no_price": 99,
            "taker_side": "no"
        },
        {
            "trade_id": "194ff34b-7de0-4f18-9195-8e3ee10af190",
            "ticker": "KXHIGHNY-24NOV15-T52",
            "count": 20,
            "created_time": "2024-11-14T15:17:52.619388Z",
            "yes_price": 1,
            "no_price": 99,
            "taker_side": "no"
        },
        {
            "trade_id": "bd7edf65-c41e-4a18-9b1d-fc9220cdbcbe",
            "ticker": "KXHIGHNY-24NOV15-T52",
            "count": 100,
            "created_time": "2024-11-14T15:15:44.472644Z",
            "yes_price": 1,
            "no_price": 99,
            "taker_side": "no"
        },
        {
            "trade_id": "25d35701-bd21-49a9-b6d2-2b2e29ffbd51",
            "ticker": "KXHIGHNY-24NOV15-T52",
            "count": 18,
            "created_time": "2024-11-14T15:01:41.129956Z",
            "yes_price": 2,
            "no_price": 98,
            "taker_side": "no"
        },
        {
            "trade_id": "e2456bcc-6dd7-4e71-a497-c83daf28a50e",
            "ticker": "KXHIGHNY-24NOV15-T52",
            "count": 2,
            "created_time": "2024-11-14T15:01:01.752998Z",
            "yes_price": 2,
            "no_price": 98,
            "taker_side": "no"
        }
    ],
    "KXHIGHNY-24NOV15-B52.5": [
        {
            "trade_id": "b0e6edad-e2cc-4fbd-b056-722286ff7540",
            "ticker": "KXHIGHNY-24NOV15-B52.5",
            "count": 245,
            "created_time": "2024-11-16T03:55:16.546305Z",
            "yes_price": 1,
            "no_price": 99,
            "taker_side": "yes"
        },
        {
            "trade_id": "aa8e8ffe-49a5-4d8f-b42f-125afdb253a1",
            "ticker": "KXHIGHNY-24NOV15-B52.5",
            "count": 1496,
            "created_time": "2024-11-16T02:44:13.724396Z",
            "yes_price": 1,
            "no_price": 99,
            "taker_side": "yes"
        },
        {
            "trade_id": "1074c6f1-5a5b-448c-a437-da6cf5be2167",
            "ticker": "KXHIGHNY-24NOV15-B52.5",
            "count": 467,
            "created_time": "2024-11-16T01:29:16.166289Z",
            "yes_price": 1,
            "no_price": 99,
            "taker_side": "yes"
        },
        {
            "trade_id": "0101b939-7bf8-4359-a0ca-e286321058e9",
            "ticker": "KXHIGHNY-24NOV15-B52.5",
            "count": 546,
            "created_time": "2024-11-16T00:54:58.442006Z",
            "yes_price": 1,
            "no_price": 99,
            "taker_side": "yes"
        },
        {
            "trade_id": "7ab8b0ae-3469-4ed9-bfbd-00115d2cc41d",
            "ticker": "KXHIGHNY-24NOV15-B52.5",
            "count": 4675,
            "created_time": "2024-11-15T23:47:00.738579Z",
            "yes_price": 1,
            "no_price": 99,
            "taker_side": "yes"
        },
        {
            "trade_id": "316ba7a2-9c09-4b90-8ecd-54159460fccc",
            "ticker": "KXHIGHNY-24NOV15-B52.5",
            "count": 93,
            "created_time": "2024-11-15T23:40:36.513405Z",
            "yes_price": 1,
            "no_price": 99,
            "taker_side": "yes"
        },
        {
            "trade_id": "0b2ed6b7-d58a-4b11-9941-6912077c85ca",
            "ticker": "KXHIGHNY-24NOV15-B52.5",
            "count": 93,
            "created_time": "2024-11-15T23:38:11.612206Z",
            "yes_price": 1,
            "no_price": 99,
            "taker_side": "yes"
        },
        {
            "trade_id": "af660cba-2abe-44c9-8339-6ad0efc429e4",
            "ticker": "KXHIGHNY-24NOV15-B52.5",
            "count": 500,
            "created_time": "2024-11-15T20:38:49.602213Z",
            "yes_price": 1,
            "no_price": 99,
            "taker_side": "yes"
        },
        {
            "trade_id": "8d5484cf-e726-474b-b2fe-d46a20df8007",
            "ticker": "KXHIGHNY-24NOV15-B52.5",
            "count": 702,
            "created_time": "2024-11-15T17:54:26.250367Z",
            "yes_price": 1,
            "no_price": 99,
            "taker_side": "yes"
        },
        {
            "trade_id": "ee6c58bd-09ad-4230-954b-e4a834c9115e",
            "ticker": "KXHIGHNY-24NOV15-B52.5",
            "count": 1,
            "created_time": "2024-11-15T17:42:13.504871Z",
            "yes_price": 2,
            "no_price": 98,
            "taker_side": "yes"
        },
        {
            "trade_id": "5bbbc30b-4cd3-4e17-a147-e60f5f67a637",
            "ticker": "KXHIGHNY-24NOV15-B52.5",
            "count": 100,
            "created_time": "2024-11-15T17:25:36.085824Z",
            "yes_price": 1,
            "no_price": 99,
            "taker_side": "no"
        },
        {
            "trade_id": "a747f429-ac09-42aa-b5b9-eedc767b4858",
            "ticker": "KXHIGHNY-24NOV15-B52.5",
            "count": 392,
            "created_time": "2024-11-15T16:58:10.76334Z",
            "yes_price": 1,
            "no_price": 99,
            "taker_side": "yes"
        },
        {
            "trade_id": "1aafce18-b1ff-4b87-95a1-dfc9bafd53f7",
            "ticker": "KXHIGHNY-24NOV15-B52.5",
            "count": 701,
            "created_time": "2024-11-15T16:46:32.339758Z",
            "yes_price": 2,
            "no_price": 98,
            "taker_side": "yes"
        },
        {
            "trade_id": "30f606df-9524-46fa-8634-b2374ad26108",
            "ticker": "KXHIGHNY-24NOV15-B52.5",
            "count": 596,
            "created_time": "2024-11-15T16:28:56.105032Z",
            "yes_price": 1,
            "no_price": 99,
            "taker_side": "no"
        },
        {
            "trade_id": "f2bb67ca-4d71-4168-a8ba-54c12e65e5fb",
            "ticker": "KXHIGHNY-24NOV15-B52.5",
            "count": 245,
            "created_time": "2024-11-15T16:19:13.783875Z",
            "yes_price": 2,
            "no_price": 98,
            "taker_side": "yes"
        },
        {
            "trade_id": "bb74e3fe-0472-48b0-a6b3-74502f9df466",
            "ticker": "KXHIGHNY-24NOV15-B52.5",
            "count": 912,
            "created_time": "2024-11-15T16:19:13.783875Z",
            "yes_price": 1,
            "no_price": 99,
            "taker_side": "yes"
        },
        {
            "trade_id": "0a9a0150-747d-4ec3-abe6-bb8e2aa82526",
            "ticker": "KXHIGHNY-24NOV15-B52.5",
            "count": 93,
            "created_time": "2024-11-15T15:54:21.17839Z",
            "yes_price": 1,
            "no_price": 99,
            "taker_side": "yes"
        },
        {
            "trade_id": "914b134e-d780-49c3-86d9-189395ff9dfe",
            "ticker": "KXHIGHNY-24NOV15-B52.5",
            "count": 121,
            "created_time": "2024-11-15T15:53:59.022148Z",
            "yes_price": 1,
            "no_price": 99,
            "taker_side": "yes"
        },
        {
            "trade_id": "9532474b-862a-4521-887f-15666846d814",
            "ticker": "KXHIGHNY-24NOV15-B52.5",
            "count": 220,
            "created_time": "2024-11-15T15:53:14.534765Z",
            "yes_price": 1,
            "no_price": 99,
            "taker_side": "yes"
        },
        {
            "trade_id": "67d654f9-a01d-4757-b905-f357e68755e8",
            "ticker": "KXHIGHNY-24NOV15-B52.5",
            "count": 187,
            "created_time": "2024-11-15T15:46:10.167712Z",
            "yes_price": 1,
            "no_price": 99,
            "taker_side": "yes"
        },
        {
            "trade_id": "46cd3ddf-feb0-4298-a11a-44c41c642e55",
            "ticker": "KXHIGHNY-24NOV15-B52.5",
            "count": 467,
            "created_time": "2024-11-15T15:34:24.309786Z",
            "yes_price": 1,
            "no_price": 99,
            "taker_side": "yes"
        },
        {
            "trade_id": "cbeb8469-481f-4d84-80ac-66faa403da15",
            "ticker": "KXHIGHNY-24NOV15-B52.5",
            "count": 46,
            "created_time": "2024-11-15T13:51:02.958844Z",
            "yes_price": 3,
            "no_price": 97,
            "taker_side": "yes"
        },
        {
            "trade_id": "d715ed3e-0dde-4c0e-9081-5eb6c7d3805a",
            "ticker": "KXHIGHNY-24NOV15-B52.5",
            "count": 351,
            "created_time": "2024-11-15T13:25:19.579164Z",
            "yes_price": 4,
            "no_price": 96,
            "taker_side": "yes"
        },
        {
            "trade_id": "e8b2fba2-3451-49c2-a227-618b0eafd91b",
            "ticker": "KXHIGHNY-24NOV15-B52.5",
            "count": 15,
            "created_time": "2024-11-15T13:02:28.634666Z",
            "yes_price": 5,
            "no_price": 95,
            "taker_side": "yes"
        },
        {
            "trade_id": "05dee345-3997-4d83-9c86-fe58d42f1475",
            "ticker": "KXHIGHNY-24NOV15-B52.5",
            "count": 60,
            "created_time": "2024-11-15T13:02:28.634666Z",
            "yes_price": 1,
            "no_price": 99,
            "taker_side": "yes"
        },
        {
            "trade_id": "8bfb6fb6-6ed3-4d00-bc30-5f51f37c1717",
            "ticker": "KXHIGHNY-24NOV15-B52.5",
            "count": 140,
            "created_time": "2024-11-15T13:00:44.960123Z",
            "yes_price": 1,
            "no_price": 99,
            "taker_side": "yes"
        },
        {
            "trade_id": "9d549b89-643e-44dd-b22f-2bd8c23b9ae3",
            "ticker": "KXHIGHNY-24NOV15-B52.5",
            "count": 244,
            "created_time": "2024-11-15T05:34:16.493178Z",
            "yes_price": 2,
            "no_price": 98,
            "taker_side": "yes"
        },
        {
            "trade_id": "9c358e20-7ca8-4063-b9b9-ba346c553c01",
            "ticker": "KXHIGHNY-24NOV15-B52.5",
            "count": 836,
            "created_time": "2024-11-15T05:34:16.493178Z",
            "yes_price": 5,
            "no_price": 95,
            "taker_side": "yes"
        },
        {
            "trade_id": "24ffd4ae-1afe-407c-902d-f641bb410fd8",
            "ticker": "KXHIGHNY-24NOV15-B52.5",
            "count": 4,
            "created_time": "2024-11-15T05:34:16.493178Z",
            "yes_price": 4,
            "no_price": 96,
            "taker_side": "yes"
        },
        {
            "trade_id": "cd57da9f-5c55-4a8f-a7ca-47aa7f230cfb",
            "ticker": "KXHIGHNY-24NOV15-B52.5",
            "count": 6,
            "created_time": "2024-11-15T05:26:13.675643Z",
            "yes_price": 2,
            "no_price": 98,
            "taker_side": "yes"
        },
        {
            "trade_id": "2da47793-f748-49bb-94bc-468f70a02755",
            "ticker": "KXHIGHNY-24NOV15-B52.5",
            "count": 24,
            "created_time": "2024-11-15T00:50:38.437817Z",
            "yes_price": 1,
            "no_price": 99,
            "taker_side": "no"
        },
        {
            "trade_id": "96d8d93e-5dff-47c5-8bc7-682794e865ef",
            "ticker": "KXHIGHNY-24NOV15-B52.5",
            "count": 6,
            "created_time": "2024-11-15T00:39:45.707813Z",
            "yes_price": 1,
            "no_price": 99,
            "taker_side": "no"
        },
        {
            "trade_id": "d611871b-d651-45b5-a2f7-11b68b22b4e1",
            "ticker": "KXHIGHNY-24NOV15-B52.5",
            "count": 20,
            "created_time": "2024-11-15T00:36:28.145154Z",
            "yes_price": 1,
            "no_price": 99,
            "taker_side": "no"
        },
        {
            "trade_id": "98b0e8d9-b21d-4743-b4f6-5fd077a7f71e",
            "ticker": "KXHIGHNY-24NOV15-B52.5",
            "count": 50,
            "created_time": "2024-11-15T00:36:27.563256Z",
            "yes_price": 1,
            "no_price": 99,
            "taker_side": "no"
        },
        {
            "trade_id": "4d38b000-4372-4229-93ef-74370f04c4c3",
            "ticker": "KXHIGHNY-24NOV15-B52.5",
            "count": 50,
            "created_time": "2024-11-15T00:36:27.552798Z",
            "yes_price": 1,
            "no_price": 99,
            "taker_side": "no"
        },
        {
            "trade_id": "c80f0390-e292-450c-b516-d4b14c129cfc",
            "ticker": "KXHIGHNY-24NOV15-B52.5",
            "count": 80,
            "created_time": "2024-11-14T23:27:29.449551Z",
            "yes_price": 1,
            "no_price": 99,
            "taker_side": "no"
        },
        {
            "trade_id": "9334dc20-bc37-47a6-9a31-6d13d3d6e165",
            "ticker": "KXHIGHNY-24NOV15-B52.5",
            "count": 20,
            "created_time": "2024-11-14T23:22:00.560015Z",
            "yes_price": 1,
            "no_price": 99,
            "taker_side": "no"
        },
        {
            "trade_id": "598bb550-7230-435e-bd91-f1eed13e14f6",
            "ticker": "KXHIGHNY-24NOV15-B52.5",
            "count": 46,
            "created_time": "2024-11-14T23:11:54.025074Z",
            "yes_price": 4,
            "no_price": 96,
            "taker_side": "yes"
        },
        {
            "trade_id": "e3a57992-cae2-4611-8ad3-bd609ac79919",
            "ticker": "KXHIGHNY-24NOV15-B52.5",
            "count": 73,
            "created_time": "2024-11-14T23:03:29.556956Z",
            "yes_price": 1,
            "no_price": 99,
            "taker_side": "no"
        },
        {
            "trade_id": "c9a014e6-7f3c-4fe0-9c63-9add2ced1d4b",
            "ticker": "KXHIGHNY-24NOV15-B52.5",
            "count": 6,
            "created_time": "2024-11-14T23:03:29.556956Z",
            "yes_price": 1,
            "no_price": 99,
            "taker_side": "no"
        },
        {
            "trade_id": "b6a403ee-babb-4def-807c-6aa9496a5ea5",
            "ticker": "KXHIGHNY-24NOV15-B52.5",
            "count": 57,
            "created_time": "2024-11-14T23:01:18.301868Z",
            "yes_price": 1,
            "no_price": 99,
            "taker_side": "no"
        },
        {
            "trade_id": "b60a7f1e-c0a5-4102-bafc-ee5378ef8024",
            "ticker": "KXHIGHNY-24NOV15-B52.5",
            "count": 1,
            "created_time": "2024-11-14T23:00:58.072859Z",
            "yes_price": 1,
            "no_price": 99,
            "taker_side": "no"
        },
        {
            "trade_id": "8c47b1bc-c417-42b7-b78a-210c85b9dc66",
            "ticker": "KXHIGHNY-24NOV15-B52.5",
            "count": 36,
            "created_time": "2024-11-14T22:44:17.707121Z",
            "yes_price": 1,
            "no_price": 99,
            "taker_side": "no"
        },
        {
            "trade_id": "9e3ec2ee-02a0-45a0-b50a-fcd6c14f8558",
            "ticker": "KXHIGHNY-24NOV15-B52.5",
            "count": 43,
            "created_time": "2024-11-14T22:41:49.98898Z",
            "yes_price": 2,
            "no_price": 98,
            "taker_side": "no"
        },
        {
            "trade_id": "ed9b0cdf-7b2c-4a4f-b39a-b1a1f110cd8f",
            "ticker": "KXHIGHNY-24NOV15-B52.5",
            "count": 57,
            "created_time": "2024-11-14T22:38:36.846242Z",
            "yes_price": 2,
            "no_price": 98,
            "taker_side": "no"
        },
        {
            "trade_id": "500422e6-928b-40b1-af96-de2167fc3374",
            "ticker": "KXHIGHNY-24NOV15-B52.5",
            "count": 9,
            "created_time": "2024-11-14T22:09:09.963424Z",
            "yes_price": 2,
            "no_price": 98,
            "taker_side": "no"
        },
        {
            "trade_id": "2bacd475-c403-4844-b704-724a6b4d531c",
            "ticker": "KXHIGHNY-24NOV15-B52.5",
            "count": 5,
            "created_time": "2024-11-14T22:07:04.624452Z",
            "yes_price": 2,
            "no_price": 98,
            "taker_side": "no"
        },
        {
            "trade_id": "9ed4b724-5fdf-4707-b14f-20c7802eac1e",
            "ticker": "KXHIGHNY-24NOV15-B52.5",
            "count": 86,
            "created_time": "2024-11-14T21:54:48.594754Z",
            "yes_price": 2,
            "no_price": 98,
            "taker_side": "no"
        },
        {
            "trade_id": "33ac2611-ae7f-4461-8291-f60f2d04c97f",
            "ticker": "KXHIGHNY-24NOV15-B52.5",
            "count": 120,
            "created_time": "2024-11-14T16:25:56.635199Z",
            "yes_price": 1,
            "no_price": 99,
            "taker_side": "no"
        },
        {
            "trade_id": "3c12b86d-8af2-49c4-8c10-5f10e95bad03",
            "ticker": "KXHIGHNY-24NOV15-B52.5",
            "count": 143,
            "created_time": "2024-11-14T15:26:27.292155Z",
            "yes_price": 4,
            "no_price": 96,
            "taker_side": "no"
        },
        {
            "trade_id": "048fdc10-1f0e-4591-ad91-b0a354482091",
            "ticker": "KXHIGHNY-24NOV15-B52.5",
            "count": 20,
            "created_time": "2024-11-14T15:17:52.690779Z",
            "yes_price": 4,
            "no_price": 96,
            "taker_side": "no"
        },
        {
            "trade_id": "5a4ec187-004a-4784-8dad-d93838f48d8c",
            "ticker": "KXHIGHNY-24NOV15-B52.5",
            "count": 100,
            "created_time": "2024-11-14T15:15:44.466059Z",
            "yes_price": 4,
            "no_price": 96,
            "taker_side": "no"
        }
    ],
    "KXHIGHNY-24NOV15-B54.5": [
        {
            "trade_id": "bf7812af-3533-4d12-bada-65b0be5f73f4",
            "ticker": "KXHIGHNY-24NOV15-B54.5",
            "count": 999,
            "created_time": "2024-11-16T04:16:46.634754Z",
            "yes_price": 1,
            "no_price": 99,
            "taker_side": "yes"
        },
        {
            "trade_id": "da6ed5d4-8e4d-43e3-8999-e3b5448f70c4",
            "ticker": "KXHIGHNY-24NOV15-B54.5",
            "count": 1,
            "created_time": "2024-11-16T04:16:35.721121Z",
            "yes_price": 1,
            "no_price": 99,
            "taker_side": "yes"
        },
        {
            "trade_id": "0ea798de-9d7f-4eea-858a-4d1d3987bd87",
            "ticker": "KXHIGHNY-24NOV15-B54.5",
            "count": 2337,
            "created_time": "2024-11-16T01:33:25.840105Z",
            "yes_price": 1,
            "no_price": 99,
            "taker_side": "yes"
        },
        {
            "trade_id": "353cce98-8180-470e-af28-1efc022ab539",
            "ticker": "KXHIGHNY-24NOV15-B54.5",
            "count": 118,
            "created_time": "2024-11-16T01:14:14.425731Z",
            "yes_price": 1,
            "no_price": 99,
            "taker_side": "yes"
        },
        {
            "trade_id": "d4c6c746-abdc-4060-a179-fa22119679d0",
            "ticker": "KXHIGHNY-24NOV15-B54.5",
            "count": 467,
            "created_time": "2024-11-16T00:17:59.88802Z",
            "yes_price": 1,
            "no_price": 99,
            "taker_side": "yes"
        },
        {
            "trade_id": "e2770167-1ad6-4934-a4ae-457d778671c9",
            "ticker": "KXHIGHNY-24NOV15-B54.5",
            "count": 93,
            "created_time": "2024-11-15T23:37:39.004499Z",
            "yes_price": 1,
            "no_price": 99,
            "taker_side": "yes"
        },
        {
            "trade_id": "97ed42b9-cc72-49d3-a0d1-7e9fd1f20ac0",
            "ticker": "KXHIGHNY-24NOV15-B54.5",
            "count": 10,
            "created_time": "2024-11-15T23:01:45.152809Z",
            "yes_price": 1,
            "no_price": 99,
            "taker_side": "yes"
        },
        {
            "trade_id": "843d69b2-4f45-4c7e-ad96-32d86fce15f3",
            "ticker": "KXHIGHNY-24NOV15-B54.5",
            "count": 2337,
            "created_time": "2024-11-15T22:34:02.95839Z",
            "yes_price": 1,
            "no_price": 99,
            "taker_side": "yes"
        },
        {
            "trade_id": "94648792-2ab7-436a-926d-cbc9054e6717",
            "ticker": "KXHIGHNY-24NOV15-B54.5",
            "count": 988,
            "created_time": "2024-11-15T21:15:58.15779Z",
            "yes_price": 1,
            "no_price": 99,
            "taker_side": "yes"
        },
        {
            "trade_id": "ae589637-6756-4b9a-93ed-1c74400161e1",
            "ticker": "KXHIGHNY-24NOV15-B54.5",
            "count": 20,
            "created_time": "2024-11-15T19:57:27.248479Z",
            "yes_price": 1,
            "no_price": 99,
            "taker_side": "yes"
        },
        {
            "trade_id": "d0d624dd-9b6d-43a1-8b25-241dcbe7ec55",
            "ticker": "KXHIGHNY-24NOV15-B54.5",
            "count": 1030,
            "created_time": "2024-11-15T18:01:55.638279Z",
            "yes_price": 1,
            "no_price": 99,
            "taker_side": "yes"
        },
        {
            "trade_id": "073b18e6-f109-48c0-b817-4277665ca0e5",
            "ticker": "KXHIGHNY-24NOV15-B54.5",
            "count": 100,
            "created_time": "2024-11-15T17:58:41.979661Z",
            "yes_price": 1,
            "no_price": 99,
            "taker_side": "yes"
        },
        {
            "trade_id": "91ebf375-d3c7-44a4-8272-68793668b0da",
            "ticker": "KXHIGHNY-24NOV15-B54.5",
            "count": 25,
            "created_time": "2024-11-15T17:49:44.841956Z",
            "yes_price": 3,
            "no_price": 97,
            "taker_side": "no"
        },
        {
            "trade_id": "ac21fdca-a932-4f82-9a2e-2a2271e6b604",
            "ticker": "KXHIGHNY-24NOV15-B54.5",
            "count": 19,
            "created_time": "2024-11-15T17:49:09.74885Z",
            "yes_price": 3,
            "no_price": 97,
            "taker_side": "no"
        },
        {
            "trade_id": "71e8842b-c1b2-4ae3-b642-30e1830100e0",
            "ticker": "KXHIGHNY-24NOV15-B54.5",
            "count": 20,
            "created_time": "2024-11-15T17:48:40.938072Z",
            "yes_price": 3,
            "no_price": 97,
            "taker_side": "no"
        },
        {
            "trade_id": "ef692434-a023-4463-b517-82585771b1fc",
            "ticker": "KXHIGHNY-24NOV15-B54.5",
            "count": 36,
            "created_time": "2024-11-15T17:48:07.430405Z",
            "yes_price": 3,
            "no_price": 97,
            "taker_side": "no"
        },
        {
            "trade_id": "02f0903d-235c-4e89-8bf2-95c26ab90222",
            "ticker": "KXHIGHNY-24NOV15-B54.5",
            "count": 27,
            "created_time": "2024-11-15T17:48:07.430405Z",
            "yes_price": 3,
            "no_price": 97,
            "taker_side": "no"
        },
        {
            "trade_id": "4768e030-f36b-4195-9700-1fc5e9cd884c",
            "ticker": "KXHIGHNY-24NOV15-B54.5",
            "count": 17,
            "created_time": "2024-11-15T17:47:46.363815Z",
            "yes_price": 3,
            "no_price": 97,
            "taker_side": "no"
        },
        {
            "trade_id": "680c5660-877c-492a-bc3e-18083f79e257",
            "ticker": "KXHIGHNY-24NOV15-B54.5",
            "count": 8,
            "created_time": "2024-11-15T17:47:42.875355Z",
            "yes_price": 3,
            "no_price": 97,
            "taker_side": "no"
        },
        {
            "trade_id": "cb9815a4-3a7e-43c0-8f0d-4259a167124e",
            "ticker": "KXHIGHNY-24NOV15-B54.5",
            "count": 10,
            "created_time": "2024-11-15T17:47:23.51407Z",
            "yes_price": 3,
            "no_price": 97,
            "taker_side": "no"
        },
        {
            "trade_id": "f542a805-30c5-4ead-bde4-ef65856793f2",
            "ticker": "KXHIGHNY-24NOV15-B54.5",
            "count": 49,
            "created_time": "2024-11-15T17:46:35.251223Z",
            "yes_price": 3,
            "no_price": 97,
            "taker_side": "no"
        },
        {
            "trade_id": "eb78f409-341c-4fa4-b1b5-19d3f6bd5baf",
            "ticker": "KXHIGHNY-24NOV15-B54.5",
            "count": 75,
            "created_time": "2024-11-15T17:45:02.470122Z",
            "yes_price": 3,
            "no_price": 97,
            "taker_side": "no"
        },
        {
            "trade_id": "6e053ce4-7022-42b2-90cd-4ded28200992",
            "ticker": "KXHIGHNY-24NOV15-B54.5",
            "count": 314,
            "created_time": "2024-11-15T17:39:15.474315Z",
            "yes_price": 3,
            "no_price": 97,
            "taker_side": "no"
        },
        {
            "trade_id": "1a440b3c-16ed-454d-9332-a082cd13d0dd",
            "ticker": "KXHIGHNY-24NOV15-B54.5",
            "count": 200,
            "created_time": "2024-11-15T17:39:15.474315Z",
            "yes_price": 3,
            "no_price": 97,
            "taker_side": "no"
        },
        {
            "trade_id": "7246ddc8-cc2c-41a4-add2-2421c5735837",
            "ticker": "KXHIGHNY-24NOV15-B54.5",
            "count": 72,
            "created_time": "2024-11-15T17:23:51.268077Z",
            "yes_price": 5,
            "no_price": 95,
            "taker_side": "yes"
        },
        {
            "trade_id": "2f061cb3-e979-4e9a-94f8-07a19d11445b",
            "ticker": "KXHIGHNY-24NOV15-B54.5",
            "count": 115,
            "created_time": "2024-11-15T17:23:51.268077Z",
            "yes_price": 5,
            "no_price": 95,
            "taker_side": "yes"
        },
        {
            "trade_id": "a16c0b19-4d0f-4144-a114-fcef9c6590e8",
            "ticker": "KXHIGHNY-24NOV15-B54.5",
            "count": 300,
            "created_time": "2024-11-15T17:15:20.99471Z",
            "yes_price": 3,
            "no_price": 97,
            "taker_side": "no"
        },
        {
            "trade_id": "462de322-1c55-46b0-aee2-4820260d3584",
            "ticker": "KXHIGHNY-24NOV15-B54.5",
            "count": 216,
            "created_time": "2024-11-15T17:15:20.99471Z",
            "yes_price": 4,
            "no_price": 96,
            "taker_side": "no"
        },
        {
            "trade_id": "2db34d33-0769-44c2-8923-8a111d3042df",
            "ticker": "KXHIGHNY-24NOV15-B54.5",
            "count": 34,
            "created_time": "2024-11-15T17:11:48.874305Z",
            "yes_price": 4,
            "no_price": 96,
            "taker_side": "no"
        },
        {
            "trade_id": "a45e034f-0e48-4cf9-b562-28bbc1a4e980",
            "ticker": "KXHIGHNY-24NOV15-B54.5",
            "count": 38,
            "created_time": "2024-11-15T17:08:34.500553Z",
            "yes_price": 5,
            "no_price": 95,
            "taker_side": "no"
        },
        {
            "trade_id": "f9364d27-1b24-46ba-bbfc-3789f6cbe034",
            "ticker": "KXHIGHNY-24NOV15-B54.5",
            "count": 100,
            "created_time": "2024-11-15T17:08:34.46732Z",
            "yes_price": 5,
            "no_price": 95,
            "taker_side": "no"
        },
        {
            "trade_id": "a9a2104b-e589-44d5-9f7a-cd8c77f5eb16",
            "ticker": "KXHIGHNY-24NOV15-B54.5",
            "count": 1,
            "created_time": "2024-11-15T17:07:24.698583Z",
            "yes_price": 5,
            "no_price": 95,
            "taker_side": "no"
        },
        {
            "trade_id": "c5ea0873-0c8f-47c6-b13b-f9592eb5f5ec",
            "ticker": "KXHIGHNY-24NOV15-B54.5",
            "count": 19,
            "created_time": "2024-11-15T16:58:02.503625Z",
            "yes_price": 5,
            "no_price": 95,
            "taker_side": "no"
        },
        {
            "trade_id": "a84eae75-d771-4d5a-86fb-d784aafea406",
            "ticker": "KXHIGHNY-24NOV15-B54.5",
            "count": 85,
            "created_time": "2024-11-15T16:58:02.503625Z",
            "yes_price": 5,
            "no_price": 95,
            "taker_side": "no"
        },
        {
            "trade_id": "7da717f4-43d3-49d7-b076-dc2716f5787d",
            "ticker": "KXHIGHNY-24NOV15-B54.5",
            "count": 111,
            "created_time": "2024-11-15T16:55:04.738948Z",
            "yes_price": 5,
            "no_price": 95,
            "taker_side": "yes"
        },
        {
            "trade_id": "76ffac6c-a609-418f-808a-1e70a904051b",
            "ticker": "KXHIGHNY-24NOV15-B54.5",
            "count": 20,
            "created_time": "2024-11-15T16:55:04.738948Z",
            "yes_price": 5,
            "no_price": 95,
            "taker_side": "yes"
        },
        {
            "trade_id": "e0ae72c1-94ec-4805-bc90-4a207f572945",
            "ticker": "KXHIGHNY-24NOV15-B54.5",
            "count": 2,
            "created_time": "2024-11-15T16:54:50.333102Z",
            "yes_price": 4,
            "no_price": 96,
            "taker_side": "no"
        },
        {
            "trade_id": "0152e09f-f63a-458f-b2c3-a654774a006b",
            "ticker": "KXHIGHNY-24NOV15-B54.5",
            "count": 150,
            "created_time": "2024-11-15T16:53:42.278963Z",
            "yes_price": 5,
            "no_price": 95,
            "taker_side": "yes"
        },
        {
            "trade_id": "fe866360-6809-4038-868a-f9bbca032b51",
            "ticker": "KXHIGHNY-24NOV15-B54.5",
            "count": 107,
            "created_time": "2024-11-15T16:52:58.189389Z",
            "yes_price": 4,
            "no_price": 96,
            "taker_side": "no"
        },
        {
            "trade_id": "e24ea1c1-e574-420a-9606-ef1a247d36b6",
            "ticker": "KXHIGHNY-24NOV15-B54.5",
            "count": 230,
            "created_time": "2024-11-15T16:52:58.189389Z",
            "yes_price": 5,
            "no_price": 95,
            "taker_side": "no"
        },
        {
            "trade_id": "c9a1d441-164c-4060-86c1-9f714a9cf029",
            "ticker": "KXHIGHNY-24NOV15-B54.5",
            "count": 14,
            "created_time": "2024-11-15T16:52:24.92931Z",
            "yes_price": 6,
            "no_price": 94,
            "taker_side": "no"
        },
        {
            "trade_id": "9b0411e8-2cdb-44f0-86b0-000e31408011",
            "ticker": "KXHIGHNY-24NOV15-B54.5",
            "count": 86,
            "created_time": "2024-11-15T16:52:24.925647Z",
            "yes_price": 6,
            "no_price": 94,
            "taker_side": "no"
        },
        {
            "trade_id": "92c5c256-2544-4008-a05a-9485acf5305a",
            "ticker": "KXHIGHNY-24NOV15-B54.5",
            "count": 196,
            "created_time": "2024-11-15T16:47:58.783269Z",
            "yes_price": 9,
            "no_price": 91,
            "taker_side": "yes"
        },
        {
            "trade_id": "a990c61f-0fcc-4135-be71-d27679ea78aa",
            "ticker": "KXHIGHNY-24NOV15-B54.5",
            "count": 80,
            "created_time": "2024-11-15T16:47:31.000403Z",
            "yes_price": 9,
            "no_price": 91,
            "taker_side": "yes"
        },
        {
            "trade_id": "933e620b-6ca7-4cd8-af37-cc9fc9255734",
            "ticker": "KXHIGHNY-24NOV15-B54.5",
            "count": 304,
            "created_time": "2024-11-15T16:47:31.000403Z",
            "yes_price": 10,
            "no_price": 90,
            "taker_side": "yes"
        },
        {
            "trade_id": "63d0371e-efd8-4806-82be-9db6409cd438",
            "ticker": "KXHIGHNY-24NOV15-B54.5",
            "count": 20,
            "created_time": "2024-11-15T16:47:09.687232Z",
            "yes_price": 5,
            "no_price": 95,
            "taker_side": "no"
        },
        {
            "trade_id": "f883d478-1612-4a5d-9256-2a53b68875d6",
            "ticker": "KXHIGHNY-24NOV15-B54.5",
            "count": 1,
            "created_time": "2024-11-15T16:46:52.094717Z",
            "yes_price": 10,
            "no_price": 90,
            "taker_side": "yes"
        },
        {
            "trade_id": "a089c3ed-68d5-478b-b2ff-698a568d2621",
            "ticker": "KXHIGHNY-24NOV15-B54.5",
            "count": 81,
            "created_time": "2024-11-15T16:46:52.094717Z",
            "yes_price": 9,
            "no_price": 91,
            "taker_side": "yes"
        },
        {
            "trade_id": "9845d029-281c-4f82-ab7a-ebf6c9df9c1c",
            "ticker": "KXHIGHNY-24NOV15-B54.5",
            "count": 100,
            "created_time": "2024-11-15T16:46:52.094717Z",
            "yes_price": 10,
            "no_price": 90,
            "taker_side": "yes"
        },
        {
            "trade_id": "2c6ce74a-6467-4768-b6a8-f1228b17321c",
            "ticker": "KXHIGHNY-24NOV15-B54.5",
            "count": 61,
            "created_time": "2024-11-15T16:46:52.094717Z",
            "yes_price": 10,
            "no_price": 90,
            "taker_side": "yes"
        },
        {
            "trade_id": "a57c279f-6859-4e1a-8fd9-144fd29a86b9",
            "ticker": "KXHIGHNY-24NOV15-B54.5",
            "count": 80,
            "created_time": "2024-11-15T16:46:04.140052Z",
            "yes_price": 8,
            "no_price": 92,
            "taker_side": "yes"
        },
        {
            "trade_id": "9b3e830d-1945-4d1e-a901-78a472c166b1",
            "ticker": "KXHIGHNY-24NOV15-B54.5",
            "count": 127,
            "created_time": "2024-11-15T16:46:04.140052Z",
            "yes_price": 8,
            "no_price": 92,
            "taker_side": "yes"
        },
        {
            "trade_id": "766b6f6b-b471-464f-969f-286424be2f42",
            "ticker": "KXHIGHNY-24NOV15-B54.5",
            "count": 100,
            "created_time": "2024-11-15T16:46:04.140052Z",
            "yes_price": 8,
            "no_price": 92,
            "taker_side": "yes"
        },
        {
            "trade_id": "6f96d78c-9f32-4c5f-ad6e-50a69dd94d8b",
            "ticker": "KXHIGHNY-24NOV15-B54.5",
            "count": 160,
            "created_time": "2024-11-15T16:46:04.140052Z",
            "yes_price": 8,
            "no_price": 92,
            "taker_side": "yes"
        },
        {
            "trade_id": "24737773-e882-49ac-b7a4-0c84ce42352b",
            "ticker": "KXHIGHNY-24NOV15-B54.5",
            "count": 80,
            "created_time": "2024-11-15T16:46:04.140052Z",
            "yes_price": 8,
            "no_price": 92,
            "taker_side": "yes"
        },
        {
            "trade_id": "88a44b5b-f3e1-4417-865d-570d73b13b43",
            "ticker": "KXHIGHNY-24NOV15-B54.5",
            "count": 100,
            "created_time": "2024-11-15T16:45:55.479043Z",
            "yes_price": 7,
            "no_price": 93,
            "taker_side": "yes"
        },
        {
            "trade_id": "f4a89e0f-d269-492e-b093-064a135c06de",
            "ticker": "KXHIGHNY-24NOV15-B54.5",
            "count": 47,
            "created_time": "2024-11-15T16:45:16.417295Z",
            "yes_price": 3,
            "no_price": 97,
            "taker_side": "no"
        },
        {
            "trade_id": "c178d7a5-363f-4754-af1a-28a46e50a2de",
            "ticker": "KXHIGHNY-24NOV15-B54.5",
            "count": 40,
            "created_time": "2024-11-15T16:44:35.725276Z",
            "yes_price": 3,
            "no_price": 97,
            "taker_side": "no"
        },
        {
            "trade_id": "153d803b-2113-401f-9ea7-12eceb5964a3",
            "ticker": "KXHIGHNY-24NOV15-B54.5",
            "count": 1,
            "created_time": "2024-11-15T16:44:34.620587Z",
            "yes_price": 3,
            "no_price": 97,
            "taker_side": "no"
        },
        {
            "trade_id": "fa6988e4-f15b-447c-a5b4-812b50fa1985",
            "ticker": "KXHIGHNY-24NOV15-B54.5",
            "count": 32,
            "created_time": "2024-11-15T16:44:13.277416Z",
            "yes_price": 1,
            "no_price": 99,
            "taker_side": "no"
        },
        {
            "trade_id": "cc6318c9-0f0b-4875-8575-00e673d1d32e",
            "ticker": "KXHIGHNY-24NOV15-B54.5",
            "count": 1588,
            "created_time": "2024-11-15T16:43:09.70346Z",
            "yes_price": 2,
            "no_price": 98,
            "taker_side": "yes"
        },
        {
            "trade_id": "5d2a5eba-c441-4a55-8b95-122dca0d10d6",
            "ticker": "KXHIGHNY-24NOV15-B54.5",
            "count": 160,
            "created_time": "2024-11-15T16:29:07.573585Z",
            "yes_price": 2,
            "no_price": 98,
            "taker_side": "yes"
        },
        {
            "trade_id": "a003b7ff-671f-4c5e-96f4-2c44225472e9",
            "ticker": "KXHIGHNY-24NOV15-B54.5",
            "count": 935,
            "created_time": "2024-11-15T16:19:24.536058Z",
            "yes_price": 2,
            "no_price": 98,
            "taker_side": "yes"
        },
        {
            "trade_id": "b4fc832c-3184-4d4e-8e08-9adcfb68de30",
            "ticker": "KXHIGHNY-24NOV15-B54.5",
            "count": 7,
            "created_time": "2024-11-15T16:16:51.343248Z",
            "yes_price": 2,
            "no_price": 98,
            "taker_side": "yes"
        },
        {
            "trade_id": "10fa0c52-39f2-40ae-857a-47b08bd1e1a3",
            "ticker": "KXHIGHNY-24NOV15-B54.5",
            "count": 156,
            "created_time": "2024-11-15T16:09:57.528715Z",
            "yes_price": 3,
            "no_price": 97,
            "taker_side": "yes"
        },
        {
            "trade_id": "c3306649-f459-4274-ab93-6871452f51e3",
            "ticker": "KXHIGHNY-24NOV15-B54.5",
            "count": 142,
            "created_time": "2024-11-15T16:09:10.673661Z",
            "yes_price": 3,
            "no_price": 97,
            "taker_side": "yes"
        },
        {
            "trade_id": "2988c078-d0c0-4d97-a265-20e4e635f368",
            "ticker": "KXHIGHNY-24NOV15-B54.5",
            "count": 232,
            "created_time": "2024-11-15T16:09:10.673661Z",
            "yes_price": 3,
            "no_price": 97,
            "taker_side": "yes"
        },
        {
            "trade_id": "a85fcb71-bc46-4910-ab46-b953208e5ab7",
            "ticker": "KXHIGHNY-24NOV15-B54.5",
            "count": 93,
            "created_time": "2024-11-15T16:08:16.880443Z",
            "yes_price": 3,
            "no_price": 97,
            "taker_side": "yes"
        },
        {
            "trade_id": "50dfed6d-b8a5-4d78-8743-876e946fe315",
            "ticker": "KXHIGHNY-24NOV15-B54.5",
            "count": 443,
            "created_time": "2024-11-15T15:50:42.200696Z",
            "yes_price": 3,
            "no_price": 97,
            "taker_side": "yes"
        },
        {
            "trade_id": "0359e409-280c-4c4b-9fcd-877526e05737",
            "ticker": "KXHIGHNY-24NOV15-B54.5",
            "count": 1674,
            "created_time": "2024-11-15T15:50:42.200696Z",
            "yes_price": 2,
            "no_price": 98,
            "taker_side": "yes"
        },
        {
            "trade_id": "8908c8f3-243b-4f39-927d-f23060e10eeb",
            "ticker": "KXHIGHNY-24NOV15-B54.5",
            "count": 100,
            "created_time": "2024-11-15T15:48:47.758587Z",
            "yes_price": 1,
            "no_price": 99,
            "taker_side": "no"
        },
        {
            "trade_id": "8bf87d6a-9d20-4240-8631-a87e26c536c9",
            "ticker": "KXHIGHNY-24NOV15-B54.5",
            "count": 233,
            "created_time": "2024-11-15T15:45:53.998241Z",
            "yes_price": 2,
            "no_price": 98,
            "taker_side": "yes"
        },
        {
            "trade_id": "457eafbc-e294-4af1-a977-913666bfe5d8",
            "ticker": "KXHIGHNY-24NOV15-B54.5",
            "count": 93,
            "created_time": "2024-11-15T15:33:42.199096Z",
            "yes_price": 2,
            "no_price": 98,
            "taker_side": "yes"
        },
        {
            "trade_id": "56630f41-d128-4684-bb85-8fe588d685a4",
            "ticker": "KXHIGHNY-24NOV15-B54.5",
            "count": 200,
            "created_time": "2024-11-15T15:20:35.138983Z",
            "yes_price": 3,
            "no_price": 97,
            "taker_side": "yes"
        },
        {
            "trade_id": "3e93bccd-0ed5-4620-981c-4bc6ff871baf",
            "ticker": "KXHIGHNY-24NOV15-B54.5",
            "count": 400,
            "created_time": "2024-11-15T15:18:53.470584Z",
            "yes_price": 1,
            "no_price": 99,
            "taker_side": "yes"
        },
        {
            "trade_id": "73e1f9d9-dc05-4104-9441-785fe5d712de",
            "ticker": "KXHIGHNY-24NOV15-B54.5",
            "count": 152,
            "created_time": "2024-11-15T14:53:51.974985Z",
            "yes_price": 1,
            "no_price": 99,
            "taker_side": "no"
        },
        {
            "trade_id": "d99de38c-30ea-445f-82c0-0f78d205ea1a",
            "ticker": "KXHIGHNY-24NOV15-B54.5",
            "count": 32,
            "created_time": "2024-11-15T14:47:01.504993Z",
            "yes_price": 3,
            "no_price": 97,
            "taker_side": "yes"
        },
        {
            "trade_id": "dd8358fc-0c1d-4cec-8f05-23cd08dc50b8",
            "ticker": "KXHIGHNY-24NOV15-B54.5",
            "count": 985,
            "created_time": "2024-11-15T14:46:18.533215Z",
            "yes_price": 3,
            "no_price": 97,
            "taker_side": "yes"
        },
        {
            "trade_id": "b9e9a6fe-d1b5-475a-8948-bae93e05e79a",
            "ticker": "KXHIGHNY-24NOV15-B54.5",
            "count": 67,
            "created_time": "2024-11-15T14:46:18.533215Z",
            "yes_price": 2,
            "no_price": 98,
            "taker_side": "yes"
        },
        {
            "trade_id": "742cb7a7-e1d7-4c08-800a-0f18630bc890",
            "ticker": "KXHIGHNY-24NOV15-B54.5",
            "count": 25,
            "created_time": "2024-11-15T14:40:22.7218Z",
            "yes_price": 2,
            "no_price": 98,
            "taker_side": "yes"
        },
        {
            "trade_id": "08bca89d-c91b-41f5-8987-f3d0a326531c",
            "ticker": "KXHIGHNY-24NOV15-B54.5",
            "count": 77,
            "created_time": "2024-11-15T14:38:15.68165Z",
            "yes_price": 1,
            "no_price": 99,
            "taker_side": "no"
        },
        {
            "trade_id": "81a4797e-4911-41f9-af67-0dd246b19144",
            "ticker": "KXHIGHNY-24NOV15-B54.5",
            "count": 58,
            "created_time": "2024-11-15T14:37:47.586632Z",
            "yes_price": 1,
            "no_price": 99,
            "taker_side": "no"
        },
        {
            "trade_id": "567dacde-7022-4324-a016-92ed0a8a4ac4",
            "ticker": "KXHIGHNY-24NOV15-B54.5",
            "count": 47,
            "created_time": "2024-11-15T14:36:26.534155Z",
            "yes_price": 1,
            "no_price": 99,
            "taker_side": "no"
        },
        {
            "trade_id": "78ae5bf3-7db0-4f43-b584-9c732cec5047",
            "ticker": "KXHIGHNY-24NOV15-B54.5",
            "count": 334,
            "created_time": "2024-11-15T14:29:54.782887Z",
            "yes_price": 1,
            "no_price": 99,
            "taker_side": "no"
        },
        {
            "trade_id": "6d781741-bef2-4a12-bd32-a841f68e91de",
            "ticker": "KXHIGHNY-24NOV15-B54.5",
            "count": 75,
            "created_time": "2024-11-15T14:29:54.782887Z",
            "yes_price": 1,
            "no_price": 99,
            "taker_side": "no"
        },
        {
            "trade_id": "90566544-6dac-423a-87ad-9a1b25ad73ac",
            "ticker": "KXHIGHNY-24NOV15-B54.5",
            "count": 15,
            "created_time": "2024-11-15T14:27:36.362397Z",
            "yes_price": 3,
            "no_price": 97,
            "taker_side": "yes"
        },
        {
            "trade_id": "d22b1ebd-f789-4b93-91db-ae13b669b8c8",
            "ticker": "KXHIGHNY-24NOV15-B54.5",
            "count": 164,
            "created_time": "2024-11-15T13:57:22.521498Z",
            "yes_price": 7,
            "no_price": 93,
            "taker_side": "yes"
        },
        {
            "trade_id": "1a1d5303-39b8-469c-82dc-9c48eee5641f",
            "ticker": "KXHIGHNY-24NOV15-B54.5",
            "count": 34,
            "created_time": "2024-11-15T13:57:22.521498Z",
            "yes_price": 2,
            "no_price": 98,
            "taker_side": "yes"
        },
        {
            "trade_id": "f3b44712-0704-405b-8ffc-2751fbc6458a",
            "ticker": "KXHIGHNY-24NOV15-B54.5",
            "count": 156,
            "created_time": "2024-11-15T13:53:57.840175Z",
            "yes_price": 2,
            "no_price": 98,
            "taker_side": "yes"
        },
        {
            "trade_id": "dc3a8aa6-ec58-413e-9bb9-d56e9fb035a8",
            "ticker": "KXHIGHNY-24NOV15-B54.5",
            "count": 35,
            "created_time": "2024-11-15T13:50:16.945299Z",
            "yes_price": 1,
            "no_price": 99,
            "taker_side": "no"
        },
        {
            "trade_id": "87fb83e2-5e06-47ed-9f3a-3ce9e2afb758",
            "ticker": "KXHIGHNY-24NOV15-B54.5",
            "count": 762,
            "created_time": "2024-11-15T13:50:16.945299Z",
            "yes_price": 1,
            "no_price": 99,
            "taker_side": "no"
        },
        {
            "trade_id": "56a8c2df-d5e9-487b-88e6-2bd84a292b14",
            "ticker": "KXHIGHNY-24NOV15-B54.5",
            "count": 100,
            "created_time": "2024-11-15T13:50:16.945299Z",
            "yes_price": 1,
            "no_price": 99,
            "taker_side": "no"
        },
        {
            "trade_id": "0b68bb67-9be8-4916-991e-db4b1b04262b",
            "ticker": "KXHIGHNY-24NOV15-B54.5",
            "count": 200,
            "created_time": "2024-11-15T13:50:16.945299Z",
            "yes_price": 1,
            "no_price": 99,
            "taker_side": "no"
        },
        {
            "trade_id": "ff126e7a-fcca-4daa-812a-334f72d8b441",
            "ticker": "KXHIGHNY-24NOV15-B54.5",
            "count": 70,
            "created_time": "2024-11-15T13:46:23.096145Z",
            "yes_price": 2,
            "no_price": 98,
            "taker_side": "yes"
        },
        {
            "trade_id": "f227fdaf-767d-4fc1-addb-5a517c2939b6",
            "ticker": "KXHIGHNY-24NOV15-B54.5",
            "count": 13,
            "created_time": "2024-11-15T13:43:55.80976Z",
            "yes_price": 1,
            "no_price": 99,
            "taker_side": "no"
        },
        {
            "trade_id": "f487c1ff-7dd7-48ad-b776-3729fd74aa77",
            "ticker": "KXHIGHNY-24NOV15-B54.5",
            "count": 13,
            "created_time": "2024-11-15T13:43:55.745424Z",
            "yes_price": 1,
            "no_price": 99,
            "taker_side": "no"
        },
        {
            "trade_id": "0ec7a2f3-5edc-4545-b94d-fba0b60e5fae",
            "ticker": "KXHIGHNY-24NOV15-B54.5",
            "count": 17,
            "created_time": "2024-11-15T13:43:48.529252Z",
            "yes_price": 1,
            "no_price": 99,
            "taker_side": "no"
        },
        {
            "trade_id": "99cb17a5-23ca-429f-8fb6-90effa9c102d",
            "ticker": "KXHIGHNY-24NOV15-B54.5",
            "count": 195,
            "created_time": "2024-11-15T13:43:47.903424Z",
            "yes_price": 1,
            "no_price": 99,
            "taker_side": "no"
        },
        {
            "trade_id": "8680deb2-04d0-4960-9f6b-dd4f58907a98",
            "ticker": "KXHIGHNY-24NOV15-B54.5",
            "count": 92,
            "created_time": "2024-11-15T13:43:47.903424Z",
            "yes_price": 2,
            "no_price": 98,
            "taker_side": "no"
        },
        {
            "trade_id": "4ee15e0a-da31-4550-9bab-b2a271b8844d",
            "ticker": "KXHIGHNY-24NOV15-B54.5",
            "count": 68,
            "created_time": "2024-11-15T13:43:47.903424Z",
            "yes_price": 2,
            "no_price": 98,
            "taker_side": "no"
        },
        {
            "trade_id": "2357794e-7ba5-47fe-8c5a-f4771e2ce249",
            "ticker": "KXHIGHNY-24NOV15-B54.5",
            "count": 100,
            "created_time": "2024-11-15T13:43:47.903424Z",
            "yes_price": 2,
            "no_price": 98,
            "taker_side": "no"
        },
        {
            "trade_id": "0885458e-9b29-434e-8325-115ad5ef6a48",
            "ticker": "KXHIGHNY-24NOV15-B54.5",
            "count": 120,
            "created_time": "2024-11-15T13:43:47.903424Z",
            "yes_price": 1,
            "no_price": 99,
            "taker_side": "no"
        },
        {
            "trade_id": "bdc209eb-661f-4035-895f-029e68c13059",
            "ticker": "KXHIGHNY-24NOV15-B54.5",
            "count": 5,
            "created_time": "2024-11-15T13:43:45.704606Z",
            "yes_price": 2,
            "no_price": 98,
            "taker_side": "no"
        },
        {
            "trade_id": "d79fc34e-8e1a-40b7-8171-30e58641e8be",
            "ticker": "KXHIGHNY-24NOV15-B54.5",
            "count": 17,
            "created_time": "2024-11-15T13:42:18.400513Z",
            "yes_price": 2,
            "no_price": 98,
            "taker_side": "no"
        },
        {
            "trade_id": "85b113ed-fb40-4467-b179-14019e8b9884",
            "ticker": "KXHIGHNY-24NOV15-B54.5",
            "count": 3,
            "created_time": "2024-11-15T13:42:18.400513Z",
            "yes_price": 2,
            "no_price": 98,
            "taker_side": "no"
        },
        {
            "trade_id": "296dfd97-2dec-4b43-8a39-733634bf9f28",
            "ticker": "KXHIGHNY-24NOV15-B54.5",
            "count": 13,
            "created_time": "2024-11-15T13:42:10.233889Z",
            "yes_price": 7,
            "no_price": 93,
            "taker_side": "yes"
        },
        {
            "trade_id": "75e62cda-924c-4e16-a4b9-42fc1a3b61a4",
            "ticker": "KXHIGHNY-24NOV15-B54.5",
            "count": 24,
            "created_time": "2024-11-15T13:42:06.023963Z",
            "yes_price": 2,
            "no_price": 98,
            "taker_side": "no"
        },
        {
            "trade_id": "8dc0dc82-a801-43cf-a258-28f1ad830b87",
            "ticker": "KXHIGHNY-24NOV15-B54.5",
            "count": 12,
            "created_time": "2024-11-15T13:42:02.181542Z",
            "yes_price": 2,
            "no_price": 98,
            "taker_side": "no"
        },
        {
            "trade_id": "c3315a0e-8f11-491b-8a13-8b297894c2af",
            "ticker": "KXHIGHNY-24NOV15-B54.5",
            "count": 16,
            "created_time": "2024-11-15T13:41:14.161395Z",
            "yes_price": 2,
            "no_price": 98,
            "taker_side": "no"
        },
        {
            "trade_id": "e6432371-90fb-4291-b961-d0c63aa56739",
            "ticker": "KXHIGHNY-24NOV15-B54.5",
            "count": 15,
            "created_time": "2024-11-15T13:40:49.107355Z",
            "yes_price": 2,
            "no_price": 98,
            "taker_side": "no"
        },
        {
            "trade_id": "89f8d8ce-6786-44bc-9d12-a8ccc34cb087",
            "ticker": "KXHIGHNY-24NOV15-B54.5",
            "count": 13,
            "created_time": "2024-11-15T13:36:12.435176Z",
            "yes_price": 7,
            "no_price": 93,
            "taker_side": "yes"
        },
        {
            "trade_id": "a3d147b0-e2fd-4852-8ab5-e5993b404b23",
            "ticker": "KXHIGHNY-24NOV15-B54.5",
            "count": 50,
            "created_time": "2024-11-15T13:24:46.791327Z",
            "yes_price": 7,
            "no_price": 93,
            "taker_side": "yes"
        },
        {
            "trade_id": "1baf97a4-ee55-4b91-9ed8-1de14cd6b978",
            "ticker": "KXHIGHNY-24NOV15-B54.5",
            "count": 218,
            "created_time": "2024-11-15T13:24:46.791327Z",
            "yes_price": 7,
            "no_price": 93,
            "taker_side": "yes"
        },
        {
            "trade_id": "35feee1c-11eb-481d-9192-e9fd42de0829",
            "ticker": "KXHIGHNY-24NOV15-B54.5",
            "count": 46,
            "created_time": "2024-11-15T13:21:11.245337Z",
            "yes_price": 2,
            "no_price": 98,
            "taker_side": "no"
        },
        {
            "trade_id": "71dd0bdd-b45b-4766-b4a9-73cbd341dbee",
            "ticker": "KXHIGHNY-24NOV15-B54.5",
            "count": 36,
            "created_time": "2024-11-15T13:20:28.721292Z",
            "yes_price": 2,
            "no_price": 98,
            "taker_side": "no"
        },
        {
            "trade_id": "68b82ce0-85d3-4e8a-96d6-81b3224cb188",
            "ticker": "KXHIGHNY-24NOV15-B54.5",
            "count": 29,
            "created_time": "2024-11-15T13:19:21.184143Z",
            "yes_price": 2,
            "no_price": 98,
            "taker_side": "no"
        },
        {
            "trade_id": "9dcc2c9a-fa4d-4ec6-9c6c-f81a5cd6d470",
            "ticker": "KXHIGHNY-24NOV15-B54.5",
            "count": 27,
            "created_time": "2024-11-15T13:13:27.829278Z",
            "yes_price": 2,
            "no_price": 98,
            "taker_side": "no"
        },
        {
            "trade_id": "a93e10a2-5fdd-4368-872e-bfe9f8e0e91f",
            "ticker": "KXHIGHNY-24NOV15-B54.5",
            "count": 73,
            "created_time": "2024-11-15T13:13:13.276462Z",
            "yes_price": 2,
            "no_price": 98,
            "taker_side": "no"
        },
        {
            "trade_id": "5593e99b-7cff-4036-b41e-af4f728dd141",
            "ticker": "KXHIGHNY-24NOV15-B54.5",
            "count": 14,
            "created_time": "2024-11-15T13:01:16.530996Z",
            "yes_price": 10,
            "no_price": 90,
            "taker_side": "yes"
        },
        {
            "trade_id": "fc3b9f36-d320-46fe-b1e6-527e2990f91c",
            "ticker": "KXHIGHNY-24NOV15-B54.5",
            "count": 84,
            "created_time": "2024-11-15T13:00:46.314747Z",
            "yes_price": 18,
            "no_price": 82,
            "taker_side": "yes"
        },
        {
            "trade_id": "70a11e3b-096b-4356-ad26-af477531d57b",
            "ticker": "KXHIGHNY-24NOV15-B54.5",
            "count": 240,
            "created_time": "2024-11-15T13:00:46.314747Z",
            "yes_price": 9,
            "no_price": 91,
            "taker_side": "yes"
        },
        {
            "trade_id": "61ed662c-0cae-4b52-a05a-d9aa0cfb4085",
            "ticker": "KXHIGHNY-24NOV15-B54.5",
            "count": 88,
            "created_time": "2024-11-15T13:00:46.314747Z",
            "yes_price": 16,
            "no_price": 84,
            "taker_side": "yes"
        },
        {
            "trade_id": "3d552042-bfe5-4e15-9810-c0fb6c8759b0",
            "ticker": "KXHIGHNY-24NOV15-B54.5",
            "count": 240,
            "created_time": "2024-11-15T13:00:46.314747Z",
            "yes_price": 8,
            "no_price": 92,
            "taker_side": "yes"
        },
        {
            "trade_id": "1bc0815a-63f0-4b5f-94d9-c535144be5a3",
            "ticker": "KXHIGHNY-24NOV15-B54.5",
            "count": 240,
            "created_time": "2024-11-15T13:00:46.314747Z",
            "yes_price": 10,
            "no_price": 90,
            "taker_side": "yes"
        },
        {
            "trade_id": "fc06c416-9c60-405f-a5f0-b7f614e96d94",
            "ticker": "KXHIGHNY-24NOV15-B54.5",
            "count": 40,
            "created_time": "2024-11-15T13:00:13.457657Z",
            "yes_price": 8,
            "no_price": 92,
            "taker_side": "yes"
        },
        {
            "trade_id": "d5d2f2b9-a906-4b2b-8c25-6cf6ec271da9",
            "ticker": "KXHIGHNY-24NOV15-B54.5",
            "count": 140,
            "created_time": "2024-11-15T13:00:13.457657Z",
            "yes_price": 9,
            "no_price": 91,
            "taker_side": "yes"
        },
        {
            "trade_id": "9fdefacc-a615-455d-90ff-9621a0dfb7f2",
            "ticker": "KXHIGHNY-24NOV15-B54.5",
            "count": 69,
            "created_time": "2024-11-15T13:00:13.457657Z",
            "yes_price": 9,
            "no_price": 91,
            "taker_side": "yes"
        },
        {
            "trade_id": "862dc0a0-95d6-48a3-9e7d-caa31f8c9b4a",
            "ticker": "KXHIGHNY-24NOV15-B54.5",
            "count": 160,
            "created_time": "2024-11-15T13:00:13.457657Z",
            "yes_price": 10,
            "no_price": 90,
            "taker_side": "yes"
        },
        {
            "trade_id": "85fb7ade-d644-44c1-8560-32949f305b9c",
            "ticker": "KXHIGHNY-24NOV15-B54.5",
            "count": 50,
            "created_time": "2024-11-15T13:00:13.457657Z",
            "yes_price": 6,
            "no_price": 94,
            "taker_side": "yes"
        },
        {
            "trade_id": "6275c402-ce3c-4399-9902-c857c2904d9b",
            "ticker": "KXHIGHNY-24NOV15-B54.5",
            "count": 80,
            "created_time": "2024-11-15T13:00:13.457657Z",
            "yes_price": 10,
            "no_price": 90,
            "taker_side": "yes"
        },
        {
            "trade_id": "5d778474-b4dc-4639-a806-f4a60a9b12b5",
            "ticker": "KXHIGHNY-24NOV15-B54.5",
            "count": 164,
            "created_time": "2024-11-15T13:00:13.457657Z",
            "yes_price": 16,
            "no_price": 84,
            "taker_side": "yes"
        },
        {
            "trade_id": "4a42847b-a417-4ebc-b5bd-64277309d8a4",
            "ticker": "KXHIGHNY-24NOV15-B54.5",
            "count": 31,
            "created_time": "2024-11-15T13:00:13.457657Z",
            "yes_price": 9,
            "no_price": 91,
            "taker_side": "yes"
        },
        {
            "trade_id": "1e82cce3-7404-4ac1-9caa-976d9fa7bf28",
            "ticker": "KXHIGHNY-24NOV15-B54.5",
            "count": 89,
            "created_time": "2024-11-15T13:00:13.457657Z",
            "yes_price": 8,
            "no_price": 92,
            "taker_side": "yes"
        },
        {
            "trade_id": "0f908bd7-ac05-41e4-89c1-89bf790c48e2",
            "ticker": "KXHIGHNY-24NOV15-B54.5",
            "count": 111,
            "created_time": "2024-11-15T13:00:13.457657Z",
            "yes_price": 8,
            "no_price": 92,
            "taker_side": "yes"
        },
        {
            "trade_id": "a25b258a-bb20-4274-8fac-c4dd1cd1df7a",
            "ticker": "KXHIGHNY-24NOV15-B54.5",
            "count": 100,
            "created_time": "2024-11-15T07:48:54.74887Z",
            "yes_price": 2,
            "no_price": 98,
            "taker_side": "no"
        },
        {
            "trade_id": "dfe9c95a-17e8-44e5-b0dd-d82e80548d77",
            "ticker": "KXHIGHNY-24NOV15-B54.5",
            "count": 5,
            "created_time": "2024-11-15T07:47:00.594195Z",
            "yes_price": 2,
            "no_price": 98,
            "taker_side": "no"
        },
        {
            "trade_id": "eccc32aa-021a-4be8-a2fb-b2654cc24c7d",
            "ticker": "KXHIGHNY-24NOV15-B54.5",
            "count": 2,
            "created_time": "2024-11-15T07:36:50.945638Z",
            "yes_price": 2,
            "no_price": 98,
            "taker_side": "no"
        },
        {
            "trade_id": "ef461b87-1653-48db-9b5e-220352e49e53",
            "ticker": "KXHIGHNY-24NOV15-B54.5",
            "count": 12,
            "created_time": "2024-11-15T07:34:15.904103Z",
            "yes_price": 2,
            "no_price": 98,
            "taker_side": "no"
        },
        {
            "trade_id": "f255c6ec-20c3-4f12-bfae-80a7751ca99c",
            "ticker": "KXHIGHNY-24NOV15-B54.5",
            "count": 12,
            "created_time": "2024-11-15T07:34:10.55626Z",
            "yes_price": 2,
            "no_price": 98,
            "taker_side": "no"
        },
        {
            "trade_id": "1300bd34-c168-41ca-9f05-8e3a5c90a1ac",
            "ticker": "KXHIGHNY-24NOV15-B54.5",
            "count": 12,
            "created_time": "2024-11-15T07:33:47.115894Z",
            "yes_price": 2,
            "no_price": 98,
            "taker_side": "no"
        },
        {
            "trade_id": "138e37af-2c91-430c-bf92-79638763629b",
            "ticker": "KXHIGHNY-24NOV15-B54.5",
            "count": 11,
            "created_time": "2024-11-15T07:28:53.453778Z",
            "yes_price": 8,
            "no_price": 92,
            "taker_side": "yes"
        },
        {
            "trade_id": "6f122fc8-dfd4-4a45-bdb4-62978066b9bd",
            "ticker": "KXHIGHNY-24NOV15-B54.5",
            "count": 38,
            "created_time": "2024-11-15T07:26:50.280818Z",
            "yes_price": 2,
            "no_price": 98,
            "taker_side": "no"
        },
        {
            "trade_id": "828f3194-116f-4147-9041-0d3af00d38c0",
            "ticker": "KXHIGHNY-24NOV15-B54.5",
            "count": 1,
            "created_time": "2024-11-15T07:24:42.368601Z",
            "yes_price": 2,
            "no_price": 98,
            "taker_side": "no"
        },
        {
            "trade_id": "28f0fbd4-b65e-43f3-8cab-f693a65a0431",
            "ticker": "KXHIGHNY-24NOV15-B54.5",
            "count": 24,
            "created_time": "2024-11-15T07:24:42.368601Z",
            "yes_price": 2,
            "no_price": 98,
            "taker_side": "no"
        },
        {
            "trade_id": "c761b04d-0438-4aee-beec-ecd3165f23f2",
            "ticker": "KXHIGHNY-24NOV15-B54.5",
            "count": 100,
            "created_time": "2024-11-15T07:23:06.499585Z",
            "yes_price": 8,
            "no_price": 92,
            "taker_side": "yes"
        },
        {
            "trade_id": "2cb2a0c9-f202-4661-9103-c69095317e37",
            "ticker": "KXHIGHNY-24NOV15-B54.5",
            "count": 27,
            "created_time": "2024-11-15T07:23:06.499585Z",
            "yes_price": 5,
            "no_price": 95,
            "taker_side": "yes"
        },
        {
            "trade_id": "e6b810c7-e4c7-4b38-b073-02ed9edfc5bc",
            "ticker": "KXHIGHNY-24NOV15-B54.5",
            "count": 5,
            "created_time": "2024-11-15T07:02:26.442737Z",
            "yes_price": 5,
            "no_price": 95,
            "taker_side": "yes"
        },
        {
            "trade_id": "731a2d14-2de7-4c9a-86f3-a44e1efd1e8b",
            "ticker": "KXHIGHNY-24NOV15-B54.5",
            "count": 18,
            "created_time": "2024-11-15T07:01:11.918699Z",
            "yes_price": 5,
            "no_price": 95,
            "taker_side": "yes"
        },
        {
            "trade_id": "3afc9ce5-e003-4b8f-a785-62708f105914",
            "ticker": "KXHIGHNY-24NOV15-B54.5",
            "count": 11,
            "created_time": "2024-11-15T06:22:58.401677Z",
            "yes_price": 3,
            "no_price": 97,
            "taker_side": "no"
        },
        {
            "trade_id": "d2b891e5-0788-45c3-922f-3211490e6299",
            "ticker": "KXHIGHNY-24NOV15-B54.5",
            "count": 37,
            "created_time": "2024-11-15T06:22:44.130536Z",
            "yes_price": 5,
            "no_price": 95,
            "taker_side": "yes"
        },
        {
            "trade_id": "85b6d99b-3029-49ac-bd78-e90f08bbf4b4",
            "ticker": "KXHIGHNY-24NOV15-B54.5",
            "count": 1,
            "created_time": "2024-11-15T06:22:13.462287Z",
            "yes_price": 3,
            "no_price": 97,
            "taker_side": "no"
        },
        {
            "trade_id": "d8b72f56-20cc-4f59-b667-5cf9d037176b",
            "ticker": "KXHIGHNY-24NOV15-B54.5",
            "count": 22,
            "created_time": "2024-11-15T06:12:05.255987Z",
            "yes_price": 3,
            "no_price": 97,
            "taker_side": "no"
        },
        {
            "trade_id": "5a0d177b-05e9-4645-85be-1f9067579995",
            "ticker": "KXHIGHNY-24NOV15-B54.5",
            "count": 27,
            "created_time": "2024-11-15T06:11:59.159049Z",
            "yes_price": 3,
            "no_price": 97,
            "taker_side": "no"
        },
        {
            "trade_id": "da045748-20ad-4adf-aaab-2402b9a88f2a",
            "ticker": "KXHIGHNY-24NOV15-B54.5",
            "count": 50,
            "created_time": "2024-11-15T06:10:16.720831Z",
            "yes_price": 4,
            "no_price": 96,
            "taker_side": "no"
        },
        {
            "trade_id": "6b59989d-598f-4d5e-a58e-6e6477f60f4d",
            "ticker": "KXHIGHNY-24NOV15-B54.5",
            "count": 50,
            "created_time": "2024-11-15T06:03:28.327475Z",
            "yes_price": 4,
            "no_price": 96,
            "taker_side": "no"
        },
        {
            "trade_id": "f222c4f1-fa9d-49f2-be87-85c82fc8078c",
            "ticker": "KXHIGHNY-24NOV15-B54.5",
            "count": 100,
            "created_time": "2024-11-15T06:01:35.596464Z",
            "yes_price": 4,
            "no_price": 96,
            "taker_side": "no"
        },
        {
            "trade_id": "863c937d-3220-4fc9-9e51-c30238f9a840",
            "ticker": "KXHIGHNY-24NOV15-B54.5",
            "count": 13,
            "created_time": "2024-11-15T06:00:40.413722Z",
            "yes_price": 4,
            "no_price": 96,
            "taker_side": "no"
        },
        {
            "trade_id": "226e59b9-6919-4949-be99-7490e4316901",
            "ticker": "KXHIGHNY-24NOV15-B54.5",
            "count": 87,
            "created_time": "2024-11-15T06:00:40.413722Z",
            "yes_price": 4,
            "no_price": 96,
            "taker_side": "no"
        },
        {
            "trade_id": "48d40bf3-7b1c-411d-a9a9-04637177fabb",
            "ticker": "KXHIGHNY-24NOV15-B54.5",
            "count": 31,
            "created_time": "2024-11-15T05:56:08.889989Z",
            "yes_price": 9,
            "no_price": 91,
            "taker_side": "yes"
        },
        {
            "trade_id": "e400024b-16f1-4da0-a0a2-0287c3617307",
            "ticker": "KXHIGHNY-24NOV15-B54.5",
            "count": 40,
            "created_time": "2024-11-15T05:37:01.636017Z",
            "yes_price": 9,
            "no_price": 91,
            "taker_side": "yes"
        },
        {
            "trade_id": "9857e015-5961-47df-9493-715aec19d160",
            "ticker": "KXHIGHNY-24NOV15-B54.5",
            "count": 96,
            "created_time": "2024-11-15T05:37:01.636017Z",
            "yes_price": 9,
            "no_price": 91,
            "taker_side": "yes"
        },
        {
            "trade_id": "560a12c9-7d73-4108-bc51-ffe0f57924a0",
            "ticker": "KXHIGHNY-24NOV15-B54.5",
            "count": 36,
            "created_time": "2024-11-15T05:37:01.636017Z",
            "yes_price": 9,
            "no_price": 91,
            "taker_side": "yes"
        },
        {
            "trade_id": "0c133109-614e-492b-9beb-fa77e02beb21",
            "ticker": "KXHIGHNY-24NOV15-B54.5",
            "count": 100,
            "created_time": "2024-11-15T05:37:01.636017Z",
            "yes_price": 8,
            "no_price": 92,
            "taker_side": "yes"
        },
        {
            "trade_id": "96af541a-bb4a-4cd2-9037-6b613bdb5e2b",
            "ticker": "KXHIGHNY-24NOV15-B54.5",
            "count": 100,
            "created_time": "2024-11-15T05:35:52.357212Z",
            "yes_price": 7,
            "no_price": 93,
            "taker_side": "yes"
        },
        {
            "trade_id": "7cd4e329-a670-43f2-9885-ce40f7fa395c",
            "ticker": "KXHIGHNY-24NOV15-B54.5",
            "count": 4,
            "created_time": "2024-11-15T05:35:52.357212Z",
            "yes_price": 9,
            "no_price": 91,
            "taker_side": "yes"
        },
        {
            "trade_id": "33d83062-9097-4631-bed8-1d670a178300",
            "ticker": "KXHIGHNY-24NOV15-B54.5",
            "count": 100,
            "created_time": "2024-11-15T05:35:52.357212Z",
            "yes_price": 8,
            "no_price": 92,
            "taker_side": "yes"
        },
        {
            "trade_id": "295683bf-1878-47be-8169-5403b80555bf",
            "ticker": "KXHIGHNY-24NOV15-B54.5",
            "count": 100,
            "created_time": "2024-11-15T05:35:52.357212Z",
            "yes_price": 9,
            "no_price": 91,
            "taker_side": "yes"
        },
        {
            "trade_id": "c2ca34fa-cae0-4483-b3d7-258468e6c272",
            "ticker": "KXHIGHNY-24NOV15-B54.5",
            "count": 150,
            "created_time": "2024-11-15T05:24:44.825485Z",
            "yes_price": 4,
            "no_price": 96,
            "taker_side": "no"
        },
        {
            "trade_id": "0dbe143a-1d16-4794-a8fc-222dfeeb68b2",
            "ticker": "KXHIGHNY-24NOV15-B54.5",
            "count": 100,
            "created_time": "2024-11-15T05:22:48.659992Z",
            "yes_price": 4,
            "no_price": 96,
            "taker_side": "no"
        },
        {
            "trade_id": "422c151b-1236-4c22-95a1-2afb455c7a17",
            "ticker": "KXHIGHNY-24NOV15-B54.5",
            "count": 135,
            "created_time": "2024-11-15T05:05:59.213601Z",
            "yes_price": 5,
            "no_price": 95,
            "taker_side": "yes"
        },
        {
            "trade_id": "51563c93-a1a0-4a9a-a55d-92b402b634d6",
            "ticker": "KXHIGHNY-24NOV15-B54.5",
            "count": 12,
            "created_time": "2024-11-15T05:05:58.247505Z",
            "yes_price": 5,
            "no_price": 95,
            "taker_side": "no"
        },
        {
            "trade_id": "e0a3866a-4b10-4f18-9e40-65e32d2fbb87",
            "ticker": "KXHIGHNY-24NOV15-B54.5",
            "count": 8,
            "created_time": "2024-11-15T05:03:12.679076Z",
            "yes_price": 5,
            "no_price": 95,
            "taker_side": "no"
        },
        {
            "trade_id": "f9c5e23b-5dec-416d-bb94-ae16470e7113",
            "ticker": "KXHIGHNY-24NOV15-B54.5",
            "count": 64,
            "created_time": "2024-11-15T05:01:51.18044Z",
            "yes_price": 5,
            "no_price": 95,
            "taker_side": "no"
        },
        {
            "trade_id": "11748da3-6bd3-41b0-a47d-664324554867",
            "ticker": "KXHIGHNY-24NOV15-B54.5",
            "count": 5,
            "created_time": "2024-11-15T05:01:29.812312Z",
            "yes_price": 5,
            "no_price": 95,
            "taker_side": "no"
        },
        {
            "trade_id": "47fd7e50-f82c-40bf-85b1-b65f9d96d738",
            "ticker": "KXHIGHNY-24NOV15-B54.5",
            "count": 182,
            "created_time": "2024-11-15T05:01:16.776429Z",
            "yes_price": 5,
            "no_price": 95,
            "taker_side": "no"
        },
        {
            "trade_id": "34c0ca7b-38cd-4585-ac39-ae7adcc091e7",
            "ticker": "KXHIGHNY-24NOV15-B54.5",
            "count": 8,
            "created_time": "2024-11-15T05:01:00.340383Z",
            "yes_price": 5,
            "no_price": 95,
            "taker_side": "no"
        },
        {
            "trade_id": "eea60e33-3d44-4dd5-998e-72a2f0f2ad62",
            "ticker": "KXHIGHNY-24NOV15-B54.5",
            "count": 34,
            "created_time": "2024-11-15T04:39:06.512296Z",
            "yes_price": 5,
            "no_price": 95,
            "taker_side": "no"
        },
        {
            "trade_id": "a9c616ee-916d-429e-9b41-f52cede861dc",
            "ticker": "KXHIGHNY-24NOV15-B54.5",
            "count": 87,
            "created_time": "2024-11-15T04:11:06.976017Z",
            "yes_price": 5,
            "no_price": 95,
            "taker_side": "no"
        },
        {
            "trade_id": "9389c9c1-60f2-45c7-8b95-359bdd937bba",
            "ticker": "KXHIGHNY-24NOV15-B54.5",
            "count": 5,
            "created_time": "2024-11-15T04:11:06.976017Z",
            "yes_price": 5,
            "no_price": 95,
            "taker_side": "no"
        },
        {
            "trade_id": "6693814e-88d0-4dc4-b0ba-ecc45802f40c",
            "ticker": "KXHIGHNY-24NOV15-B54.5",
            "count": 18,
            "created_time": "2024-11-15T04:06:50.970316Z",
            "yes_price": 5,
            "no_price": 95,
            "taker_side": "no"
        },
        {
            "trade_id": "919ad8d5-a66e-409d-ac95-6b1cbeaf08a1",
            "ticker": "KXHIGHNY-24NOV15-B54.5",
            "count": 13,
            "created_time": "2024-11-15T04:06:14.737276Z",
            "yes_price": 5,
            "no_price": 95,
            "taker_side": "no"
        },
        {
            "trade_id": "2a8e13bb-af82-431e-9025-3e19cc887cc6",
            "ticker": "KXHIGHNY-24NOV15-B54.5",
            "count": 69,
            "created_time": "2024-11-15T04:05:37.10734Z",
            "yes_price": 6,
            "no_price": 94,
            "taker_side": "no"
        },
        {
            "trade_id": "c534f410-cb6f-4da1-bfa2-0093645962cc",
            "ticker": "KXHIGHNY-24NOV15-B54.5",
            "count": 37,
            "created_time": "2024-11-15T03:51:33.071068Z",
            "yes_price": 6,
            "no_price": 94,
            "taker_side": "no"
        },
        {
            "trade_id": "27c67556-79d1-4158-bf70-96a854d3796f",
            "ticker": "KXHIGHNY-24NOV15-B54.5",
            "count": 53,
            "created_time": "2024-11-15T03:24:33.403715Z",
            "yes_price": 9,
            "no_price": 91,
            "taker_side": "no"
        },
        {
            "trade_id": "b9fc3019-7aab-4209-90b7-541305e45815",
            "ticker": "KXHIGHNY-24NOV15-B54.5",
            "count": 47,
            "created_time": "2024-11-15T03:24:28.529549Z",
            "yes_price": 9,
            "no_price": 91,
            "taker_side": "no"
        },
        {
            "trade_id": "1771d025-8f3f-4e93-ba9a-1d1afb3bda50",
            "ticker": "KXHIGHNY-24NOV15-B54.5",
            "count": 9,
            "created_time": "2024-11-15T03:16:35.17749Z",
            "yes_price": 10,
            "no_price": 90,
            "taker_side": "yes"
        },
        {
            "trade_id": "01ff8b16-3be3-4690-b606-ea9ccc8fef60",
            "ticker": "KXHIGHNY-24NOV15-B54.5",
            "count": 147,
            "created_time": "2024-11-15T03:09:15.11609Z",
            "yes_price": 16,
            "no_price": 84,
            "taker_side": "yes"
        },
        {
            "trade_id": "993e7660-7f8b-4537-bda2-5f661d5b4ea8",
            "ticker": "KXHIGHNY-24NOV15-B54.5",
            "count": 1,
            "created_time": "2024-11-15T02:51:27.46799Z",
            "yes_price": 12,
            "no_price": 88,
            "taker_side": "no"
        },
        {
            "trade_id": "81d59a69-8756-42f0-824e-5c684711534e",
            "ticker": "KXHIGHNY-24NOV15-B54.5",
            "count": 400,
            "created_time": "2024-11-15T02:44:20.705679Z",
            "yes_price": 13,
            "no_price": 87,
            "taker_side": "no"
        },
        {
            "trade_id": "f3bf488e-bf94-4b62-8f58-8094a20bbb8e",
            "ticker": "KXHIGHNY-24NOV15-B54.5",
            "count": 2,
            "created_time": "2024-11-15T02:36:29.732845Z",
            "yes_price": 17,
            "no_price": 83,
            "taker_side": "yes"
        },
        {
            "trade_id": "e3b47ad0-94c1-4319-b657-ce40c444295e",
            "ticker": "KXHIGHNY-24NOV15-B54.5",
            "count": 100,
            "created_time": "2024-11-15T01:52:09.717791Z",
            "yes_price": 17,
            "no_price": 83,
            "taker_side": "yes"
        },
        {
            "trade_id": "9577fa4d-64c8-4190-ae31-b190104c1290",
            "ticker": "KXHIGHNY-24NOV15-B54.5",
            "count": 100,
            "created_time": "2024-11-15T01:52:09.717791Z",
            "yes_price": 17,
            "no_price": 83,
            "taker_side": "yes"
        },
        {
            "trade_id": "5d812332-c719-4b87-be24-5197a37319cb",
            "ticker": "KXHIGHNY-24NOV15-B54.5",
            "count": 10,
            "created_time": "2024-11-15T01:52:09.717791Z",
            "yes_price": 18,
            "no_price": 82,
            "taker_side": "yes"
        },
        {
            "trade_id": "77b3d8b7-66d0-4cd1-9240-7d62154908eb",
            "ticker": "KXHIGHNY-24NOV15-B54.5",
            "count": 2,
            "created_time": "2024-11-15T01:51:26.597052Z",
            "yes_price": 12,
            "no_price": 88,
            "taker_side": "no"
        },
        {
            "trade_id": "df4d8dba-9291-4644-b8a5-fcb276621118",
            "ticker": "KXHIGHNY-24NOV15-B54.5",
            "count": 500,
            "created_time": "2024-11-15T01:39:51.517639Z",
            "yes_price": 16,
            "no_price": 84,
            "taker_side": "yes"
        },
        {
            "trade_id": "a68cc11f-db17-4afc-9dbe-119cf549f721",
            "ticker": "KXHIGHNY-24NOV15-B54.5",
            "count": 100,
            "created_time": "2024-11-15T01:39:51.517639Z",
            "yes_price": 16,
            "no_price": 84,
            "taker_side": "yes"
        },
        {
            "trade_id": "72a58599-00d6-40fe-b167-3d32eec1b616",
            "ticker": "KXHIGHNY-24NOV15-B54.5",
            "count": 100,
            "created_time": "2024-11-15T01:39:51.517639Z",
            "yes_price": 16,
            "no_price": 84,
            "taker_side": "yes"
        },
        {
            "trade_id": "7929bd28-5c75-4d36-8d81-a2f18c7db35b",
            "ticker": "KXHIGHNY-24NOV15-B54.5",
            "count": 79,
            "created_time": "2024-11-15T01:39:33.073374Z",
            "yes_price": 15,
            "no_price": 85,
            "taker_side": "yes"
        },
        {
            "trade_id": "230733bc-127f-4ecb-8e81-4e48859b3bf9",
            "ticker": "KXHIGHNY-24NOV15-B54.5",
            "count": 21,
            "created_time": "2024-11-15T01:39:33.073374Z",
            "yes_price": 15,
            "no_price": 85,
            "taker_side": "yes"
        },
        {
            "trade_id": "76247e26-90ff-484c-8569-24d9d369a676",
            "ticker": "KXHIGHNY-24NOV15-B54.5",
            "count": 121,
            "created_time": "2024-11-15T01:39:22.824713Z",
            "yes_price": 15,
            "no_price": 85,
            "taker_side": "yes"
        },
        {
            "trade_id": "4a5c20b0-b563-4f87-9814-09056c228c25",
            "ticker": "KXHIGHNY-24NOV15-B54.5",
            "count": 79,
            "created_time": "2024-11-15T01:39:22.824713Z",
            "yes_price": 15,
            "no_price": 85,
            "taker_side": "yes"
        },
        {
            "trade_id": "dcbe530d-102a-4daa-ba89-b7a8765a58c4",
            "ticker": "KXHIGHNY-24NOV15-B54.5",
            "count": 100,
            "created_time": "2024-11-15T01:28:55.071058Z",
            "yes_price": 12,
            "no_price": 88,
            "taker_side": "yes"
        },
        {
            "trade_id": "d8c85376-8d11-43c8-94b9-7787263423c3",
            "ticker": "KXHIGHNY-24NOV15-B54.5",
            "count": 10,
            "created_time": "2024-11-15T01:28:55.071058Z",
            "yes_price": 12,
            "no_price": 88,
            "taker_side": "yes"
        },
        {
            "trade_id": "86956996-0114-4975-b681-b6c2b48e7ce8",
            "ticker": "KXHIGHNY-24NOV15-B54.5",
            "count": 1000,
            "created_time": "2024-11-15T01:28:55.071058Z",
            "yes_price": 14,
            "no_price": 86,
            "taker_side": "yes"
        },
        {
            "trade_id": "5eee4779-71d7-4e14-aebd-62e094d471d5",
            "ticker": "KXHIGHNY-24NOV15-B54.5",
            "count": 100,
            "created_time": "2024-11-15T01:28:55.071058Z",
            "yes_price": 14,
            "no_price": 86,
            "taker_side": "yes"
        },
        {
            "trade_id": "50bb1738-f00f-4ff3-a803-c7b14da097fc",
            "ticker": "KXHIGHNY-24NOV15-B54.5",
            "count": 100,
            "created_time": "2024-11-15T01:28:55.071058Z",
            "yes_price": 14,
            "no_price": 86,
            "taker_side": "yes"
        },
        {
            "trade_id": "908f90dc-305e-4f58-8a8f-2a9065be21c7",
            "ticker": "KXHIGHNY-24NOV15-B54.5",
            "count": 100,
            "created_time": "2024-11-15T00:54:36.44082Z",
            "yes_price": 11,
            "no_price": 89,
            "taker_side": "yes"
        },
        {
            "trade_id": "0a6b8357-b2c4-4de1-be62-606ca249c970",
            "ticker": "KXHIGHNY-24NOV15-B54.5",
            "count": 100,
            "created_time": "2024-11-15T00:54:36.44082Z",
            "yes_price": 11,
            "no_price": 89,
            "taker_side": "yes"
        },
        {
            "trade_id": "dff122ba-e0fa-4ae0-8cac-3cc0b1bac9a3",
            "ticker": "KXHIGHNY-24NOV15-B54.5",
            "count": 15,
            "created_time": "2024-11-15T00:47:27.290995Z",
            "yes_price": 9,
            "no_price": 91,
            "taker_side": "no"
        },
        {
            "trade_id": "306432f5-6106-4116-bcd1-24ca9b2fd1af",
            "ticker": "KXHIGHNY-24NOV15-B54.5",
            "count": 6,
            "created_time": "2024-11-15T00:39:45.713488Z",
            "yes_price": 9,
            "no_price": 91,
            "taker_side": "no"
        },
        {
            "trade_id": "453a49ec-7daa-4759-a77c-786f191f7f83",
            "ticker": "KXHIGHNY-24NOV15-B54.5",
            "count": 50,
            "created_time": "2024-11-15T00:36:31.942665Z",
            "yes_price": 9,
            "no_price": 91,
            "taker_side": "no"
        },
        {
            "trade_id": "4ed456c7-6684-4339-91fb-8f15e63eb0bc",
            "ticker": "KXHIGHNY-24NOV15-B54.5",
            "count": 20,
            "created_time": "2024-11-15T00:36:27.857364Z",
            "yes_price": 9,
            "no_price": 91,
            "taker_side": "no"
        },
        {
            "trade_id": "f3099957-6f62-4f7f-8ec0-7cfc85d316d6",
            "ticker": "KXHIGHNY-24NOV15-B54.5",
            "count": 50,
            "created_time": "2024-11-15T00:36:27.612455Z",
            "yes_price": 9,
            "no_price": 91,
            "taker_side": "no"
        },
        {
            "trade_id": "5df2481d-ac64-4815-a95d-32918f340915",
            "ticker": "KXHIGHNY-24NOV15-B54.5",
            "count": 50,
            "created_time": "2024-11-15T00:36:27.599706Z",
            "yes_price": 9,
            "no_price": 91,
            "taker_side": "no"
        },
        {
            "trade_id": "9b0123a9-1688-4002-83f4-134c490b5ec4",
            "ticker": "KXHIGHNY-24NOV15-B54.5",
            "count": 50,
            "created_time": "2024-11-15T00:36:27.568928Z",
            "yes_price": 9,
            "no_price": 91,
            "taker_side": "no"
        },
        {
            "trade_id": "18651d15-5673-4206-b820-ea59696db1ea",
            "ticker": "KXHIGHNY-24NOV15-B54.5",
            "count": 2,
            "created_time": "2024-11-15T00:30:00.666859Z",
            "yes_price": 10,
            "no_price": 90,
            "taker_side": "no"
        },
        {
            "trade_id": "032017a8-8023-442b-b55f-4e4e85e28dad",
            "ticker": "KXHIGHNY-24NOV15-B54.5",
            "count": 41,
            "created_time": "2024-11-15T00:20:16.067845Z",
            "yes_price": 9,
            "no_price": 91,
            "taker_side": "no"
        },
        {
            "trade_id": "882e547e-1d09-42c4-a595-9f161a353294",
            "ticker": "KXHIGHNY-24NOV15-B54.5",
            "count": 9,
            "created_time": "2024-11-15T00:20:14.359016Z",
            "yes_price": 9,
            "no_price": 91,
            "taker_side": "no"
        },
        {
            "trade_id": "9ef9a6a7-7c55-44be-854d-3f611afacdaa",
            "ticker": "KXHIGHNY-24NOV15-B54.5",
            "count": 3,
            "created_time": "2024-11-15T00:14:33.07355Z",
            "yes_price": 9,
            "no_price": 91,
            "taker_side": "no"
        },
        {
            "trade_id": "6df0f178-51f8-4d60-a34a-af61df4e1940",
            "ticker": "KXHIGHNY-24NOV15-B54.5",
            "count": 40,
            "created_time": "2024-11-15T00:06:47.41805Z",
            "yes_price": 8,
            "no_price": 92,
            "taker_side": "no"
        },
        {
            "trade_id": "7a4d7dc9-e2c8-4cdb-be9d-a3214a100bca",
            "ticker": "KXHIGHNY-24NOV15-B54.5",
            "count": 9,
            "created_time": "2024-11-14T23:56:57.593011Z",
            "yes_price": 8,
            "no_price": 92,
            "taker_side": "no"
        },
        {
            "trade_id": "5ab71e03-1798-4d99-8bee-9b100c398393",
            "ticker": "KXHIGHNY-24NOV15-B54.5",
            "count": 1,
            "created_time": "2024-11-14T23:56:38.273055Z",
            "yes_price": 8,
            "no_price": 92,
            "taker_side": "no"
        },
        {
            "trade_id": "09596296-f32c-40ad-9bfe-a382ba0f29f0",
            "ticker": "KXHIGHNY-24NOV15-B54.5",
            "count": 40,
            "created_time": "2024-11-14T23:56:10.170616Z",
            "yes_price": 8,
            "no_price": 92,
            "taker_side": "no"
        },
        {
            "trade_id": "067bbff6-b02d-4489-aad0-d39f84450568",
            "ticker": "KXHIGHNY-24NOV15-B54.5",
            "count": 17,
            "created_time": "2024-11-14T23:51:03.53092Z",
            "yes_price": 7,
            "no_price": 93,
            "taker_side": "no"
        },
        {
            "trade_id": "cca0a50a-ff34-47a4-a757-6924133f252b",
            "ticker": "KXHIGHNY-24NOV15-B54.5",
            "count": 379,
            "created_time": "2024-11-14T23:50:59.501828Z",
            "yes_price": 15,
            "no_price": 85,
            "taker_side": "yes"
        },
        {
            "trade_id": "c9e8684d-d8d8-4f39-8954-caf16b99d468",
            "ticker": "KXHIGHNY-24NOV15-B54.5",
            "count": 100,
            "created_time": "2024-11-14T23:50:59.501828Z",
            "yes_price": 11,
            "no_price": 89,
            "taker_side": "yes"
        },
        {
            "trade_id": "bbd67ac2-38f9-4dd7-acc3-d1ebd9f582cd",
            "ticker": "KXHIGHNY-24NOV15-B54.5",
            "count": 100,
            "created_time": "2024-11-14T23:50:59.501828Z",
            "yes_price": 11,
            "no_price": 89,
            "taker_side": "yes"
        },
        {
            "trade_id": "9db473e1-88b7-4744-a9fc-83bb9ce3a8db",
            "ticker": "KXHIGHNY-24NOV15-B54.5",
            "count": 100,
            "created_time": "2024-11-14T23:50:59.501828Z",
            "yes_price": 10,
            "no_price": 90,
            "taker_side": "yes"
        },
        {
            "trade_id": "9cd77df3-c2cd-419a-a738-c63bab874dbb",
            "ticker": "KXHIGHNY-24NOV15-B54.5",
            "count": 40,
            "created_time": "2024-11-14T23:50:59.501828Z",
            "yes_price": 10,
            "no_price": 90,
            "taker_side": "yes"
        },
        {
            "trade_id": "7aeaa7f6-52e8-45f1-a9ba-bd3cb1e12636",
            "ticker": "KXHIGHNY-24NOV15-B54.5",
            "count": 40,
            "created_time": "2024-11-14T23:50:59.501828Z",
            "yes_price": 11,
            "no_price": 89,
            "taker_side": "yes"
        },
        {
            "trade_id": "61cd374b-4289-40bc-99e2-ec17f590c98b",
            "ticker": "KXHIGHNY-24NOV15-B54.5",
            "count": 100,
            "created_time": "2024-11-14T23:50:59.501828Z",
            "yes_price": 9,
            "no_price": 91,
            "taker_side": "yes"
        },
        {
            "trade_id": "57cb52b4-8847-4a6d-bd3d-862bbfbabb9a",
            "ticker": "KXHIGHNY-24NOV15-B54.5",
            "count": 440,
            "created_time": "2024-11-14T23:50:59.501828Z",
            "yes_price": 10,
            "no_price": 90,
            "taker_side": "yes"
        },
        {
            "trade_id": "53df94a1-cd6b-4359-95d3-6ff91daeab81",
            "ticker": "KXHIGHNY-24NOV15-B54.5",
            "count": 100,
            "created_time": "2024-11-14T23:50:59.501828Z",
            "yes_price": 9,
            "no_price": 91,
            "taker_side": "yes"
        },
        {
            "trade_id": "29761a1e-d677-4345-8095-3e6f67a2ff2c",
            "ticker": "KXHIGHNY-24NOV15-B54.5",
            "count": 100,
            "created_time": "2024-11-14T23:50:59.501828Z",
            "yes_price": 10,
            "no_price": 90,
            "taker_side": "yes"
        },
        {
            "trade_id": "1e3a0746-1758-47ea-ab80-f76464a41621",
            "ticker": "KXHIGHNY-24NOV15-B54.5",
            "count": 100,
            "created_time": "2024-11-14T23:50:59.501828Z",
            "yes_price": 10,
            "no_price": 90,
            "taker_side": "yes"
        },
        {
            "trade_id": "1c99f18a-bcdc-4540-9991-8e3ed003e6d9",
            "ticker": "KXHIGHNY-24NOV15-B54.5",
            "count": 100,
            "created_time": "2024-11-14T23:50:59.501828Z",
            "yes_price": 9,
            "no_price": 91,
            "taker_side": "yes"
        },
        {
            "trade_id": "75c8fd0b-b9a4-4aac-9004-b8cd738e10e1",
            "ticker": "KXHIGHNY-24NOV15-B54.5",
            "count": 40,
            "created_time": "2024-11-14T23:47:40.00821Z",
            "yes_price": 7,
            "no_price": 93,
            "taker_side": "no"
        },
        {
            "trade_id": "c6565f80-d2a0-43d9-ad86-f5ed223cd2dc",
            "ticker": "KXHIGHNY-24NOV15-B54.5",
            "count": 46,
            "created_time": "2024-11-14T23:46:18.259245Z",
            "yes_price": 7,
            "no_price": 93,
            "taker_side": "no"
        },
        {
            "trade_id": "0f23dc9c-7a46-45cc-bbf4-221e4f85823b",
            "ticker": "KXHIGHNY-24NOV15-B54.5",
            "count": 5,
            "created_time": "2024-11-14T23:46:08.360561Z",
            "yes_price": 7,
            "no_price": 93,
            "taker_side": "no"
        },
        {
            "trade_id": "84809c20-a79b-442a-8cdd-d5df50a997fc",
            "ticker": "KXHIGHNY-24NOV15-B54.5",
            "count": 110,
            "created_time": "2024-11-14T23:31:14.714022Z",
            "yes_price": 6,
            "no_price": 94,
            "taker_side": "no"
        },
        {
            "trade_id": "24472301-dc5e-4dc5-8b4e-1346306fd5c4",
            "ticker": "KXHIGHNY-24NOV15-B54.5",
            "count": 10,
            "created_time": "2024-11-14T23:27:59.369714Z",
            "yes_price": 6,
            "no_price": 94,
            "taker_side": "no"
        },
        {
            "trade_id": "7e6797e3-7fbf-406f-b103-8a9ef322d14e",
            "ticker": "KXHIGHNY-24NOV15-B54.5",
            "count": 100,
            "created_time": "2024-11-14T23:27:30.903566Z",
            "yes_price": 6,
            "no_price": 94,
            "taker_side": "no"
        },
        {
            "trade_id": "e95609e0-65bc-433a-a247-bbd8aba23431",
            "ticker": "KXHIGHNY-24NOV15-B54.5",
            "count": 80,
            "created_time": "2024-11-14T23:27:29.475785Z",
            "yes_price": 6,
            "no_price": 94,
