{
    "HIGHNY-24JUN10-T74": [
        {
            "trade_id": "45ae6d0e-1bbd-4882-b8e9-e0b588616d66",
            "ticker": "HIGHNY-24JUN10-T74",
            "count": 223,
            "created_time": "2024-06-10T17:53:35.870515Z",
            "yes_price": 1,
            "no_price": 99,
            "taker_side": "yes"
        },
        {
            "trade_id": "fced2a6f-d89d-42fc-b4c8-9d285753edb7",
            "ticker": "HIGHNY-24JUN10-T74",
            "count": 150,
            "created_time": "2024-06-10T17:53:09.014165Z",
            "yes_price": 1,
            "no_price": 99,
            "taker_side": "no"
        },
        {
            "trade_id": "f5374a81-53d5-492c-8ce2-4ffdf271f3ea",
            "ticker": "HIGHNY-24JUN10-T74",
            "count": 3,
            "created_time": "2024-06-10T17:53:09.014165Z",
            "yes_price": 1,
            "no_price": 99,
            "taker_side": "no"
        },
        {
            "trade_id": "4edfdf82-e07e-4c37-ae6a-3a16af9fb379",
            "ticker": "HIGHNY-24JUN10-T74",
            "count": 2,
            "created_time": "2024-06-10T17:53:09.014165Z",
            "yes_price": 1,
            "no_price": 99,
            "taker_side": "no"
        },
        {
            "trade_id": "032514ce-9a4f-4921-9ffb-eed231b88d21",
            "ticker": "HIGHNY-24JUN10-T74",
            "count": 13,
            "created_time": "2024-06-10T17:53:09.014165Z",
            "yes_price": 4,
            "no_price": 96,
            "taker_side": "no"
        },
        {
            "trade_id": "d4b36dfb-edfa-4993-8e63-62376ee4bd48",
            "ticker": "HIGHNY-24JUN10-T74",
            "count": 223,
            "created_time": "2024-06-10T17:47:10.970702Z",
            "yes_price": 15,
            "no_price": 85,
            "taker_side": "no"
        },
        {
            "trade_id": "63f2624d-f7e8-4837-8d4b-1f95c6318eec",
            "ticker": "HIGHNY-24JUN10-T74",
            "count": 175,
            "created_time": "2024-06-10T17:38:12.358961Z",
            "yes_price": 31,
            "no_price": 69,
            "taker_side": "yes"
        },
        {
            "trade_id": "62423446-0f57-47d4-b55f-5e8af1989cf4",
            "ticker": "HIGHNY-24JUN10-T74",
            "count": 2,
            "created_time": "2024-06-10T17:38:12.358961Z",
            "yes_price": 30,
            "no_price": 70,
            "taker_side": "yes"
        },
        {
            "trade_id": "3c94312f-a10b-4f5c-9be5-f672ba7917d2",
            "ticker": "HIGHNY-24JUN10-T74",
            "count": 3,
            "created_time": "2024-06-10T12:29:42.836945Z",
            "yes_price": 11,
            "no_price": 89,
            "taker_side": "no"
        },
        {
            "trade_id": "7108be64-0d71-4733-8389-cd3925a07bba",
            "ticker": "HIGHNY-24JUN10-T74",
            "count": 2,
            "created_time": "2024-06-10T12:11:02.476829Z",
            "yes_price": 12,
            "no_price": 88,
            "taker_side": "no"
        },
        {
            "trade_id": "b0cd1246-f327-45f8-b05f-88dfcf3aa88d",
            "ticker": "HIGHNY-24JUN10-T74",
            "count": 30,
            "created_time": "2024-06-10T12:02:35.167575Z",
            "yes_price": 29,
            "no_price": 71,
            "taker_side": "yes"
        },
        {
            "trade_id": "6027ceae-e875-427d-bd33-063310ba2636",
            "ticker": "HIGHNY-24JUN10-T74",
            "count": 75,
            "created_time": "2024-06-10T03:02:55.591142Z",
            "yes_price": 27,
            "no_price": 73,
            "taker_side": "no"
        },
        {
            "trade_id": "0b1f7d4e-5d42-4ca5-be3e-8ce0d65ed959",
            "ticker": "HIGHNY-24JUN10-T74",
            "count": 75,
            "created_time": "2024-06-10T03:02:55.591142Z",
            "yes_price": 28,
            "no_price": 72,
            "taker_side": "no"
        },
        {
            "trade_id": "b4bfe376-a8e9-4c60-8942-c9ee91716df3",
            "ticker": "HIGHNY-24JUN10-T74",
            "count": 13,
            "created_time": "2024-06-10T02:53:42.690685Z",
            "yes_price": 30,
            "no_price": 70,
            "taker_side": "no"
        },
        {
            "trade_id": "297d9abc-111d-47ec-a9f0-61abe71ad515",
            "ticker": "HIGHNY-24JUN10-T74",
            "count": 2,
            "created_time": "2024-06-10T02:50:57.875646Z",
            "yes_price": 30,
            "no_price": 70,
            "taker_side": "no"
        },
        {
            "trade_id": "3481e019-1ee2-45cf-aff1-9d5260f3ad23",
            "ticker": "HIGHNY-24JUN10-T74",
            "count": 3,
            "created_time": "2024-06-10T02:24:46.630692Z",
            "yes_price": 19,
            "no_price": 81,
            "taker_side": "no"
        },
        {
            "trade_id": "72225422-935e-468b-983b-c3bbcb4f6a77",
            "ticker": "HIGHNY-24JUN10-T74",
            "count": 2,
            "created_time": "2024-06-10T01:44:29.988872Z",
            "yes_price": 21,
            "no_price": 79,
            "taker_side": "no"
        },
        {
            "trade_id": "b689987a-2624-455e-9a6e-8570207f59ad",
            "ticker": "HIGHNY-24JUN10-T74",
            "count": 45,
            "created_time": "2024-06-09T22:09:36.662632Z",
            "yes_price": 31,
            "no_price": 69,
            "taker_side": "no"
        },
        {
            "trade_id": "3860b48c-e816-44b4-9426-2d86dcfb1b5c",
            "ticker": "HIGHNY-24JUN10-T74",
            "count": 6,
            "created_time": "2024-06-09T21:44:28.835797Z",
            "yes_price": 28,
            "no_price": 72,
            "taker_side": "yes"
        },
        {
            "trade_id": "ed9f27ae-7312-4563-87ec-9f5472356df3",
            "ticker": "HIGHNY-24JUN10-T74",
            "count": 2,
            "created_time": "2024-06-09T21:40:37.409799Z",
            "yes_price": 24,
            "no_price": 76,
            "taker_side": "yes"
        },
        {
            "trade_id": "d427b48d-24a7-4a4e-86c9-fda481c3dbf5",
            "ticker": "HIGHNY-24JUN10-T74",
            "count": 3,
            "created_time": "2024-06-09T20:10:52.179929Z",
            "yes_price": 15,
            "no_price": 85,
            "taker_side": "yes"
        },
        {
            "trade_id": "a8d7285c-bdc5-464a-a58e-c8cb53976eab",
            "ticker": "HIGHNY-24JUN10-T74",
            "count": 150,
            "created_time": "2024-06-09T20:10:52.179929Z",
            "yes_price": 15,
            "no_price": 85,
            "taker_side": "yes"
        },
        {
            "trade_id": "6be768fa-69c8-4201-8a9e-773dfebda96b",
            "ticker": "HIGHNY-24JUN10-T74",
            "count": 90,
            "created_time": "2024-06-09T19:55:21.640468Z",
            "yes_price": 13,
            "no_price": 87,
            "taker_side": "yes"
        },
        {
            "trade_id": "2c93c786-a212-40d9-bc8b-1456f9465ffa",
            "ticker": "HIGHNY-24JUN10-T74",
            "count": 150,
            "created_time": "2024-06-09T19:55:21.640468Z",
            "yes_price": 14,
            "no_price": 86,
            "taker_side": "yes"
        },
        {
            "trade_id": "03825296-e183-40d1-a92b-f89d330c8071",
            "ticker": "HIGHNY-24JUN10-T74",
            "count": 2,
            "created_time": "2024-06-09T15:45:20.598185Z",
            "yes_price": 14,
            "no_price": 86,
            "taker_side": "yes"
        },
        {
            "trade_id": "4554a55c-814d-4757-917c-0190e4f1698c",
            "ticker": "HIGHNY-24JUN10-T74",
            "count": 3,
            "created_time": "2024-06-09T15:42:42.803384Z",
            "yes_price": 14,
            "no_price": 86,
            "taker_side": "yes"
        },
        {
            "trade_id": "72401fb8-b750-4a17-8ec7-29985dee4ea4",
            "ticker": "HIGHNY-24JUN10-T74",
            "count": 2,
            "created_time": "2024-06-09T15:42:31.72153Z",
            "yes_price": 13,
            "no_price": 87,
            "taker_side": "yes"
        },
        {
            "trade_id": "2f12ab6d-16c2-4435-91f1-329a99f90ec0",
            "ticker": "HIGHNY-24JUN10-T74",
            "count": 4,
            "created_time": "2024-06-09T14:12:38.40811Z",
            "yes_price": 30,
            "no_price": 70,
            "taker_side": "no"
        }
    ],
    "HIGHNY-24JUN10-B74.5": [
        {
            "trade_id": "2ceab426-b8ea-46a8-95e4-f60d72fe739c",
            "ticker": "HIGHNY-24JUN10-B74.5",
            "count": 1,
            "created_time": "2024-06-11T02:34:48.304895Z",
            "yes_price": 98,
            "no_price": 2,
            "taker_side": "no"
        },
        {
            "trade_id": "625083c6-b5f2-4299-bdd5-70e6feeda32e",
            "ticker": "HIGHNY-24JUN10-B74.5",
            "count": 129,
            "created_time": "2024-06-10T20:15:13.52896Z",
            "yes_price": 99,
            "no_price": 1,
            "taker_side": "yes"
        },
        {
            "trade_id": "480bfa60-02f5-4bb5-abf0-2ff146576a7e",
            "ticker": "HIGHNY-24JUN10-B74.5",
            "count": 171,
            "created_time": "2024-06-10T20:15:13.52896Z",
            "yes_price": 99,
            "no_price": 1,
            "taker_side": "yes"
        },
        {
            "trade_id": "8fd9f650-8cf0-4cfe-a62f-0f62d28de22e",
            "ticker": "HIGHNY-24JUN10-B74.5",
            "count": 31,
            "created_time": "2024-06-10T15:54:02.448153Z",
            "yes_price": 42,
            "no_price": 58,
            "taker_side": "yes"
        },
        {
            "trade_id": "c85c711c-f8b8-4bee-8556-9cad79a0bb85",
            "ticker": "HIGHNY-24JUN10-B74.5",
            "count": 11,
            "created_time": "2024-06-10T15:35:26.230693Z",
            "yes_price": 39,
            "no_price": 61,
            "taker_side": "no"
        },
        {
            "trade_id": "b25bb47c-879b-4f62-ba47-39d6f491f5bf",
            "ticker": "HIGHNY-24JUN10-B74.5",
            "count": 31,
            "created_time": "2024-06-10T15:35:26.230693Z",
            "yes_price": 41,
            "no_price": 59,
            "taker_side": "no"
        },
        {
            "trade_id": "87455dc2-cd39-4ec6-8976-a942c77543e7",
            "ticker": "HIGHNY-24JUN10-B74.5",
            "count": 9,
            "created_time": "2024-06-10T15:13:27.892088Z",
            "yes_price": 45,
            "no_price": 55,
            "taker_side": "no"
        },
        {
            "trade_id": "180a3800-3747-459f-adeb-4cb4741224a2",
            "ticker": "HIGHNY-24JUN10-B74.5",
            "count": 29,
            "created_time": "2024-06-10T15:13:27.892088Z",
            "yes_price": 40,
            "no_price": 60,
            "taker_side": "no"
        },
        {
            "trade_id": "0d741c02-119f-47ac-8dcb-5163d6f3abac",
            "ticker": "HIGHNY-24JUN10-B74.5",
            "count": 45,
            "created_time": "2024-06-10T15:13:27.892088Z",
            "yes_price": 43,
            "no_price": 57,
            "taker_side": "no"
        },
        {
            "trade_id": "83024bec-8080-463b-8c70-b26ed0b4b94c",
            "ticker": "HIGHNY-24JUN10-B74.5",
            "count": 10,
            "created_time": "2024-06-10T14:56:08.084219Z",
            "yes_price": 47,
            "no_price": 53,
            "taker_side": "no"
        },
        {
            "trade_id": "5bed9f0b-1a03-421c-a209-e67ae71a5352",
            "ticker": "HIGHNY-24JUN10-B74.5",
            "count": 4,
            "created_time": "2024-06-10T14:56:08.084219Z",
            "yes_price": 47,
            "no_price": 53,
            "taker_side": "no"
        },
        {
            "trade_id": "7088c7ec-99ee-48d1-b595-1e8a4053c9ec",
            "ticker": "HIGHNY-24JUN10-B74.5",
            "count": 90,
            "created_time": "2024-06-10T13:54:07.258382Z",
            "yes_price": 46,
            "no_price": 54,
            "taker_side": "yes"
        },
        {
            "trade_id": "4f10e50e-8a7b-421f-9e49-ca8d3b722901",
            "ticker": "HIGHNY-24JUN10-B74.5",
            "count": 90,
            "created_time": "2024-06-10T13:54:07.258382Z",
            "yes_price": 49,
            "no_price": 51,
            "taker_side": "yes"
        },
        {
            "trade_id": "d4047769-44ac-433a-8671-f7b7e6e1385f",
            "ticker": "HIGHNY-24JUN10-B74.5",
            "count": 18,
            "created_time": "2024-06-10T13:51:59.273339Z",
            "yes_price": 40,
            "no_price": 60,
            "taker_side": "no"
        },
        {
            "trade_id": "008e2ff9-0ddf-48e3-842a-e148caf9dbdc",
            "ticker": "HIGHNY-24JUN10-B74.5",
            "count": 6,
            "created_time": "2024-06-10T13:51:59.273339Z",
            "yes_price": 38,
            "no_price": 62,
            "taker_side": "no"
        },
        {
            "trade_id": "565d4aae-f464-4d76-8a42-7f64117e5062",
            "ticker": "HIGHNY-24JUN10-B74.5",
            "count": 25,
            "created_time": "2024-06-10T12:51:44.115649Z",
            "yes_price": 44,
            "no_price": 56,
            "taker_side": "yes"
        },
        {
            "trade_id": "80ce1495-ccb2-4f91-bfe9-2817145883e2",
            "ticker": "HIGHNY-24JUN10-B74.5",
            "count": 1,
            "created_time": "2024-06-10T12:11:02.577145Z",
            "yes_price": 43,
            "no_price": 57,
            "taker_side": "yes"
        },
        {
            "trade_id": "bbeb9c92-27d7-4f92-a937-6467ec93d7f1",
            "ticker": "HIGHNY-24JUN10-B74.5",
            "count": 2,
            "created_time": "2024-06-10T12:11:02.400046Z",
            "yes_price": 43,
            "no_price": 57,
            "taker_side": "yes"
        },
        {
            "trade_id": "e632821c-fda6-4671-9f14-112b6c379cca",
            "ticker": "HIGHNY-24JUN10-B74.5",
            "count": 45,
            "created_time": "2024-06-10T12:05:12.308822Z",
            "yes_price": 37,
            "no_price": 63,
            "taker_side": "no"
        },
        {
            "trade_id": "e1fd37c5-0e09-4edc-a578-3ed91f09497a",
            "ticker": "HIGHNY-24JUN10-B74.5",
            "count": 45,
            "created_time": "2024-06-10T12:05:01.798381Z",
            "yes_price": 38,
            "no_price": 62,
            "taker_side": "no"
        },
        {
            "trade_id": "cc63313d-3db3-4a8f-bd90-59caf66001b7",
            "ticker": "HIGHNY-24JUN10-B74.5",
            "count": 30,
            "created_time": "2024-06-10T12:02:35.225887Z",
            "yes_price": 38,
            "no_price": 62,
            "taker_side": "no"
        },
        {
            "trade_id": "de5dd6a1-02a5-414c-90d8-03655c768e82",
            "ticker": "HIGHNY-24JUN10-B74.5",
            "count": 6,
            "created_time": "2024-06-10T03:18:35.016451Z",
            "yes_price": 40,
            "no_price": 60,
            "taker_side": "yes"
        },
        {
            "trade_id": "1253e96c-db2c-4b5d-84f9-a6942f6454c7",
            "ticker": "HIGHNY-24JUN10-B74.5",
            "count": 75,
            "created_time": "2024-06-10T03:18:35.016451Z",
            "yes_price": 40,
            "no_price": 60,
            "taker_side": "yes"
        },
        {
            "trade_id": "529c52fb-1637-4d01-9e1d-04cfb928a03c",
            "ticker": "HIGHNY-24JUN10-B74.5",
            "count": 45,
            "created_time": "2024-06-10T03:18:25.196124Z",
            "yes_price": 39,
            "no_price": 61,
            "taker_side": "yes"
        },
        {
            "trade_id": "18acd3ed-2972-49fe-b4b2-c9bd4f7eb437",
            "ticker": "HIGHNY-24JUN10-B74.5",
            "count": 3,
            "created_time": "2024-06-10T03:18:25.196124Z",
            "yes_price": 39,
            "no_price": 61,
            "taker_side": "yes"
        },
        {
            "trade_id": "9092eabb-a538-4ea2-b963-f3f08713237d",
            "ticker": "HIGHNY-24JUN10-B74.5",
            "count": 1,
            "created_time": "2024-06-10T01:48:52.084526Z",
            "yes_price": 36,
            "no_price": 64,
            "taker_side": "yes"
        },
        {
            "trade_id": "3bf533d1-7363-4960-8b84-1fd77da60984",
            "ticker": "HIGHNY-24JUN10-B74.5",
            "count": 60,
            "created_time": "2024-06-09T20:15:43.010986Z",
            "yes_price": 31,
            "no_price": 69,
            "taker_side": "yes"
        },
        {
            "trade_id": "d1833205-2f32-412b-87ce-67744867c397",
            "ticker": "HIGHNY-24JUN10-B74.5",
            "count": 90,
            "created_time": "2024-06-09T19:55:50.478644Z",
            "yes_price": 30,
            "no_price": 70,
            "taker_side": "yes"
        },
        {
            "trade_id": "ff0e1885-e4a2-47ee-8ecf-dcb2d24bb062",
            "ticker": "HIGHNY-24JUN10-B74.5",
            "count": 30,
            "created_time": "2024-06-09T19:55:36.268398Z",
            "yes_price": 29,
            "no_price": 71,
            "taker_side": "yes"
        },
        {
            "trade_id": "10805b00-640a-4299-b28f-dd27cdc04a48",
            "ticker": "HIGHNY-24JUN10-B74.5",
            "count": 90,
            "created_time": "2024-06-09T19:32:33.240896Z",
            "yes_price": 29,
            "no_price": 71,
            "taker_side": "yes"
        },
        {
            "trade_id": "d432946e-4323-4089-a749-e71b1df63699",
            "ticker": "HIGHNY-24JUN10-B74.5",
            "count": 10,
            "created_time": "2024-06-09T16:39:36.544775Z",
            "yes_price": 29,
            "no_price": 71,
            "taker_side": "yes"
        },
        {
            "trade_id": "6f284a61-4925-457b-b8b3-76af445e7be2",
            "ticker": "HIGHNY-24JUN10-B74.5",
            "count": 15,
            "created_time": "2024-06-09T16:20:53.460925Z",
            "yes_price": 29,
            "no_price": 71,
            "taker_side": "yes"
        },
        {
            "trade_id": "688de554-7af2-4dff-a078-3e748cde5eff",
            "ticker": "HIGHNY-24JUN10-B74.5",
            "count": 75,
            "created_time": "2024-06-09T15:50:03.860264Z",
            "yes_price": 29,
            "no_price": 71,
            "taker_side": "yes"
        },
        {
            "trade_id": "72c0ca5e-779a-45bb-942d-d43f4f0d6b22",
            "ticker": "HIGHNY-24JUN10-B74.5",
            "count": 105,
            "created_time": "2024-06-09T15:49:39.639623Z",
            "yes_price": 28,
            "no_price": 72,
            "taker_side": "yes"
        },
        {
            "trade_id": "c665ce1c-d1cb-4cf8-9a91-e7724d35da92",
            "ticker": "HIGHNY-24JUN10-B74.5",
            "count": 1,
            "created_time": "2024-06-09T15:43:25.703546Z",
            "yes_price": 27,
            "no_price": 73,
            "taker_side": "yes"
        },
        {
            "trade_id": "fbbde185-7260-4b05-b033-f32c879e6edb",
            "ticker": "HIGHNY-24JUN10-B74.5",
            "count": 30,
            "created_time": "2024-06-09T15:12:53.772999Z",
            "yes_price": 27,
            "no_price": 73,
            "taker_side": "yes"
        },
        {
            "trade_id": "56ea405b-15f2-4333-9ce4-629d68720996",
            "ticker": "HIGHNY-24JUN10-B74.5",
            "count": 60,
            "created_time": "2024-06-09T15:05:12.082047Z",
            "yes_price": 27,
            "no_price": 73,
            "taker_side": "yes"
        },
        {
            "trade_id": "c945376f-bb5a-4c9e-b302-8c1c82d0bac7",
            "ticker": "HIGHNY-24JUN10-B74.5",
            "count": 60,
            "created_time": "2024-06-09T14:59:00.893734Z",
            "yes_price": 29,
            "no_price": 71,
            "taker_side": "yes"
        },
        {
            "trade_id": "b920f017-05b7-4a53-9a7e-22c84fdeb868",
            "ticker": "HIGHNY-24JUN10-B74.5",
            "count": 45,
            "created_time": "2024-06-09T14:54:30.942362Z",
            "yes_price": 29,
            "no_price": 71,
            "taker_side": "yes"
        },
        {
            "trade_id": "068a8952-52ce-44bf-8660-c1a901588680",
            "ticker": "HIGHNY-24JUN10-B74.5",
            "count": 4,
            "created_time": "2024-06-09T14:12:38.445526Z",
            "yes_price": 28,
            "no_price": 72,
            "taker_side": "no"
        }
    ],
    "HIGHNY-24JUN10-B76.5": [
        {
            "trade_id": "7a631103-af80-418d-bbdc-e832ae5142ac",
            "ticker": "HIGHNY-24JUN10-B76.5",
            "count": 177,
            "created_time": "2024-06-10T20:15:01.706477Z",
            "yes_price": 1,
            "no_price": 99,
            "taker_side": "no"
        },
        {
            "trade_id": "808e97af-c83f-4df6-afdf-f74672fca0e9",
            "ticker": "HIGHNY-24JUN10-B76.5",
            "count": 23,
            "created_time": "2024-06-10T19:46:42.083814Z",
            "yes_price": 1,
            "no_price": 99,
            "taker_side": "no"
        },
        {
            "trade_id": "fc14caad-f238-4887-9a3e-41813f7683ba",
            "ticker": "HIGHNY-24JUN10-B76.5",
            "count": 3,
            "created_time": "2024-06-10T16:53:27.650018Z",
            "yes_price": 26,
            "no_price": 74,
            "taker_side": "no"
        },
        {
            "trade_id": "8100f9e5-c58c-4394-be70-ff4e1c3e8c96",
            "ticker": "HIGHNY-24JUN10-B76.5",
            "count": 20,
            "created_time": "2024-06-10T16:53:27.650018Z",
            "yes_price": 25,
            "no_price": 75,
            "taker_side": "no"
        },
        {
            "trade_id": "7f57d7ed-6dca-4669-b6b6-87d74a8deea1",
            "ticker": "HIGHNY-24JUN10-B76.5",
            "count": 155,
            "created_time": "2024-06-10T16:53:27.650018Z",
            "yes_price": 24,
            "no_price": 76,
            "taker_side": "no"
        },
        {
            "trade_id": "f174551a-8bf3-4fd5-ae52-8b6594e92ee0",
            "ticker": "HIGHNY-24JUN10-B76.5",
            "count": 2,
            "created_time": "2024-06-10T15:15:24.537034Z",
            "yes_price": 47,
            "no_price": 53,
            "taker_side": "yes"
        },
        {
            "trade_id": "ddf22c2f-38f3-47b9-a048-5c5ed4e84b53",
            "ticker": "HIGHNY-24JUN10-B76.5",
            "count": 18,
            "created_time": "2024-06-10T15:15:24.537034Z",
            "yes_price": 46,
            "no_price": 54,
            "taker_side": "yes"
        },
        {
            "trade_id": "9d7e5b5d-a0ba-4d23-a62a-598476e4d8af",
            "ticker": "HIGHNY-24JUN10-B76.5",
            "count": 2,
            "created_time": "2024-06-10T12:11:02.466863Z",
            "yes_price": 39,
            "no_price": 61,
            "taker_side": "no"
        },
        {
            "trade_id": "ebf21544-b8ff-4f60-b910-d6253912ca98",
            "ticker": "HIGHNY-24JUN10-B76.5",
            "count": 30,
            "created_time": "2024-06-10T12:02:35.215463Z",
            "yes_price": 39,
            "no_price": 61,
            "taker_side": "no"
        },
        {
            "trade_id": "6b9e7b94-0e37-49c9-bddc-601b6bc4e9b2",
            "ticker": "HIGHNY-24JUN10-B76.5",
            "count": 1,
            "created_time": "2024-06-10T12:00:13.818051Z",
            "yes_price": 34,
            "no_price": 66,
            "taker_side": "yes"
        },
        {
            "trade_id": "ae79ca40-4d97-48fd-ab07-588c60b0446f",
            "ticker": "HIGHNY-24JUN10-B76.5",
            "count": 90,
            "created_time": "2024-06-10T03:18:13.028597Z",
            "yes_price": 30,
            "no_price": 70,
            "taker_side": "yes"
        },
        {
            "trade_id": "a2875e34-45f1-4bef-9220-aa174fc38c7c",
            "ticker": "HIGHNY-24JUN10-B76.5",
            "count": 90,
            "created_time": "2024-06-10T03:18:01.239432Z",
            "yes_price": 29,
            "no_price": 71,
            "taker_side": "yes"
        },
        {
            "trade_id": "5fcd60c7-aad1-417c-9ba2-e78a417e0d38",
            "ticker": "HIGHNY-24JUN10-B76.5",
            "count": 15,
            "created_time": "2024-06-10T03:17:52.308209Z",
            "yes_price": 28,
            "no_price": 72,
            "taker_side": "yes"
        },
        {
            "trade_id": "4e6be5f9-31de-4755-9adf-20adcbab8e55",
            "ticker": "HIGHNY-24JUN10-B76.5",
            "count": 60,
            "created_time": "2024-06-10T00:42:24.52816Z",
            "yes_price": 30,
            "no_price": 70,
            "taker_side": "yes"
        },
        {
            "trade_id": "27142546-7482-4447-b35a-8247f5b185ef",
            "ticker": "HIGHNY-24JUN10-B76.5",
            "count": 92,
            "created_time": "2024-06-10T00:42:24.52816Z",
            "yes_price": 32,
            "no_price": 68,
            "taker_side": "yes"
        },
        {
            "trade_id": "aa0ba003-459a-49f8-aaca-251ebe601c19",
            "ticker": "HIGHNY-24JUN10-B76.5",
            "count": 75,
            "created_time": "2024-06-09T22:10:46.735Z",
            "yes_price": 26,
            "no_price": 74,
            "taker_side": "yes"
        },
        {
            "trade_id": "75ee8344-2499-4424-a077-5e47d790a2a6",
            "ticker": "HIGHNY-24JUN10-B76.5",
            "count": 90,
            "created_time": "2024-06-09T22:08:19.989424Z",
            "yes_price": 26,
            "no_price": 74,
            "taker_side": "yes"
        },
        {
            "trade_id": "d48b32ae-55e3-452c-bdce-13f86853994f",
            "ticker": "HIGHNY-24JUN10-B76.5",
            "count": 90,
            "created_time": "2024-06-09T22:07:51.90873Z",
            "yes_price": 25,
            "no_price": 75,
            "taker_side": "yes"
        },
        {
            "trade_id": "a34d5620-30de-4b16-a29e-e41db08e4ca6",
            "ticker": "HIGHNY-24JUN10-B76.5",
            "count": 45,
            "created_time": "2024-06-09T22:07:03.690062Z",
            "yes_price": 24,
            "no_price": 76,
            "taker_side": "yes"
        },
        {
            "trade_id": "d7957c5c-4021-41b6-90ea-6182a7dd6c5f",
            "ticker": "HIGHNY-24JUN10-B76.5",
            "count": 3,
            "created_time": "2024-06-09T18:01:31.843568Z",
            "yes_price": 35,
            "no_price": 65,
            "taker_side": "yes"
        },
        {
            "trade_id": "6671b290-6cef-4415-bec7-71cdaf927ee2",
            "ticker": "HIGHNY-24JUN10-B76.5",
            "count": 20,
            "created_time": "2024-06-09T17:46:23.991637Z",
            "yes_price": 35,
            "no_price": 65,
            "taker_side": "yes"
        },
        {
            "trade_id": "fe1fbcb0-fb23-4892-99ee-36e613a1a30e",
            "ticker": "HIGHNY-24JUN10-B76.5",
            "count": 3,
            "created_time": "2024-06-09T17:46:01.594786Z",
            "yes_price": 34,
            "no_price": 66,
            "taker_side": "yes"
        },
        {
            "trade_id": "735cd5ca-ed40-4b0b-96bd-f0c004c406b5",
            "ticker": "HIGHNY-24JUN10-B76.5",
            "count": 3,
            "created_time": "2024-06-09T17:20:18.357233Z",
            "yes_price": 35,
            "no_price": 65,
            "taker_side": "yes"
        },
        {
            "trade_id": "75d1344c-e1cf-4906-8a39-9718042ebdee",
            "ticker": "HIGHNY-24JUN10-B76.5",
            "count": 4,
            "created_time": "2024-06-09T16:38:35.229981Z",
            "yes_price": 35,
            "no_price": 65,
            "taker_side": "yes"
        },
        {
            "trade_id": "a66f2e32-d717-4b30-8d81-e89f254ad912",
            "ticker": "HIGHNY-24JUN10-B76.5",
            "count": 3,
            "created_time": "2024-06-09T16:38:19.671064Z",
            "yes_price": 34,
            "no_price": 66,
            "taker_side": "yes"
        },
        {
            "trade_id": "16554e72-245f-46c2-99f2-c1bad2e04d41",
            "ticker": "HIGHNY-24JUN10-B76.5",
            "count": 60,
            "created_time": "2024-06-09T16:21:10.400916Z",
            "yes_price": 35,
            "no_price": 65,
            "taker_side": "yes"
        },
        {
            "trade_id": "edc37460-4ab1-41bf-b6eb-fc13cde37a52",
            "ticker": "HIGHNY-24JUN10-B76.5",
            "count": 3,
            "created_time": "2024-06-09T15:10:17.601641Z",
            "yes_price": 36,
            "no_price": 64,
            "taker_side": "yes"
        },
        {
            "trade_id": "5a54a331-f81f-4354-a4a9-17701a42dc6c",
            "ticker": "HIGHNY-24JUN10-B76.5",
            "count": 60,
            "created_time": "2024-06-09T15:08:37.736144Z",
            "yes_price": 36,
            "no_price": 64,
            "taker_side": "yes"
        },
        {
            "trade_id": "bcda12f7-b019-4227-8548-b9e49bf57811",
            "ticker": "HIGHNY-24JUN10-B76.5",
            "count": 45,
            "created_time": "2024-06-09T15:04:59.628518Z",
            "yes_price": 36,
            "no_price": 64,
            "taker_side": "yes"
        },
        {
            "trade_id": "ffdde876-5d9b-41ae-a23c-290963b54695",
            "ticker": "HIGHNY-24JUN10-B76.5",
            "count": 30,
            "created_time": "2024-06-09T14:59:34.10329Z",
            "yes_price": 35,
            "no_price": 65,
            "taker_side": "yes"
        },
        {
            "trade_id": "f062c4cc-de10-4185-a7ba-1f6feb79c686",
            "ticker": "HIGHNY-24JUN10-B76.5",
            "count": 15,
            "created_time": "2024-06-09T14:59:08.623059Z",
            "yes_price": 35,
            "no_price": 65,
            "taker_side": "yes"
        },
        {
            "trade_id": "e5ff1a1f-97a7-4bbd-bb8c-8f8d71020862",
            "ticker": "HIGHNY-24JUN10-B76.5",
            "count": 1,
            "created_time": "2024-06-09T14:55:25.973954Z",
            "yes_price": 35,
            "no_price": 65,
            "taker_side": "yes"
        },
        {
            "trade_id": "0fb653fb-fc4c-4af7-bdd6-5b6f38711c16",
            "ticker": "HIGHNY-24JUN10-B76.5",
            "count": 75,
            "created_time": "2024-06-09T14:55:25.973954Z",
            "yes_price": 35,
            "no_price": 65,
            "taker_side": "yes"
        },
        {
            "trade_id": "34cebb07-bd91-43dd-9c9f-5d71416808da",
            "ticker": "HIGHNY-24JUN10-B76.5",
            "count": 75,
            "created_time": "2024-06-09T14:54:57.262664Z",
            "yes_price": 34,
            "no_price": 66,
            "taker_side": "yes"
        },
        {
            "trade_id": "563ab433-9a07-4dc3-b553-e922e3159a17",
            "ticker": "HIGHNY-24JUN10-B76.5",
            "count": 60,
            "created_time": "2024-06-09T14:53:56.937056Z",
            "yes_price": 34,
            "no_price": 66,
            "taker_side": "yes"
        },
        {
            "trade_id": "290237f0-fa29-4f5c-b43d-2da6999d9e63",
            "ticker": "HIGHNY-24JUN10-B76.5",
            "count": 2,
            "created_time": "2024-06-09T14:53:56.937056Z",
            "yes_price": 33,
            "no_price": 67,
            "taker_side": "yes"
        },
        {
            "trade_id": "b4b095d5-7008-4c82-b672-1e5d5e0e9977",
            "ticker": "HIGHNY-24JUN10-B76.5",
            "count": 4,
            "created_time": "2024-06-09T14:12:38.428717Z",
            "yes_price": 28,
            "no_price": 72,
            "taker_side": "no"
        }
    ],
    "HIGHNY-24JUN10-B78.5": [
        {
            "trade_id": "cab22788-d6bf-443d-9276-3793c99176ba",
            "ticker": "HIGHNY-24JUN10-B78.5",
            "count": 2,
            "created_time": "2024-06-10T20:14:26.912932Z",
            "yes_price": 1,
            "no_price": 99,
            "taker_side": "no"
        },
        {
            "trade_id": "97b9d489-0227-4cfb-b59a-39aba287a531",
            "ticker": "HIGHNY-24JUN10-B78.5",
            "count": 1,
            "created_time": "2024-06-10T15:23:40.613579Z",
            "yes_price": 28,
            "no_price": 72,
            "taker_side": "yes"
        },
        {
            "trade_id": "5e4f38db-02dc-4b41-b2bf-2a428f3e1479",
            "ticker": "HIGHNY-24JUN10-B78.5",
            "count": 27,
            "created_time": "2024-06-10T15:23:40.613579Z",
            "yes_price": 33,
            "no_price": 67,
            "taker_side": "yes"
        },
        {
            "trade_id": "30a4f43a-cc75-4b79-922d-5b50ac18cf3f",
            "ticker": "HIGHNY-24JUN10-B78.5",
            "count": 1,
            "created_time": "2024-06-10T15:23:40.613579Z",
            "yes_price": 32,
            "no_price": 68,
            "taker_side": "yes"
        },
        {
            "trade_id": "a1229b12-e0aa-4ecc-8bc5-5c13980d0132",
            "ticker": "HIGHNY-24JUN10-B78.5",
            "count": 2,
            "created_time": "2024-06-10T12:11:02.477587Z",
            "yes_price": 6,
            "no_price": 94,
            "taker_side": "no"
        },
        {
            "trade_id": "f31a743b-6705-4429-9478-a1ef997b85ac",
            "ticker": "HIGHNY-24JUN10-B78.5",
            "count": 30,
            "created_time": "2024-06-10T12:02:35.233257Z",
            "yes_price": 3,
            "no_price": 97,
            "taker_side": "no"
        },
        {
            "trade_id": "e04ba3fa-a33b-4b1f-b3d3-6a962cbb62a8",
            "ticker": "HIGHNY-24JUN10-B78.5",
            "count": 75,
            "created_time": "2024-06-09T20:10:13.452719Z",
            "yes_price": 20,
            "no_price": 80,
            "taker_side": "no"
        },
        {
            "trade_id": "cf251388-38fb-4b51-aea2-d4832ecea6c3",
            "ticker": "HIGHNY-24JUN10-B78.5",
            "count": 4,
            "created_time": "2024-06-09T20:10:13.452719Z",
            "yes_price": 22,
            "no_price": 78,
            "taker_side": "no"
        },
        {
            "trade_id": "57e623c6-12bd-4c97-9ec6-e835951b14ec",
            "ticker": "HIGHNY-24JUN10-B78.5",
            "count": 150,
            "created_time": "2024-06-09T20:10:13.452719Z",
            "yes_price": 18,
            "no_price": 82,
            "taker_side": "no"
        },
        {
            "trade_id": "3697386d-edf9-45f6-9dfc-3f85e20ea6fc",
            "ticker": "HIGHNY-24JUN10-B78.5",
            "count": 2,
            "created_time": "2024-06-09T20:10:13.452719Z",
            "yes_price": 19,
            "no_price": 81,
            "taker_side": "no"
        },
        {
            "trade_id": "cbfdea21-5220-42cd-a18a-7573d8307a54",
            "ticker": "HIGHNY-24JUN10-B78.5",
            "count": 8,
            "created_time": "2024-06-09T16:40:05.226921Z",
            "yes_price": 27,
            "no_price": 73,
            "taker_side": "yes"
        },
        {
            "trade_id": "bb326d65-755c-4a8c-b57a-48793b392490",
            "ticker": "HIGHNY-24JUN10-B78.5",
            "count": 92,
            "created_time": "2024-06-09T16:39:09.562259Z",
            "yes_price": 26,
            "no_price": 74,
            "taker_side": "yes"
        },
        {
            "trade_id": "c77b25b5-54a7-4871-a310-1670b72db23a",
            "ticker": "HIGHNY-24JUN10-B78.5",
            "count": 13,
            "created_time": "2024-06-09T16:37:53.664627Z",
            "yes_price": 26,
            "no_price": 74,
            "taker_side": "yes"
        },
        {
            "trade_id": "980c62b4-d460-4d5b-a079-d701179b0aee",
            "ticker": "HIGHNY-24JUN10-B78.5",
            "count": 4,
            "created_time": "2024-06-09T16:37:53.664627Z",
            "yes_price": 26,
            "no_price": 74,
            "taker_side": "yes"
        },
        {
            "trade_id": "d34b8846-8107-43c9-aefa-1d5ebe36c0da",
            "ticker": "HIGHNY-24JUN10-B78.5",
            "count": 2,
            "created_time": "2024-06-09T16:21:47.975119Z",
            "yes_price": 24,
            "no_price": 76,
            "taker_side": "yes"
        },
        {
            "trade_id": "ac7ccfc0-b70a-46f5-ade9-9706c9edb11e",
            "ticker": "HIGHNY-24JUN10-B78.5",
            "count": 6,
            "created_time": "2024-06-09T16:21:47.975119Z",
            "yes_price": 25,
            "no_price": 75,
            "taker_side": "yes"
        },
        {
            "trade_id": "66eb1493-421a-45a8-a8ba-5c2efd909921",
            "ticker": "HIGHNY-24JUN10-B78.5",
            "count": 75,
            "created_time": "2024-06-09T16:21:47.975119Z",
            "yes_price": 25,
            "no_price": 75,
            "taker_side": "yes"
        },
        {
            "trade_id": "0c77c166-e958-4dd7-a010-5ddc453d80d1",
            "ticker": "HIGHNY-24JUN10-B78.5",
            "count": 25,
            "created_time": "2024-06-09T15:07:40.344428Z",
            "yes_price": 26,
            "no_price": 74,
            "taker_side": "yes"
        },
        {
            "trade_id": "68a562db-8703-4862-8ce6-b1df6de427f0",
            "ticker": "HIGHNY-24JUN10-B78.5",
            "count": 75,
            "created_time": "2024-06-09T15:05:30.161881Z",
            "yes_price": 25,
            "no_price": 75,
            "taker_side": "yes"
        },
        {
            "trade_id": "b7784389-95eb-41e7-92ea-167e648bfe16",
            "ticker": "HIGHNY-24JUN10-B78.5",
            "count": 30,
            "created_time": "2024-06-09T15:03:46.158036Z",
            "yes_price": 25,
            "no_price": 75,
            "taker_side": "yes"
        },
        {
            "trade_id": "dff1b07e-6aca-41da-b2a8-7454e8bbf831",
            "ticker": "HIGHNY-24JUN10-B78.5",
            "count": 60,
            "created_time": "2024-06-09T14:59:23.215224Z",
            "yes_price": 22,
            "no_price": 78,
            "taker_side": "yes"
        },
        {
            "trade_id": "92753913-ef95-4c12-a52c-f3a65603736b",
            "ticker": "HIGHNY-24JUN10-B78.5",
            "count": 150,
            "created_time": "2024-06-09T14:54:09.445261Z",
            "yes_price": 23,
            "no_price": 77,
            "taker_side": "yes"
        },
        {
            "trade_id": "62425105-c775-4389-9247-cf780ca97010",
            "ticker": "HIGHNY-24JUN10-B78.5",
            "count": 60,
            "created_time": "2024-06-09T14:54:09.445261Z",
            "yes_price": 21,
            "no_price": 79,
            "taker_side": "yes"
        },
        {
            "trade_id": "23c4591a-2072-45d5-9c67-3d3843c24e05",
            "ticker": "HIGHNY-24JUN10-B78.5",
            "count": 4,
            "created_time": "2024-06-09T14:12:38.410566Z",
            "yes_price": 18,
            "no_price": 82,
            "taker_side": "no"
        }
    ],
    "HIGHNY-24JUN10-B80.5": [
        {
            "trade_id": "a891aaf1-5940-4f73-bd2f-168dc8d16b02",
            "ticker": "HIGHNY-24JUN10-B80.5",
            "count": 218,
            "created_time": "2024-06-10T13:53:52.477946Z",
            "yes_price": 4,
            "no_price": 96,
            "taker_side": "no"
        },
        {
            "trade_id": "95a39710-62bd-467f-b252-4e847e9cd980",
            "ticker": "HIGHNY-24JUN10-B80.5",
            "count": 2,
            "created_time": "2024-06-10T12:11:02.466103Z",
            "yes_price": 4,
            "no_price": 96,
            "taker_side": "no"
        },
        {
            "trade_id": "e459241f-fb1f-401d-83f0-489fdb2f22aa",
            "ticker": "HIGHNY-24JUN10-B80.5",
            "count": 30,
            "created_time": "2024-06-10T12:02:35.214599Z",
            "yes_price": 4,
            "no_price": 96,
            "taker_side": "no"
        },
        {
            "trade_id": "d88cbfe6-0344-46f9-9bd0-147d62eb4cfa",
            "ticker": "HIGHNY-24JUN10-B80.5",
            "count": 1,
            "created_time": "2024-06-09T15:15:06.608129Z",
            "yes_price": 4,
            "no_price": 96,
            "taker_side": "yes"
        }
    ],
    "HIGHNY-24JUN10-T81": []
}