{
    "HIGHNY-24JUN11-T74": [
        {
            "trade_id": "bb29fccd-85b6-4adf-878b-639cc84105ea",
            "ticker": "HIGHNY-24JUN11-T74",
            "count": 432,
            "created_time": "2024-06-11T18:53:52.105052Z",
            "yes_price": 97,
            "no_price": 3,
            "taker_side": "yes"
        },
        {
            "trade_id": "560e4c0d-94bb-4f31-8f71-a07b0df9c0a1",
            "ticker": "HIGHNY-24JUN11-T74",
            "count": 68,
            "created_time": "2024-06-11T18:53:52.105052Z",
            "yes_price": 96,
            "no_price": 4,
            "taker_side": "yes"
        },
        {
            "trade_id": "b690f2e4-6a20-4fad-b451-653cc4139fb3",
            "ticker": "HIGHNY-24JUN11-T74",
            "count": 50,
            "created_time": "2024-06-11T17:32:34.31252Z",
            "yes_price": 16,
            "no_price": 84,
            "taker_side": "no"
        },
        {
            "trade_id": "f446317a-7a6f-439f-8168-9dbae8764f97",
            "ticker": "HIGHNY-24JUN11-T74",
            "count": 100,
            "created_time": "2024-06-11T17:31:00.227733Z",
            "yes_price": 11,
            "no_price": 89,
            "taker_side": "no"
        },
        {
            "trade_id": "a74a0ddb-c2bd-4ce4-a0c4-74d11422e91e",
            "ticker": "HIGHNY-24JUN11-T74",
            "count": 452,
            "created_time": "2024-06-11T17:31:00.227733Z",
            "yes_price": 10,
            "no_price": 90,
            "taker_side": "no"
        },
        {
            "trade_id": "4b68ae0f-b457-4a16-930f-917f3d071d9d",
            "ticker": "HIGHNY-24JUN11-T74",
            "count": 74,
            "created_time": "2024-06-11T14:54:13.300106Z",
            "yes_price": 45,
            "no_price": 55,
            "taker_side": "yes"
        },
        {
            "trade_id": "774160ab-b1aa-4b29-be71-be408416edc2",
            "ticker": "HIGHNY-24JUN11-T74",
            "count": 3,
            "created_time": "2024-06-11T12:42:06.040458Z",
            "yes_price": 37,
            "no_price": 63,
            "taker_side": "yes"
        },
        {
            "trade_id": "c161b566-1c8c-49fd-94ee-edcc8528fcc5",
            "ticker": "HIGHNY-24JUN11-T74",
            "count": 50,
            "created_time": "2024-06-11T12:30:56.130402Z",
            "yes_price": 37,
            "no_price": 63,
            "taker_side": "yes"
        },
        {
            "trade_id": "1aa29aaa-282c-4da1-bcb0-4fffda3d1e4e",
            "ticker": "HIGHNY-24JUN11-T74",
            "count": 14,
            "created_time": "2024-06-11T12:30:34.134899Z",
            "yes_price": 36,
            "no_price": 64,
            "taker_side": "yes"
        },
        {
            "trade_id": "30dbe920-59c3-4a87-be96-ba4eff72e20f",
            "ticker": "HIGHNY-24JUN11-T74",
            "count": 4,
            "created_time": "2024-06-11T12:27:55.794244Z",
            "yes_price": 31,
            "no_price": 69,
            "taker_side": "no"
        },
        {
            "trade_id": "e847fbb0-da26-4fcb-8261-29cd71696e0e",
            "ticker": "HIGHNY-24JUN11-T74",
            "count": 44,
            "created_time": "2024-06-11T12:27:36.20578Z",
            "yes_price": 32,
            "no_price": 68,
            "taker_side": "no"
        },
        {
            "trade_id": "d736c1ac-825f-4673-9899-0357722ea261",
            "ticker": "HIGHNY-24JUN11-T74",
            "count": 10,
            "created_time": "2024-06-11T12:25:01.435998Z",
            "yes_price": 35,
            "no_price": 65,
            "taker_side": "no"
        },
        {
            "trade_id": "bc1a2083-dbb4-49bb-8bdc-30a61c973249",
            "ticker": "HIGHNY-24JUN11-T74",
            "count": 10,
            "created_time": "2024-06-11T12:23:13.211135Z",
            "yes_price": 35,
            "no_price": 65,
            "taker_side": "no"
        },
        {
            "trade_id": "ad82244b-3faa-45bc-9fab-ca72ba335cdc",
            "ticker": "HIGHNY-24JUN11-T74",
            "count": 90,
            "created_time": "2024-06-11T12:23:13.211135Z",
            "yes_price": 35,
            "no_price": 65,
            "taker_side": "no"
        },
        {
            "trade_id": "a4bcd6e4-e23b-4d3b-b7cb-45e9d27e55ba",
            "ticker": "HIGHNY-24JUN11-T74",
            "count": 112,
            "created_time": "2024-06-11T12:04:46.211824Z",
            "yes_price": 43,
            "no_price": 57,
            "taker_side": "no"
        },
        {
            "trade_id": "309a7289-306f-461f-88a1-034cf1598685",
            "ticker": "HIGHNY-24JUN11-T74",
            "count": 45,
            "created_time": "2024-06-11T12:04:46.211824Z",
            "yes_price": 45,
            "no_price": 55,
            "taker_side": "no"
        },
        {
            "trade_id": "f1827539-1b2b-4632-87ca-3d5ce2ebc316",
            "ticker": "HIGHNY-24JUN11-T74",
            "count": 112,
            "created_time": "2024-06-11T12:04:37.084675Z",
            "yes_price": 43,
            "no_price": 57,
            "taker_side": "no"
        },
        {
            "trade_id": "62fd4df5-3122-4e72-b9f5-04e661b7627c",
            "ticker": "HIGHNY-24JUN11-T74",
            "count": 45,
            "created_time": "2024-06-11T12:04:37.084675Z",
            "yes_price": 46,
            "no_price": 54,
            "taker_side": "no"
        },
        {
            "trade_id": "3a9c3ee9-a193-4ee0-8dff-ae52b4f8d0f5",
            "ticker": "HIGHNY-24JUN11-T74",
            "count": 112,
            "created_time": "2024-06-11T12:04:37.084675Z",
            "yes_price": 41,
            "no_price": 59,
            "taker_side": "no"
        },
        {
            "trade_id": "d173da90-2591-428c-b8d8-e6d562d2ed81",
            "ticker": "HIGHNY-24JUN11-T74",
            "count": 11,
            "created_time": "2024-06-11T12:00:39.629938Z",
            "yes_price": 51,
            "no_price": 49,
            "taker_side": "yes"
        },
        {
            "trade_id": "076c87a1-3471-4620-84fd-bdf3224dfce9",
            "ticker": "HIGHNY-24JUN11-T74",
            "count": 28,
            "created_time": "2024-06-11T02:56:37.251947Z",
            "yes_price": 53,
            "no_price": 47,
            "taker_side": "yes"
        },
        {
            "trade_id": "ad7094cf-5847-4d8e-ad34-78572f23e4ec",
            "ticker": "HIGHNY-24JUN11-T74",
            "count": 41,
            "created_time": "2024-06-11T02:56:30.105938Z",
            "yes_price": 53,
            "no_price": 47,
            "taker_side": "yes"
        },
        {
            "trade_id": "36449516-7d80-4760-a2d6-846c07dc25d5",
            "ticker": "HIGHNY-24JUN11-T74",
            "count": 1,
            "created_time": "2024-06-10T22:32:27.454329Z",
            "yes_price": 42,
            "no_price": 58,
            "taker_side": "yes"
        },
        {
            "trade_id": "a4ff5386-9db3-4f2f-84a5-9660619b2923",
            "ticker": "HIGHNY-24JUN11-T74",
            "count": 2,
            "created_time": "2024-06-10T21:20:31.712144Z",
            "yes_price": 29,
            "no_price": 71,
            "taker_side": "yes"
        },
        {
            "trade_id": "be39eecb-a0c6-43c9-a774-df277f96cea7",
            "ticker": "HIGHNY-24JUN11-T74",
            "count": 90,
            "created_time": "2024-06-10T18:19:22.888742Z",
            "yes_price": 26,
            "no_price": 74,
            "taker_side": "yes"
        },
        {
            "trade_id": "d79f9fe7-21ba-4012-9772-bc0a8d52ca3b",
            "ticker": "HIGHNY-24JUN11-T74",
            "count": 12,
            "created_time": "2024-06-10T18:19:04.670148Z",
            "yes_price": 22,
            "no_price": 78,
            "taker_side": "yes"
        },
        {
            "trade_id": "684ed730-e1b7-487d-ab1e-6bcf67cef42f",
            "ticker": "HIGHNY-24JUN11-T74",
            "count": 150,
            "created_time": "2024-06-10T18:19:04.670148Z",
            "yes_price": 24,
            "no_price": 76,
            "taker_side": "yes"
        },
        {
            "trade_id": "43360902-d6a7-4f17-881f-cfdc5402b437",
            "ticker": "HIGHNY-24JUN11-T74",
            "count": 150,
            "created_time": "2024-06-10T18:19:04.670148Z",
            "yes_price": 25,
            "no_price": 75,
            "taker_side": "yes"
        },
        {
            "trade_id": "73405ee8-b006-4954-9aa9-34e51c26a487",
            "ticker": "HIGHNY-24JUN11-T74",
            "count": 3,
            "created_time": "2024-06-10T17:42:02.929637Z",
            "yes_price": 22,
            "no_price": 78,
            "taker_side": "no"
        },
        {
            "trade_id": "2ca2a894-ee42-47ed-89ee-2db693573f83",
            "ticker": "HIGHNY-24JUN11-T74",
            "count": 75,
            "created_time": "2024-06-10T17:40:47.920238Z",
            "yes_price": 25,
            "no_price": 75,
            "taker_side": "yes"
        },
        {
            "trade_id": "e73d890c-dbdd-4289-9c6a-f3e24d1c5c21",
            "ticker": "HIGHNY-24JUN11-T74",
            "count": 25,
            "created_time": "2024-06-10T15:08:30.457645Z",
            "yes_price": 46,
            "no_price": 54,
            "taker_side": "no"
        },
        {
            "trade_id": "137258ae-7518-4be2-91b2-e85722a204ae",
            "ticker": "HIGHNY-24JUN11-T74",
            "count": 7,
            "created_time": "2024-06-10T14:50:29.989614Z",
            "yes_price": 54,
            "no_price": 46,
            "taker_side": "no"
        },
        {
            "trade_id": "f8a29463-536c-4af5-b9ec-ce0b4845c671",
            "ticker": "HIGHNY-24JUN11-T74",
            "count": 3,
            "created_time": "2024-06-10T14:28:34.401476Z",
            "yes_price": 40,
            "no_price": 60,
            "taker_side": "yes"
        }
    ],
    "HIGHNY-24JUN11-B74.5": [
        {
            "trade_id": "0a90ebca-6a7f-4d9b-9b7d-66ca2377c379",
            "ticker": "HIGHNY-24JUN11-B74.5",
            "count": 187,
            "created_time": "2024-06-11T21:45:46.881154Z",
            "yes_price": 5,
            "no_price": 95,
            "taker_side": "yes"
        },
        {
            "trade_id": "93d6b73b-07f4-4041-8cac-bb736b6944dc",
            "ticker": "HIGHNY-24JUN11-B74.5",
            "count": 5,
            "created_time": "2024-06-11T21:26:03.607703Z",
            "yes_price": 5,
            "no_price": 95,
            "taker_side": "yes"
        },
        {
            "trade_id": "dfed9a72-b5e5-4432-b4a7-9fb8465ada44",
            "ticker": "HIGHNY-24JUN11-B74.5",
            "count": 68,
            "created_time": "2024-06-11T18:53:52.160221Z",
            "yes_price": 5,
            "no_price": 95,
            "taker_side": "no"
        },
        {
            "trade_id": "8d55f8a0-1760-408d-8152-5a46a7f04197",
            "ticker": "HIGHNY-24JUN11-B74.5",
            "count": 50,
            "created_time": "2024-06-11T17:32:34.24905Z",
            "yes_price": 99,
            "no_price": 1,
            "taker_side": "yes"
        },
        {
            "trade_id": "d2ec06a6-d666-49d4-ace0-e8e906308fe7",
            "ticker": "HIGHNY-24JUN11-B74.5",
            "count": 3,
            "created_time": "2024-06-11T16:46:23.906486Z",
            "yes_price": 33,
            "no_price": 67,
            "taker_side": "no"
        },
        {
            "trade_id": "82fd5698-c388-42ea-a314-a1aa73e35ba9",
            "ticker": "HIGHNY-24JUN11-B74.5",
            "count": 70,
            "created_time": "2024-06-11T16:46:23.906486Z",
            "yes_price": 32,
            "no_price": 68,
            "taker_side": "no"
        },
        {
            "trade_id": "821fa7d7-0d38-4767-beb8-eb42cf90583b",
            "ticker": "HIGHNY-24JUN11-B74.5",
            "count": 50,
            "created_time": "2024-06-11T12:56:32.491859Z",
            "yes_price": 50,
            "no_price": 50,
            "taker_side": "yes"
        },
        {
            "trade_id": "1ecb9cac-a841-4fab-a0c3-bad1dab590d4",
            "ticker": "HIGHNY-24JUN11-B74.5",
            "count": 50,
            "created_time": "2024-06-11T12:56:32.491859Z",
            "yes_price": 51,
            "no_price": 49,
            "taker_side": "yes"
        },
        {
            "trade_id": "0e8e74db-cb2d-42f8-8309-20c945ba32fa",
            "ticker": "HIGHNY-24JUN11-B74.5",
            "count": 3,
            "created_time": "2024-06-11T12:42:14.820324Z",
            "yes_price": 48,
            "no_price": 52,
            "taker_side": "no"
        },
        {
            "trade_id": "62451f43-9c87-4a46-9710-5823ac3ebf32",
            "ticker": "HIGHNY-24JUN11-B74.5",
            "count": 3,
            "created_time": "2024-06-11T12:42:06.099197Z",
            "yes_price": 48,
            "no_price": 52,
            "taker_side": "no"
        },
        {
            "trade_id": "279d626d-e7eb-4cb9-84d1-7353a7ff3051",
            "ticker": "HIGHNY-24JUN11-B74.5",
            "count": 44,
            "created_time": "2024-06-11T12:27:36.104913Z",
            "yes_price": 53,
            "no_price": 47,
            "taker_side": "yes"
        },
        {
            "trade_id": "194104e1-e013-4f54-a503-04eeec9cbc83",
            "ticker": "HIGHNY-24JUN11-B74.5",
            "count": 74,
            "created_time": "2024-06-11T12:27:36.104913Z",
            "yes_price": 54,
            "no_price": 46,
            "taker_side": "yes"
        },
        {
            "trade_id": "b5fb92fb-12d4-431a-9c4a-dca5bbd7abd2",
            "ticker": "HIGHNY-24JUN11-B74.5",
            "count": 4,
            "created_time": "2024-06-11T12:25:01.375837Z",
            "yes_price": 53,
            "no_price": 47,
            "taker_side": "yes"
        },
        {
            "trade_id": "3baf0b45-8bfc-455c-9208-b4c99702a851",
            "ticker": "HIGHNY-24JUN11-B74.5",
            "count": 10,
            "created_time": "2024-06-11T12:25:01.375837Z",
            "yes_price": 52,
            "no_price": 48,
            "taker_side": "yes"
        },
        {
            "trade_id": "bc53c144-2ca2-4231-bf55-787d082d1110",
            "ticker": "HIGHNY-24JUN11-B74.5",
            "count": 100,
            "created_time": "2024-06-11T12:23:13.151722Z",
            "yes_price": 49,
            "no_price": 51,
            "taker_side": "yes"
        },
        {
            "trade_id": "8c1c687d-dc77-40e6-96f2-6b61b2df3d2f",
            "ticker": "HIGHNY-24JUN11-B74.5",
            "count": 55,
            "created_time": "2024-06-11T12:23:13.151722Z",
            "yes_price": 52,
            "no_price": 48,
            "taker_side": "yes"
        },
        {
            "trade_id": "18b0096a-3155-4fd3-b1a4-0a49be348f8c",
            "ticker": "HIGHNY-24JUN11-B74.5",
            "count": 11,
            "created_time": "2024-06-11T12:23:13.151722Z",
            "yes_price": 50,
            "no_price": 50,
            "taker_side": "yes"
        },
        {
            "trade_id": "59520259-790e-4f20-9472-54bce226d25e",
            "ticker": "HIGHNY-24JUN11-B74.5",
            "count": 3,
            "created_time": "2024-06-11T02:23:51.850438Z",
            "yes_price": 37,
            "no_price": 63,
            "taker_side": "yes"
        },
        {
            "trade_id": "0aaf9ff9-fc2e-40dc-a1be-0e1e22b12e79",
            "ticker": "HIGHNY-24JUN11-B74.5",
            "count": 30,
            "created_time": "2024-06-11T02:22:14.650179Z",
            "yes_price": 37,
            "no_price": 63,
            "taker_side": "yes"
        },
        {
            "trade_id": "c604a63d-e2a7-41dd-be4b-e5abea54eb56",
            "ticker": "HIGHNY-24JUN11-B74.5",
            "count": 2,
            "created_time": "2024-06-11T00:33:36.920802Z",
            "yes_price": 39,
            "no_price": 61,
            "taker_side": "yes"
        },
        {
            "trade_id": "aac4dbd5-b6ef-472c-9876-87ac85137399",
            "ticker": "HIGHNY-24JUN11-B74.5",
            "count": 15,
            "created_time": "2024-06-10T23:33:08.48661Z",
            "yes_price": 37,
            "no_price": 63,
            "taker_side": "yes"
        },
        {
            "trade_id": "a91c89dc-5b9e-4d4f-86a2-e4e590d273bf",
            "ticker": "HIGHNY-24JUN11-B74.5",
            "count": 58,
            "created_time": "2024-06-10T23:31:30.379769Z",
            "yes_price": 36,
            "no_price": 64,
            "taker_side": "yes"
        },
        {
            "trade_id": "b24b52a8-a062-4376-b891-3eafc03bae53",
            "ticker": "HIGHNY-24JUN11-B74.5",
            "count": 78,
            "created_time": "2024-06-10T23:23:46.813206Z",
            "yes_price": 34,
            "no_price": 66,
            "taker_side": "yes"
        },
        {
            "trade_id": "55d31ff6-762f-4a5f-bd9e-d9cf7501ceb8",
            "ticker": "HIGHNY-24JUN11-B74.5",
            "count": 26,
            "created_time": "2024-06-10T23:23:28.186897Z",
            "yes_price": 33,
            "no_price": 67,
            "taker_side": "yes"
        },
        {
            "trade_id": "d45dab97-9801-4cfc-960e-44f37a6fc99e",
            "ticker": "HIGHNY-24JUN11-B74.5",
            "count": 125,
            "created_time": "2024-06-10T21:10:50.493195Z",
            "yes_price": 36,
            "no_price": 64,
            "taker_side": "yes"
        },
        {
            "trade_id": "2298bd54-902d-46a7-ae56-9d1f991638ef",
            "ticker": "HIGHNY-24JUN11-B74.5",
            "count": 75,
            "created_time": "2024-06-10T21:10:50.493195Z",
            "yes_price": 34,
            "no_price": 66,
            "taker_side": "yes"
        },
        {
            "trade_id": "41c6e8f5-60f4-4eea-a76e-36fe8292f28e",
            "ticker": "HIGHNY-24JUN11-B74.5",
            "count": 25,
            "created_time": "2024-06-10T20:08:02.016171Z",
            "yes_price": 33,
            "no_price": 67,
            "taker_side": "no"
        },
        {
            "trade_id": "bef88644-e705-4fa0-ac7f-ba5bc517354f",
            "ticker": "HIGHNY-24JUN11-B74.5",
            "count": 75,
            "created_time": "2024-06-10T20:01:52.262322Z",
            "yes_price": 33,
            "no_price": 67,
            "taker_side": "yes"
        },
        {
            "trade_id": "a04e32be-faa6-4a30-a4d8-5cb2efe6cb5f",
            "ticker": "HIGHNY-24JUN11-B74.5",
            "count": 30,
            "created_time": "2024-06-10T20:01:27.456726Z",
            "yes_price": 32,
            "no_price": 68,
            "taker_side": "yes"
        },
        {
            "trade_id": "fd7483b9-01d4-47de-9a55-c228b1c86057",
            "ticker": "HIGHNY-24JUN11-B74.5",
            "count": 90,
            "created_time": "2024-06-10T17:40:33.369863Z",
            "yes_price": 34,
            "no_price": 66,
            "taker_side": "yes"
        },
        {
            "trade_id": "a3497e46-7765-462d-af53-80a340ae1f4b",
            "ticker": "HIGHNY-24JUN11-B74.5",
            "count": 25,
            "created_time": "2024-06-10T17:40:00.355633Z",
            "yes_price": 35,
            "no_price": 65,
            "taker_side": "yes"
        }
    ],
    "HIGHNY-24JUN11-B76.5": [
        {
            "trade_id": "eb978d91-d45b-4c13-9676-a94d0f27f5fd",
            "ticker": "HIGHNY-24JUN11-B76.5",
            "count": 493,
            "created_time": "2024-06-12T00:26:44.363744Z",
            "yes_price": 2,
            "no_price": 98,
            "taker_side": "yes"
        },
        {
            "trade_id": "17b1e357-b971-4fad-9a71-9e4462343911",
            "ticker": "HIGHNY-24JUN11-B76.5",
            "count": 295,
            "created_time": "2024-06-12T00:26:44.363744Z",
            "yes_price": 3,
            "no_price": 97,
            "taker_side": "yes"
        },
        {
            "trade_id": "cfbe587b-a82c-41d7-8847-dd5a9b53947d",
            "ticker": "HIGHNY-24JUN11-B76.5",
            "count": 7,
            "created_time": "2024-06-11T22:33:55.198365Z",
            "yes_price": 2,
            "no_price": 98,
            "taker_side": "yes"
        },
        {
            "trade_id": "619259e5-a76d-48df-a258-7c44b8996ed5",
            "ticker": "HIGHNY-24JUN11-B76.5",
            "count": 150,
            "created_time": "2024-06-11T14:53:50.809956Z",
            "yes_price": 10,
            "no_price": 90,
            "taker_side": "no"
        },
        {
            "trade_id": "39066575-5b48-41ff-a824-0502b9449a27",
            "ticker": "HIGHNY-24JUN11-B76.5",
            "count": 100,
            "created_time": "2024-06-11T14:53:50.809956Z",
            "yes_price": 8,
            "no_price": 92,
            "taker_side": "no"
        },
        {
            "trade_id": "c62e6f7c-b530-4a64-9a59-92658ac34e93",
            "ticker": "HIGHNY-24JUN11-B76.5",
            "count": 28,
            "created_time": "2024-06-11T14:17:53.920184Z",
            "yes_price": 33,
            "no_price": 67,
            "taker_side": "yes"
        },
        {
            "trade_id": "4ca2be20-39ce-4b07-b426-5793c7844c3d",
            "ticker": "HIGHNY-24JUN11-B76.5",
            "count": 53,
            "created_time": "2024-06-11T13:54:06.330367Z",
            "yes_price": 13,
            "no_price": 87,
            "taker_side": "no"
        },
        {
            "trade_id": "3ab43bcb-0257-496d-ac9e-80ccb540ecae",
            "ticker": "HIGHNY-24JUN11-B76.5",
            "count": 40,
            "created_time": "2024-06-11T13:54:06.330367Z",
            "yes_price": 11,
            "no_price": 89,
            "taker_side": "no"
        },
        {
            "trade_id": "0d278cdd-08c0-4c27-8351-8adfb5eeb050",
            "ticker": "HIGHNY-24JUN11-B76.5",
            "count": 100,
            "created_time": "2024-06-11T13:54:06.330367Z",
            "yes_price": 12,
            "no_price": 88,
            "taker_side": "no"
        },
        {
            "trade_id": "e89d0b65-5239-4b1e-aa31-bd7b641d3555",
            "ticker": "HIGHNY-24JUN11-B76.5",
            "count": 1,
            "created_time": "2024-06-11T13:49:42.941505Z",
            "yes_price": 17,
            "no_price": 83,
            "taker_side": "yes"
        },
        {
            "trade_id": "2a4a883e-f493-49da-adc8-bcb5b9ba85bc",
            "ticker": "HIGHNY-24JUN11-B76.5",
            "count": 4,
            "created_time": "2024-06-11T13:21:41.723821Z",
            "yes_price": 17,
            "no_price": 83,
            "taker_side": "yes"
        },
        {
            "trade_id": "1b88899b-f496-4b0c-86a2-4b94a7451950",
            "ticker": "HIGHNY-24JUN11-B76.5",
            "count": 26,
            "created_time": "2024-06-11T13:20:26.279101Z",
            "yes_price": 18,
            "no_price": 82,
            "taker_side": "yes"
        },
        {
            "trade_id": "bcaeeab3-631f-439f-a615-a352bdb0f9f2",
            "ticker": "HIGHNY-24JUN11-B76.5",
            "count": 1,
            "created_time": "2024-06-11T12:58:14.375003Z",
            "yes_price": 16,
            "no_price": 84,
            "taker_side": "yes"
        },
        {
            "trade_id": "f6cb9222-7d76-4856-8335-5f863efe18cf",
            "ticker": "HIGHNY-24JUN11-B76.5",
            "count": 3,
            "created_time": "2024-06-11T12:42:06.103362Z",
            "yes_price": 13,
            "no_price": 87,
            "taker_side": "no"
        },
        {
            "trade_id": "dce5569a-a312-4c78-9174-8a09547661c9",
            "ticker": "HIGHNY-24JUN11-B76.5",
            "count": 44,
            "created_time": "2024-06-11T12:27:36.215651Z",
            "yes_price": 13,
            "no_price": 87,
            "taker_side": "no"
        },
        {
            "trade_id": "b4e4ac7e-f05b-4785-83fe-4c64904c2b7d",
            "ticker": "HIGHNY-24JUN11-B76.5",
            "count": 10,
            "created_time": "2024-06-11T12:27:26.462645Z",
            "yes_price": 18,
            "no_price": 82,
            "taker_side": "yes"
        },
        {
            "trade_id": "55992833-704c-4b5b-8897-6443a0439e85",
            "ticker": "HIGHNY-24JUN11-B76.5",
            "count": 10,
            "created_time": "2024-06-11T12:25:01.438416Z",
            "yes_price": 13,
            "no_price": 87,
            "taker_side": "no"
        },
        {
            "trade_id": "bcd6394e-123b-4cef-a5c4-b7c479557494",
            "ticker": "HIGHNY-24JUN11-B76.5",
            "count": 100,
            "created_time": "2024-06-11T12:23:13.214448Z",
            "yes_price": 15,
            "no_price": 85,
            "taker_side": "no"
        },
        {
            "trade_id": "ab479544-1686-4aee-92ba-05daf5ab8bb0",
            "ticker": "HIGHNY-24JUN11-B76.5",
            "count": 78,
            "created_time": "2024-06-11T12:04:33.655247Z",
            "yes_price": 14,
            "no_price": 86,
            "taker_side": "yes"
        },
        {
            "trade_id": "932cfa66-a6f5-4616-91cf-68c974eff3ac",
            "ticker": "HIGHNY-24JUN11-B76.5",
            "count": 12,
            "created_time": "2024-06-11T12:04:33.655247Z",
            "yes_price": 15,
            "no_price": 85,
            "taker_side": "yes"
        },
        {
            "trade_id": "c1d8c154-0c26-456f-9f76-2f22accfcf70",
            "ticker": "HIGHNY-24JUN11-B76.5",
            "count": 100,
            "created_time": "2024-06-11T12:04:26.998376Z",
            "yes_price": 15,
            "no_price": 85,
            "taker_side": "no"
        },
        {
            "trade_id": "ae354cc4-4e25-4ca4-9d8a-809af8471a75",
            "ticker": "HIGHNY-24JUN11-B76.5",
            "count": 121,
            "created_time": "2024-06-11T03:41:29.625374Z",
            "yes_price": 17,
            "no_price": 83,
            "taker_side": "yes"
        },
        {
            "trade_id": "c1406b9e-4189-401f-b48f-6dcad8c55267",
            "ticker": "HIGHNY-24JUN11-B76.5",
            "count": 81,
            "created_time": "2024-06-11T03:41:19.157846Z",
            "yes_price": 16,
            "no_price": 84,
            "taker_side": "yes"
        },
        {
            "trade_id": "773a2c7b-1b01-4822-9e50-e4cbbdf50499",
            "ticker": "HIGHNY-24JUN11-B76.5",
            "count": 139,
            "created_time": "2024-06-11T02:56:13.154491Z",
            "yes_price": 11,
            "no_price": 89,
            "taker_side": "no"
        },
        {
            "trade_id": "423b14b7-8877-4e43-950e-334dcaa8b1cf",
            "ticker": "HIGHNY-24JUN11-B76.5",
            "count": 95,
            "created_time": "2024-06-11T02:26:13.307774Z",
            "yes_price": 16,
            "no_price": 84,
            "taker_side": "yes"
        },
        {
            "trade_id": "92d98255-0ebc-48d5-ad46-2fce34994a95",
            "ticker": "HIGHNY-24JUN11-B76.5",
            "count": 1,
            "created_time": "2024-06-11T01:22:54.094998Z",
            "yes_price": 16,
            "no_price": 84,
            "taker_side": "yes"
        },
        {
            "trade_id": "474791a1-c027-4d8f-8975-f5fa5cb3bbbd",
            "ticker": "HIGHNY-24JUN11-B76.5",
            "count": 29,
            "created_time": "2024-06-10T23:31:56.17115Z",
            "yes_price": 18,
            "no_price": 82,
            "taker_side": "yes"
        },
        {
            "trade_id": "33c78d2a-5b3c-4309-98d3-a90f28b74b3b",
            "ticker": "HIGHNY-24JUN11-B76.5",
            "count": 13,
            "created_time": "2024-06-10T23:24:45.274342Z",
            "yes_price": 17,
            "no_price": 83,
            "taker_side": "yes"
        },
        {
            "trade_id": "5e939b5f-8013-40e6-abfe-7f15a007f00a",
            "ticker": "HIGHNY-24JUN11-B76.5",
            "count": 2,
            "created_time": "2024-06-10T21:55:01.08327Z",
            "yes_price": 25,
            "no_price": 75,
            "taker_side": "yes"
        },
        {
            "trade_id": "b4f10fe2-937b-4050-a589-3e68af375cae",
            "ticker": "HIGHNY-24JUN11-B76.5",
            "count": 8,
            "created_time": "2024-06-10T20:28:37.536278Z",
            "yes_price": 33,
            "no_price": 67,
            "taker_side": "no"
        },
        {
            "trade_id": "33832f93-371a-4924-aaff-8f0994d3384d",
            "ticker": "HIGHNY-24JUN11-B76.5",
            "count": 15,
            "created_time": "2024-06-10T20:28:31.246551Z",
            "yes_price": 33,
            "no_price": 67,
            "taker_side": "no"
        },
        {
            "trade_id": "a896c37d-cf24-4f7d-868e-75d12df0a86a",
            "ticker": "HIGHNY-24JUN11-B76.5",
            "count": 75,
            "created_time": "2024-06-10T20:07:54.826074Z",
            "yes_price": 33,
            "no_price": 67,
            "taker_side": "yes"
        },
        {
            "trade_id": "04eadb5e-43e2-4116-a069-bce1eabfa892",
            "ticker": "HIGHNY-24JUN11-B76.5",
            "count": 2,
            "created_time": "2024-06-10T20:07:54.826074Z",
            "yes_price": 32,
            "no_price": 68,
            "taker_side": "yes"
        },
        {
            "trade_id": "fbd18e42-e11e-4b6d-9944-81d061f41d02",
            "ticker": "HIGHNY-24JUN11-B76.5",
            "count": 57,
            "created_time": "2024-06-10T15:07:53.885299Z",
            "yes_price": 19,
            "no_price": 81,
            "taker_side": "yes"
        },
        {
            "trade_id": "4f2fca39-d268-4cdc-954f-bca6d9956ece",
            "ticker": "HIGHNY-24JUN11-B76.5",
            "count": 92,
            "created_time": "2024-06-10T14:48:17.300454Z",
            "yes_price": 17,
            "no_price": 83,
            "taker_side": "yes"
        },
        {
            "trade_id": "3d8d8b54-1da4-47be-89db-49b7100cb440",
            "ticker": "HIGHNY-24JUN11-B76.5",
            "count": 92,
            "created_time": "2024-06-10T14:48:03.650076Z",
            "yes_price": 16,
            "no_price": 84,
            "taker_side": "yes"
        },
        {
            "trade_id": "4c9edb69-61a3-464a-adb2-ef89c6169f9e",
            "ticker": "HIGHNY-24JUN11-B76.5",
            "count": 81,
            "created_time": "2024-06-10T14:47:47.921188Z",
            "yes_price": 15,
            "no_price": 85,
            "taker_side": "yes"
        }
    ],
    "HIGHNY-24JUN11-B78.5": [
        {
            "trade_id": "e909753a-302f-4c0a-875a-3f37565bb91c",
            "ticker": "HIGHNY-24JUN11-B78.5",
            "count": 500,
            "created_time": "2024-06-12T02:49:53.773355Z",
            "yes_price": 1,
            "no_price": 99,
            "taker_side": "yes"
        },
        {
            "trade_id": "236b0323-63a9-4f04-8643-266935b85b4d",
            "ticker": "HIGHNY-24JUN11-B78.5",
            "count": 217,
            "created_time": "2024-06-12T02:49:53.773355Z",
            "yes_price": 2,
            "no_price": 98,
            "taker_side": "yes"
        },
        {
            "trade_id": "d26705a8-3b07-4e0f-ade5-e1c1cc07f80b",
            "ticker": "HIGHNY-24JUN11-B78.5",
            "count": 143,
            "created_time": "2024-06-11T14:53:44.623194Z",
            "yes_price": 3,
            "no_price": 97,
            "taker_side": "no"
        },
        {
            "trade_id": "638d576d-b609-4e2a-bb66-c3dea9912897",
            "ticker": "HIGHNY-24JUN11-B78.5",
            "count": 200,
            "created_time": "2024-06-11T13:54:15.259469Z",
            "yes_price": 3,
            "no_price": 97,
            "taker_side": "no"
        },
        {
            "trade_id": "7ae6ff9b-2dbb-4b9e-bbf2-2e7b9f182169",
            "ticker": "HIGHNY-24JUN11-B78.5",
            "count": 3,
            "created_time": "2024-06-11T12:42:06.101407Z",
            "yes_price": 3,
            "no_price": 97,
            "taker_side": "no"
        },
        {
            "trade_id": "ba7e7188-2f94-46fb-ae53-709fd880177b",
            "ticker": "HIGHNY-24JUN11-B78.5",
            "count": 44,
            "created_time": "2024-06-11T12:27:36.203966Z",
            "yes_price": 3,
            "no_price": 97,
            "taker_side": "no"
        },
        {
            "trade_id": "49147e0f-595c-41bb-b05a-7ae27d0de39b",
            "ticker": "HIGHNY-24JUN11-B78.5",
            "count": 10,
            "created_time": "2024-06-11T12:25:01.43766Z",
            "yes_price": 3,
            "no_price": 97,
            "taker_side": "no"
        },
        {
            "trade_id": "ad6cdda2-b62f-4091-8685-a68869fba369",
            "ticker": "HIGHNY-24JUN11-B78.5",
            "count": 100,
            "created_time": "2024-06-11T12:23:13.213696Z",
            "yes_price": 3,
            "no_price": 97,
            "taker_side": "no"
        },
        {
            "trade_id": "6b90f1d9-b87c-40d3-9a87-e55f8aa0b72f",
            "ticker": "HIGHNY-24JUN11-B78.5",
            "count": 90,
            "created_time": "2024-06-10T18:44:27.332917Z",
            "yes_price": 15,
            "no_price": 85,
            "taker_side": "yes"
        },
        {
            "trade_id": "aacf17c0-7058-47de-aab2-1c1e898f5756",
            "ticker": "HIGHNY-24JUN11-B78.5",
            "count": 75,
            "created_time": "2024-06-10T17:41:56.848533Z",
            "yes_price": 15,
            "no_price": 85,
            "taker_side": "no"
        },
        {
            "trade_id": "bb217684-ebe4-4022-99b2-2a36c963c172",
            "ticker": "HIGHNY-24JUN11-B78.5",
            "count": 150,
            "created_time": "2024-06-10T17:41:56.829088Z",
            "yes_price": 15,
            "no_price": 85,
            "taker_side": "no"
        },
        {
            "trade_id": "f9723ba4-7c57-42d6-aa55-4300428bde78",
            "ticker": "HIGHNY-24JUN11-B78.5",
            "count": 1,
            "created_time": "2024-06-10T17:30:26.881779Z",
            "yes_price": 15,
            "no_price": 85,
            "taker_side": "no"
        }
    ],
    "HIGHNY-24JUN11-B80.5": [],
    "HIGHNY-24JUN11-T81": []
}