{
    "HIGHNY-24JAN12-T43": [],
    "HIGHNY-24JAN12-B43.5": [],
    "HIGHNY-24JAN12-B45.5": [
        {
            "trade_id": "d578a3d8-1e4e-4100-9d42-9793b07f18e7",
            "ticker": "HIGHNY-24JAN12-B45.5",
            "count": 1,
            "created_time": "2024-01-12T16:52:55.324144Z",
            "yes_price": 1,
            "no_price": 99,
            "taker_side": "no"
        },
        {
            "trade_id": "6b5e2f0b-b072-46ae-91e7-f3da41e01253",
            "ticker": "HIGHNY-24JAN12-B45.5",
            "count": 100,
            "created_time": "2024-01-12T15:53:12.948028Z",
            "yes_price": 15,
            "no_price": 85,
            "taker_side": "no"
        },
        {
            "trade_id": "48b9d109-661b-46ff-8d38-92b41e6d2f75",
            "ticker": "HIGHNY-24JAN12-B45.5",
            "count": 25,
            "created_time": "2024-01-12T15:49:23.473554Z",
            "yes_price": 20,
            "no_price": 80,
            "taker_side": "no"
        }
    ],
    "HIGHNY-24JAN12-B47.5": [
        {
            "trade_id": "bc0f35a8-53c5-4f07-90fc-158934fc0b48",
            "ticker": "HIGHNY-24JAN12-B47.5",
            "count": 1,
            "created_time": "2024-01-12T17:52:39.133765Z",
            "yes_price": 1,
            "no_price": 99,
            "taker_side": "no"
        }
    ],
    "HIGHNY-24JAN12-B49.5": [
        {
            "trade_id": "d85be9a4-bcb5-4412-87d0-a0de3f38ad98",
            "ticker": "HIGHNY-24JAN12-B49.5",
            "count": 100,
            "created_time": "2024-01-13T02:14:29.825591Z",
            "yes_price": 50,
            "no_price": 50,
            "taker_side": "no"
        },
        {
            "trade_id": "191caaec-debd-4e8e-99e2-0bc7a064c2b7",
            "ticker": "HIGHNY-24JAN12-B49.5",
            "count": 200,
            "created_time": "2024-01-13T02:13:53.055063Z",
            "yes_price": 51,
            "no_price": 49,
            "taker_side": "no"
        },
        {
            "trade_id": "57666a53-0261-43a2-a92a-2bb8bfe2de40",
            "ticker": "HIGHNY-24JAN12-B49.5",
            "count": 100,
            "created_time": "2024-01-12T21:54:04.755082Z",
            "yes_price": 94,
            "no_price": 6,
            "taker_side": "yes"
        },
        {
            "trade_id": "9c38e628-3557-47e1-bfb8-f6c3741621a7",
            "ticker": "HIGHNY-24JAN12-B49.5",
            "count": 100,
            "created_time": "2024-01-12T21:53:58.361616Z",
            "yes_price": 85,
            "no_price": 15,
            "taker_side": "yes"
        },
        {
            "trade_id": "02e54994-445a-49b4-b9f6-143353db8fef",
            "ticker": "HIGHNY-24JAN12-B49.5",
            "count": 2,
            "created_time": "2024-01-12T21:53:58.361616Z",
            "yes_price": 85,
            "no_price": 15,
            "taker_side": "yes"
        },
        {
            "trade_id": "0f7490f0-922a-4c0f-938b-4ddbff29e5a5",
            "ticker": "HIGHNY-24JAN12-B49.5",
            "count": 99,
            "created_time": "2024-01-12T17:43:57.878293Z",
            "yes_price": 45,
            "no_price": 55,
            "taker_side": "no"
        },
        {
            "trade_id": "d9f7a398-76cf-4267-9aa8-439dbaba211a",
            "ticker": "HIGHNY-24JAN12-B49.5",
            "count": 1,
            "created_time": "2024-01-12T16:53:53.706433Z",
            "yes_price": 30,
            "no_price": 70,
            "taker_side": "yes"
        },
        {
            "trade_id": "25707f31-b0db-4b0c-9714-e9e60c7f8f3d",
            "ticker": "HIGHNY-24JAN12-B49.5",
            "count": 50,
            "created_time": "2024-01-12T16:53:53.706433Z",
            "yes_price": 30,
            "no_price": 70,
            "taker_side": "yes"
        }
    ],
    "HIGHNY-24JAN12-T50": [
        {
            "trade_id": "d54905a2-a4a6-4000-8ddb-b9365089b33f",
            "ticker": "HIGHNY-24JAN12-T50",
            "count": 150,
            "created_time": "2024-01-12T17:08:26.234752Z",
            "yes_price": 20,
            "no_price": 80,
            "taker_side": "yes"
        },
        {
            "trade_id": "7f74548b-bb56-440c-af22-6e2608979cf6",
            "ticker": "HIGHNY-24JAN12-T50",
            "count": 1,
            "created_time": "2024-01-12T17:08:26.234752Z",
            "yes_price": 20,
            "no_price": 80,
            "taker_side": "yes"
        }
    ]
}