{
    "HIGHNY-24JUL03-T80": [
        {
            "trade_id": "d23d05e0-690f-49b2-9e47-024aacb4e641",
            "ticker": "HIGHNY-24JUL03-T80",
            "count": 9,
            "created_time": "2024-07-04T03:29:12.664967Z",
            "yes_price": 1,
            "no_price": 99,
            "taker_side": "yes"
        },
        {
            "trade_id": "06435c2a-7dac-406a-bdeb-697ba9acec62",
            "ticker": "HIGHNY-24JUL03-T80",
            "count": 9,
            "created_time": "2024-07-04T03:04:52.21249Z",
            "yes_price": 1,
            "no_price": 99,
            "taker_side": "yes"
        },
        {
            "trade_id": "b62b92af-b397-45d1-9676-fb1895366256",
            "ticker": "HIGHNY-24JUL03-T80",
            "count": 9,
            "created_time": "2024-07-04T00:23:12.883529Z",
            "yes_price": 1,
            "no_price": 99,
            "taker_side": "yes"
        }
    ],
    "HIGHNY-24JUL03-B80.5": [
        {
            "trade_id": "e0b32e97-1e3e-41a9-9618-a19f0d0e8d96",
            "ticker": "HIGHNY-24JUL03-B80.5",
            "count": 9,
            "created_time": "2024-07-04T03:29:14.703282Z",
            "yes_price": 1,
            "no_price": 99,
            "taker_side": "yes"
        },
        {
            "trade_id": "03257532-dfeb-4cf6-9cc0-18287f66d429",
            "ticker": "HIGHNY-24JUL03-B80.5",
            "count": 9,
            "created_time": "2024-07-04T03:04:54.260335Z",
            "yes_price": 1,
            "no_price": 99,
            "taker_side": "yes"
        },
        {
            "trade_id": "a1e9d17b-5b57-4282-88ac-a2bd31e1ed01",
            "ticker": "HIGHNY-24JUL03-B80.5",
            "count": 2337,
            "created_time": "2024-07-04T02:56:13.361707Z",
            "yes_price": 1,
            "no_price": 99,
            "taker_side": "yes"
        },
        {
            "trade_id": "19cb2d5f-b889-475a-a597-d493c16f586f",
            "ticker": "HIGHNY-24JUL03-B80.5",
            "count": 9,
            "created_time": "2024-07-04T00:23:14.930521Z",
            "yes_price": 1,
            "no_price": 99,
            "taker_side": "yes"
        },
        {
            "trade_id": "eaa7e7aa-a1a5-43d2-9f1a-03408c1602c9",
            "ticker": "HIGHNY-24JUL03-B80.5",
            "count": 100,
            "created_time": "2024-07-03T21:44:59.422803Z",
            "yes_price": 1,
            "no_price": 99,
            "taker_side": "yes"
        },
        {
            "trade_id": "2b7f1338-7649-4ce2-bb93-ace469165f70",
            "ticker": "HIGHNY-24JUL03-B80.5",
            "count": 2,
            "created_time": "2024-07-03T20:48:57.350172Z",
            "yes_price": 1,
            "no_price": 99,
            "taker_side": "yes"
        },
        {
            "trade_id": "6f162d90-516a-40a3-a5cc-6b198ceeeca7",
            "ticker": "HIGHNY-24JUL03-B80.5",
            "count": 100,
            "created_time": "2024-07-03T20:47:49.796445Z",
            "yes_price": 1,
            "no_price": 99,
            "taker_side": "yes"
        },
        {
            "trade_id": "5942b631-4157-433e-a884-11bb1a9b69bb",
            "ticker": "HIGHNY-24JUL03-B80.5",
            "count": 119,
            "created_time": "2024-07-03T17:26:15.078126Z",
            "yes_price": 1,
            "no_price": 99,
            "taker_side": "yes"
        },
        {
            "trade_id": "3b6118fd-36b4-4989-ab51-aa07b2202304",
            "ticker": "HIGHNY-24JUL03-B80.5",
            "count": 128,
            "created_time": "2024-07-03T15:00:45.283186Z",
            "yes_price": 22,
            "no_price": 78,
            "taker_side": "no"
        },
        {
            "trade_id": "3476fddf-2360-4ac3-b645-676a8219788e",
            "ticker": "HIGHNY-24JUL03-B80.5",
            "count": 12,
            "created_time": "2024-07-03T13:49:21.369821Z",
            "yes_price": 20,
            "no_price": 80,
            "taker_side": "no"
        },
        {
            "trade_id": "c50498de-5adc-486e-9489-39cd0eb4f733",
            "ticker": "HIGHNY-24JUL03-B80.5",
            "count": 3,
            "created_time": "2024-07-03T13:09:43.551061Z",
            "yes_price": 24,
            "no_price": 76,
            "taker_side": "yes"
        },
        {
            "trade_id": "f4d799d8-22b9-463a-95be-800a785ec662",
            "ticker": "HIGHNY-24JUL03-B80.5",
            "count": 150,
            "created_time": "2024-07-03T12:58:07.259453Z",
            "yes_price": 16,
            "no_price": 84,
            "taker_side": "no"
        },
        {
            "trade_id": "c3430628-6e5e-4920-b5b7-286c66061223",
            "ticker": "HIGHNY-24JUL03-B80.5",
            "count": 15,
            "created_time": "2024-07-03T12:58:07.259453Z",
            "yes_price": 19,
            "no_price": 81,
            "taker_side": "no"
        },
        {
            "trade_id": "2e251184-9190-49fc-8e5e-a30c0abf9bfe",
            "ticker": "HIGHNY-24JUL03-B80.5",
            "count": 150,
            "created_time": "2024-07-03T12:58:07.259453Z",
            "yes_price": 17,
            "no_price": 83,
            "taker_side": "no"
        },
        {
            "trade_id": "9eeb09e5-9938-49a1-b448-1014fad9dc6a",
            "ticker": "HIGHNY-24JUL03-B80.5",
            "count": 75,
            "created_time": "2024-07-03T12:36:04.021445Z",
            "yes_price": 18,
            "no_price": 82,
            "taker_side": "no"
        },
        {
            "trade_id": "08b19801-cc6e-491a-9f38-e071c8ccc551",
            "ticker": "HIGHNY-24JUL03-B80.5",
            "count": 44,
            "created_time": "2024-07-03T12:36:04.021445Z",
            "yes_price": 16,
            "no_price": 84,
            "taker_side": "no"
        },
        {
            "trade_id": "b769cfdc-e941-426b-a786-97e05ee64ac2",
            "ticker": "HIGHNY-24JUL03-B80.5",
            "count": 30,
            "created_time": "2024-07-03T12:34:32.357951Z",
            "yes_price": 17,
            "no_price": 83,
            "taker_side": "no"
        },
        {
            "trade_id": "2a57a1a1-ca52-4a0c-bd15-e03105b058fe",
            "ticker": "HIGHNY-24JUL03-B80.5",
            "count": 15,
            "created_time": "2024-07-03T12:34:32.305829Z",
            "yes_price": 17,
            "no_price": 83,
            "taker_side": "no"
        },
        {
            "trade_id": "21f021dd-5e38-4d4b-b1d0-65e725170885",
            "ticker": "HIGHNY-24JUL03-B80.5",
            "count": 15,
            "created_time": "2024-07-03T12:34:32.305829Z",
            "yes_price": 19,
            "no_price": 81,
            "taker_side": "no"
        },
        {
            "trade_id": "71bb2078-68a6-4ff8-9f61-c2960094d546",
            "ticker": "HIGHNY-24JUL03-B80.5",
            "count": 40,
            "created_time": "2024-07-03T12:34:32.294986Z",
            "yes_price": 19,
            "no_price": 81,
            "taker_side": "no"
        },
        {
            "trade_id": "accc4c7d-5b34-45b3-b986-b675c9f6df89",
            "ticker": "HIGHNY-24JUL03-B80.5",
            "count": 50,
            "created_time": "2024-07-03T12:34:32.287417Z",
            "yes_price": 19,
            "no_price": 81,
            "taker_side": "no"
        },
        {
            "trade_id": "cc52a2c7-ad51-4a27-837a-da3831533d93",
            "ticker": "HIGHNY-24JUL03-B80.5",
            "count": 118,
            "created_time": "2024-07-03T02:46:25.401959Z",
            "yes_price": 17,
            "no_price": 83,
            "taker_side": "no"
        },
        {
            "trade_id": "d6cdbf6c-e1ed-4e55-ab91-35a78ab41103",
            "ticker": "HIGHNY-24JUL03-B80.5",
            "count": 40,
            "created_time": "2024-07-02T23:49:13.732653Z",
            "yes_price": 17,
            "no_price": 83,
            "taker_side": "no"
        },
        {
            "trade_id": "e8845c32-8050-41cc-a2f9-12f2ae3611d2",
            "ticker": "HIGHNY-24JUL03-B80.5",
            "count": 68,
            "created_time": "2024-07-02T22:18:54.902249Z",
            "yes_price": 17,
            "no_price": 83,
            "taker_side": "no"
        },
        {
            "trade_id": "f301d439-fbec-4058-885c-8a8bd953e7b0",
            "ticker": "HIGHNY-24JUL03-B80.5",
            "count": 17,
            "created_time": "2024-07-02T21:51:25.365831Z",
            "yes_price": 17,
            "no_price": 83,
            "taker_side": "no"
        },
        {
            "trade_id": "736112f1-7683-4bcf-844b-d1edc20b3bea",
            "ticker": "HIGHNY-24JUL03-B80.5",
            "count": 15,
            "created_time": "2024-07-02T21:32:30.515902Z",
            "yes_price": 17,
            "no_price": 83,
            "taker_side": "no"
        },
        {
            "trade_id": "7e1cb81e-9ab0-4484-9258-70c8f72856e3",
            "ticker": "HIGHNY-24JUL03-B80.5",
            "count": 15,
            "created_time": "2024-07-02T21:20:43.006307Z",
            "yes_price": 17,
            "no_price": 83,
            "taker_side": "no"
        },
        {
            "trade_id": "9e4a6d5b-e51d-454a-85e5-47bf50e5b6f6",
            "ticker": "HIGHNY-24JUL03-B80.5",
            "count": 2,
            "created_time": "2024-07-02T20:55:56.957793Z",
            "yes_price": 17,
            "no_price": 83,
            "taker_side": "no"
        },
        {
            "trade_id": "ead55534-5d03-46d4-a80f-48d25987ca95",
            "ticker": "HIGHNY-24JUL03-B80.5",
            "count": 90,
            "created_time": "2024-07-02T20:44:52.660118Z",
            "yes_price": 17,
            "no_price": 83,
            "taker_side": "no"
        },
        {
            "trade_id": "9b982671-1ef4-4dd8-b92b-12229d078d50",
            "ticker": "HIGHNY-24JUL03-B80.5",
            "count": 75,
            "created_time": "2024-07-02T20:40:33.911458Z",
            "yes_price": 17,
            "no_price": 83,
            "taker_side": "no"
        },
        {
            "trade_id": "364f03c6-8784-4337-ac19-967f203b0c4e",
            "ticker": "HIGHNY-24JUL03-B80.5",
            "count": 60,
            "created_time": "2024-07-02T20:36:31.089582Z",
            "yes_price": 17,
            "no_price": 83,
            "taker_side": "no"
        },
        {
            "trade_id": "9664bf6b-87ef-4486-9997-6a7d444fc9b5",
            "ticker": "HIGHNY-24JUL03-B80.5",
            "count": 105,
            "created_time": "2024-07-02T20:10:48.7807Z",
            "yes_price": 22,
            "no_price": 78,
            "taker_side": "yes"
        },
        {
            "trade_id": "7b6c21af-2edb-4c6f-b4f3-805a279c35c6",
            "ticker": "HIGHNY-24JUL03-B80.5",
            "count": 105,
            "created_time": "2024-07-02T20:10:13.959113Z",
            "yes_price": 21,
            "no_price": 79,
            "taker_side": "yes"
        },
        {
            "trade_id": "d74485b5-bf96-4eda-97fb-f24527532752",
            "ticker": "HIGHNY-24JUL03-B80.5",
            "count": 45,
            "created_time": "2024-07-02T20:09:57.244873Z",
            "yes_price": 20,
            "no_price": 80,
            "taker_side": "yes"
        },
        {
            "trade_id": "0543b461-0768-41cf-be91-e1de89a58533",
            "ticker": "HIGHNY-24JUL03-B80.5",
            "count": 1,
            "created_time": "2024-07-02T18:35:18.475232Z",
            "yes_price": 16,
            "no_price": 84,
            "taker_side": "no"
        },
        {
            "trade_id": "c8d26b22-86c7-48b3-ab96-e90ddc62d08c",
            "ticker": "HIGHNY-24JUL03-B80.5",
            "count": 4,
            "created_time": "2024-07-02T15:21:34.624976Z",
            "yes_price": 23,
            "no_price": 77,
            "taker_side": "yes"
        },
        {
            "trade_id": "c5694bd2-4e75-4e0a-bce1-203e87860263",
            "ticker": "HIGHNY-24JUL03-B80.5",
            "count": 60,
            "created_time": "2024-07-02T15:11:12.976006Z",
            "yes_price": 18,
            "no_price": 82,
            "taker_side": "no"
        },
        {
            "trade_id": "0fc8715a-35e4-43fd-a4d6-3c12577c37fb",
            "ticker": "HIGHNY-24JUL03-B80.5",
            "count": 40,
            "created_time": "2024-07-02T15:11:12.976006Z",
            "yes_price": 16,
            "no_price": 84,
            "taker_side": "no"
        },
        {
            "trade_id": "118bd34d-3db6-42cc-a7fb-ce258207369a",
            "ticker": "HIGHNY-24JUL03-B80.5",
            "count": 65,
            "created_time": "2024-07-02T15:02:15.321708Z",
            "yes_price": 18,
            "no_price": 82,
            "taker_side": "no"
        },
        {
            "trade_id": "6a1e1ca6-7482-4614-b2ae-e0393dd046c2",
            "ticker": "HIGHNY-24JUL03-B80.5",
            "count": 15,
            "created_time": "2024-07-02T14:40:38.462713Z",
            "yes_price": 19,
            "no_price": 81,
            "taker_side": "yes"
        },
        {
            "trade_id": "d8d4d014-6bac-4055-afe4-39e79036bc79",
            "ticker": "HIGHNY-24JUL03-B80.5",
            "count": 60,
            "created_time": "2024-07-02T14:38:23.491446Z",
            "yes_price": 19,
            "no_price": 81,
            "taker_side": "no"
        },
        {
            "trade_id": "1503fa18-cb0c-4a84-8021-e1ede3ad29c6",
            "ticker": "HIGHNY-24JUL03-B80.5",
            "count": 14,
            "created_time": "2024-07-02T14:25:12.969424Z",
            "yes_price": 19,
            "no_price": 81,
            "taker_side": "no"
        }
    ],
    "HIGHNY-24JUL03-B82.5": [
        {
            "trade_id": "76ee0f77-1a0e-49cb-bea0-1db3e9fac7a6",
            "ticker": "HIGHNY-24JUL03-B82.5",
            "count": 3,
            "created_time": "2024-07-04T03:38:55.427553Z",
            "yes_price": 99,
            "no_price": 1,
            "taker_side": "yes"
        },
        {
            "trade_id": "81ff3dae-6c9d-49d3-97b5-36460aff79f4",
            "ticker": "HIGHNY-24JUL03-B82.5",
            "count": 10,
            "created_time": "2024-07-04T03:14:33.780699Z",
            "yes_price": 99,
            "no_price": 1,
            "taker_side": "yes"
        },
        {
            "trade_id": "16bbc33c-10c7-421d-8a95-cac38cfa77b9",
            "ticker": "HIGHNY-24JUL03-B82.5",
            "count": 10,
            "created_time": "2024-07-04T00:24:45.821329Z",
            "yes_price": 99,
            "no_price": 1,
            "taker_side": "yes"
        },
        {
            "trade_id": "d6481c01-bf5e-427f-8760-2384690c150e",
            "ticker": "HIGHNY-24JUL03-B82.5",
            "count": 21,
            "created_time": "2024-07-04T00:17:44.740137Z",
            "yes_price": 99,
            "no_price": 1,
            "taker_side": "yes"
        },
        {
            "trade_id": "8559e480-a845-441a-a8ba-b8d06749567c",
            "ticker": "HIGHNY-24JUL03-B82.5",
            "count": 1,
            "created_time": "2024-07-04T00:17:44.740137Z",
            "yes_price": 99,
            "no_price": 1,
            "taker_side": "yes"
        },
        {
            "trade_id": "de721cce-710c-45dc-8a1f-7e4083087951",
            "ticker": "HIGHNY-24JUL03-B82.5",
            "count": 20,
            "created_time": "2024-07-04T00:02:38.48525Z",
            "yes_price": 98,
            "no_price": 2,
            "taker_side": "no"
        },
        {
            "trade_id": "cc9d9ba7-24fa-423a-8a1c-5c5e92512360",
            "ticker": "HIGHNY-24JUL03-B82.5",
            "count": 70,
            "created_time": "2024-07-03T20:57:04.678847Z",
            "yes_price": 99,
            "no_price": 1,
            "taker_side": "yes"
        },
        {
            "trade_id": "dc56eeea-44b2-4e0b-91b8-a7cde0aac86b",
            "ticker": "HIGHNY-24JUL03-B82.5",
            "count": 1,
            "created_time": "2024-07-03T20:26:46.826275Z",
            "yes_price": 99,
            "no_price": 1,
            "taker_side": "yes"
        },
        {
            "trade_id": "114ff532-f5ea-4db9-b3d4-d69f4636304d",
            "ticker": "HIGHNY-24JUL03-B82.5",
            "count": 1,
            "created_time": "2024-07-03T20:02:05.336745Z",
            "yes_price": 16,
            "no_price": 84,
            "taker_side": "no"
        },
        {
            "trade_id": "fe2beaac-109c-45de-a42c-ccccc55f13a5",
            "ticker": "HIGHNY-24JUL03-B82.5",
            "count": 48,
            "created_time": "2024-07-03T15:53:58.072692Z",
            "yes_price": 3,
            "no_price": 97,
            "taker_side": "no"
        },
        {
            "trade_id": "81ebe1d3-c798-4b59-afe6-ff19850b17b9",
            "ticker": "HIGHNY-24JUL03-B82.5",
            "count": 1,
            "created_time": "2024-07-03T15:21:08.901115Z",
            "yes_price": 50,
            "no_price": 50,
            "taker_side": "yes"
        },
        {
            "trade_id": "3e539515-d5d6-4def-b234-1490c20bb3db",
            "ticker": "HIGHNY-24JUL03-B82.5",
            "count": 19,
            "created_time": "2024-07-03T15:21:08.901115Z",
            "yes_price": 51,
            "no_price": 49,
            "taker_side": "yes"
        },
        {
            "trade_id": "5d40482e-a0a3-4059-b405-a76727040ce8",
            "ticker": "HIGHNY-24JUL03-B82.5",
            "count": 1,
            "created_time": "2024-07-03T15:18:05.183395Z",
            "yes_price": 50,
            "no_price": 50,
            "taker_side": "yes"
        },
        {
            "trade_id": "a98fef4f-c030-47bb-8f17-1e33c93b9fda",
            "ticker": "HIGHNY-24JUL03-B82.5",
            "count": 82,
            "created_time": "2024-07-03T13:17:37.257858Z",
            "yes_price": 49,
            "no_price": 51,
            "taker_side": "yes"
        },
        {
            "trade_id": "381856f9-765a-4dc5-a037-afee40ff9d43",
            "ticker": "HIGHNY-24JUL03-B82.5",
            "count": 8,
            "created_time": "2024-07-03T12:44:22.60073Z",
            "yes_price": 44,
            "no_price": 56,
            "taker_side": "yes"
        },
        {
            "trade_id": "62626d04-4401-401f-985e-4ac1c2236fe0",
            "ticker": "HIGHNY-24JUL03-B82.5",
            "count": 25,
            "created_time": "2024-07-03T12:34:48.620793Z",
            "yes_price": 39,
            "no_price": 61,
            "taker_side": "yes"
        },
        {
            "trade_id": "1b60ebd6-1a39-4f92-a4e5-872f0b3bf872",
            "ticker": "HIGHNY-24JUL03-B82.5",
            "count": 15,
            "created_time": "2024-07-03T12:34:38.703727Z",
            "yes_price": 39,
            "no_price": 61,
            "taker_side": "yes"
        },
        {
            "trade_id": "82442fe6-0852-4eb1-9cb5-5c7d8e46be1f",
            "ticker": "HIGHNY-24JUL03-B82.5",
            "count": 30,
            "created_time": "2024-07-03T12:34:32.35197Z",
            "yes_price": 38,
            "no_price": 62,
            "taker_side": "no"
        },
        {
            "trade_id": "9abef06e-1574-48f1-9905-c7574318e0e0",
            "ticker": "HIGHNY-24JUL03-B82.5",
            "count": 20,
            "created_time": "2024-07-03T12:34:32.300345Z",
            "yes_price": 38,
            "no_price": 62,
            "taker_side": "no"
        },
        {
            "trade_id": "454136d6-0adf-404c-b81a-bc13ad069f07",
            "ticker": "HIGHNY-24JUL03-B82.5",
            "count": 10,
            "created_time": "2024-07-03T12:34:32.300345Z",
            "yes_price": 41,
            "no_price": 59,
            "taker_side": "no"
        },
        {
            "trade_id": "7a1bef6c-ea12-47e3-ac66-0e198b0dd7c0",
            "ticker": "HIGHNY-24JUL03-B82.5",
            "count": 50,
            "created_time": "2024-07-03T12:34:32.277333Z",
            "yes_price": 41,
            "no_price": 59,
            "taker_side": "no"
        },
        {
            "trade_id": "4cad88b6-9084-4f69-b99f-43e32a8d8d9c",
            "ticker": "HIGHNY-24JUL03-B82.5",
            "count": 15,
            "created_time": "2024-07-03T12:28:30.526692Z",
            "yes_price": 41,
            "no_price": 59,
            "taker_side": "no"
        },
        {
            "trade_id": "53a147a4-fbef-42e6-a229-ac878f3d574a",
            "ticker": "HIGHNY-24JUL03-B82.5",
            "count": 15,
            "created_time": "2024-07-03T12:28:12.197952Z",
            "yes_price": 41,
            "no_price": 59,
            "taker_side": "no"
        },
        {
            "trade_id": "4f98bf4e-9f70-46d4-acbd-76cbfc1e8b45",
            "ticker": "HIGHNY-24JUL03-B82.5",
            "count": 6,
            "created_time": "2024-07-03T12:10:04.140599Z",
            "yes_price": 44,
            "no_price": 56,
            "taker_side": "yes"
        },
        {
            "trade_id": "b2244eb2-5ca6-478d-ab67-b20aa67d1a61",
            "ticker": "HIGHNY-24JUL03-B82.5",
            "count": 90,
            "created_time": "2024-07-03T02:48:49.123152Z",
            "yes_price": 35,
            "no_price": 65,
            "taker_side": "yes"
        },
        {
            "trade_id": "7ecf9a4a-30fa-414c-888d-fde3a65b2746",
            "ticker": "HIGHNY-24JUL03-B82.5",
            "count": 15,
            "created_time": "2024-07-03T02:48:33.740784Z",
            "yes_price": 34,
            "no_price": 66,
            "taker_side": "yes"
        },
        {
            "trade_id": "55155864-247b-44da-a8e4-b5a74a462bba",
            "ticker": "HIGHNY-24JUL03-B82.5",
            "count": 15,
            "created_time": "2024-07-03T02:48:11.044076Z",
            "yes_price": 34,
            "no_price": 66,
            "taker_side": "yes"
        },
        {
            "trade_id": "2597a19c-fbd0-4fdf-8cfe-b010fbe09d9c",
            "ticker": "HIGHNY-24JUL03-B82.5",
            "count": 75,
            "created_time": "2024-07-03T02:47:04.881997Z",
            "yes_price": 35,
            "no_price": 65,
            "taker_side": "yes"
        },
        {
            "trade_id": "e11af54c-d468-49c4-99da-4ff8d4fa66a3",
            "ticker": "HIGHNY-24JUL03-B82.5",
            "count": 45,
            "created_time": "2024-07-03T02:46:51.045436Z",
            "yes_price": 34,
            "no_price": 66,
            "taker_side": "yes"
        },
        {
            "trade_id": "c1f36068-12fa-4001-83b2-697a4e0d4faa",
            "ticker": "HIGHNY-24JUL03-B82.5",
            "count": 15,
            "created_time": "2024-07-03T01:28:20.344572Z",
            "yes_price": 33,
            "no_price": 67,
            "taker_side": "yes"
        },
        {
            "trade_id": "5748364f-da9a-4d4f-bcce-d4b39f994e40",
            "ticker": "HIGHNY-24JUL03-B82.5",
            "count": 75,
            "created_time": "2024-07-02T20:11:13.483839Z",
            "yes_price": 33,
            "no_price": 67,
            "taker_side": "yes"
        },
        {
            "trade_id": "d1a3529d-44b8-4264-b48e-7769f96d4ec7",
            "ticker": "HIGHNY-24JUL03-B82.5",
            "count": 75,
            "created_time": "2024-07-02T20:09:43.337601Z",
            "yes_price": 33,
            "no_price": 67,
            "taker_side": "yes"
        },
        {
            "trade_id": "e945ab24-5823-438d-b3fa-b186790ac5f1",
            "ticker": "HIGHNY-24JUL03-B82.5",
            "count": 15,
            "created_time": "2024-07-02T20:09:28.636138Z",
            "yes_price": 32,
            "no_price": 68,
            "taker_side": "yes"
        },
        {
            "trade_id": "3b0e07d4-62ed-4316-8a29-4609e4d118cd",
            "ticker": "HIGHNY-24JUL03-B82.5",
            "count": 75,
            "created_time": "2024-07-02T20:08:54.194049Z",
            "yes_price": 33,
            "no_price": 67,
            "taker_side": "yes"
        },
        {
            "trade_id": "c51488b9-6de0-45bf-a079-fae7747211f3",
            "ticker": "HIGHNY-24JUL03-B82.5",
            "count": 90,
            "created_time": "2024-07-02T20:08:39.129496Z",
            "yes_price": 32,
            "no_price": 68,
            "taker_side": "yes"
        },
        {
            "trade_id": "05059046-ad68-41e6-8846-22d23e0f4b6e",
            "ticker": "HIGHNY-24JUL03-B82.5",
            "count": 15,
            "created_time": "2024-07-02T20:07:55.051748Z",
            "yes_price": 31,
            "no_price": 69,
            "taker_side": "yes"
        },
        {
            "trade_id": "e35f31f9-8475-4fa9-b4aa-70fa78078e80",
            "ticker": "HIGHNY-24JUL03-B82.5",
            "count": 1,
            "created_time": "2024-07-02T18:35:18.881425Z",
            "yes_price": 26,
            "no_price": 74,
            "taker_side": "no"
        },
        {
            "trade_id": "716f062c-dd90-4ad3-a04e-029a4fc8da7f",
            "ticker": "HIGHNY-24JUL03-B82.5",
            "count": 1,
            "created_time": "2024-07-02T17:22:28.950266Z",
            "yes_price": 32,
            "no_price": 68,
            "taker_side": "no"
        },
        {
            "trade_id": "a1f12654-c064-40ad-ac87-91801a0e3186",
            "ticker": "HIGHNY-24JUL03-B82.5",
            "count": 33,
            "created_time": "2024-07-02T16:16:24.310566Z",
            "yes_price": 34,
            "no_price": 66,
            "taker_side": "yes"
        },
        {
            "trade_id": "dbb383b4-99e9-4c9c-8cae-151544070dc6",
            "ticker": "HIGHNY-24JUL03-B82.5",
            "count": 2,
            "created_time": "2024-07-02T15:21:43.197882Z",
            "yes_price": 34,
            "no_price": 66,
            "taker_side": "yes"
        }
    ],
    "HIGHNY-24JUL03-B84.5": [
        {
            "trade_id": "91dcf40d-6df8-4e19-8c81-9a970ccb84e6",
            "ticker": "HIGHNY-24JUL03-B84.5",
            "count": 312,
            "created_time": "2024-07-04T02:58:30.126951Z",
            "yes_price": 3,
            "no_price": 97,
            "taker_side": "yes"
        },
        {
            "trade_id": "0fbac8f9-f9d8-4849-bcc7-b8ab35c6c38e",
            "ticker": "HIGHNY-24JUL03-B84.5",
            "count": 25,
            "created_time": "2024-07-04T02:57:42.529116Z",
            "yes_price": 3,
            "no_price": 97,
            "taker_side": "yes"
        },
        {
            "trade_id": "7261d069-cd6c-4baa-907a-ace6ce052bca",
            "ticker": "HIGHNY-24JUL03-B84.5",
            "count": 64,
            "created_time": "2024-07-04T02:56:43.954988Z",
            "yes_price": 1,
            "no_price": 99,
            "taker_side": "yes"
        },
        {
            "trade_id": "6d07cd1d-0880-4b16-b503-0df3139d2528",
            "ticker": "HIGHNY-24JUL03-B84.5",
            "count": 650,
            "created_time": "2024-07-04T02:56:43.954988Z",
            "yes_price": 3,
            "no_price": 97,
            "taker_side": "yes"
        },
        {
            "trade_id": "2f8e0c9b-d2e4-494f-b14b-c7655a39b178",
            "ticker": "HIGHNY-24JUL03-B84.5",
            "count": 320,
            "created_time": "2024-07-04T02:56:43.954988Z",
            "yes_price": 1,
            "no_price": 99,
            "taker_side": "yes"
        },
        {
            "trade_id": "8358177b-6095-4c2f-8b7f-d91bd01bd81a",
            "ticker": "HIGHNY-24JUL03-B84.5",
            "count": 9,
            "created_time": "2024-07-04T00:23:19.033444Z",
            "yes_price": 1,
            "no_price": 99,
            "taker_side": "yes"
        },
        {
            "trade_id": "2c71f623-b20d-40e3-a61c-4261b392dbda",
            "ticker": "HIGHNY-24JUL03-B84.5",
            "count": 129,
            "created_time": "2024-07-03T22:19:47.612999Z",
            "yes_price": 1,
            "no_price": 99,
            "taker_side": "no"
        },
        {
            "trade_id": "f68ba24a-c719-4dee-a25e-fe91c4347798",
            "ticker": "HIGHNY-24JUL03-B84.5",
            "count": 61,
            "created_time": "2024-07-03T21:50:46.597222Z",
            "yes_price": 1,
            "no_price": 99,
            "taker_side": "no"
        },
        {
            "trade_id": "cad949b2-088a-4673-b43e-f5477e495fac",
            "ticker": "HIGHNY-24JUL03-B84.5",
            "count": 27,
            "created_time": "2024-07-03T21:11:09.485263Z",
            "yes_price": 1,
            "no_price": 99,
            "taker_side": "no"
        },
        {
            "trade_id": "73decc95-7a9c-4add-9502-9b0b587f222e",
            "ticker": "HIGHNY-24JUL03-B84.5",
            "count": 357,
            "created_time": "2024-07-03T20:30:45.495522Z",
            "yes_price": 1,
            "no_price": 99,
            "taker_side": "no"
        },
        {
            "trade_id": "08eb6aee-e26b-4d91-b498-2fe92957e2a9",
            "ticker": "HIGHNY-24JUL03-B84.5",
            "count": 4,
            "created_time": "2024-07-03T20:14:53.729159Z",
            "yes_price": 2,
            "no_price": 98,
            "taker_side": "yes"
        },
        {
            "trade_id": "997dc302-4c7a-4ee3-81e1-c9f0a1e207fb",
            "ticker": "HIGHNY-24JUL03-B84.5",
            "count": 1,
            "created_time": "2024-07-03T20:09:49.733224Z",
            "yes_price": 10,
            "no_price": 90,
            "taker_side": "no"
        },
        {
            "trade_id": "11298004-add3-4e34-bb45-feac53fbd954",
            "ticker": "HIGHNY-24JUL03-B84.5",
            "count": 2,
            "created_time": "2024-07-03T20:02:59.694314Z",
            "yes_price": 10,
            "no_price": 90,
            "taker_side": "no"
        },
        {
            "trade_id": "3e34bc3b-8251-4474-9d8d-fee93a92412e",
            "ticker": "HIGHNY-24JUL03-B84.5",
            "count": 1,
            "created_time": "2024-07-03T19:58:57.478587Z",
            "yes_price": 10,
            "no_price": 90,
            "taker_side": "no"
        },
        {
            "trade_id": "79848e5a-ccae-41a0-bdae-16cbe8191823",
            "ticker": "HIGHNY-24JUL03-B84.5",
            "count": 1,
            "created_time": "2024-07-03T19:58:57.254482Z",
            "yes_price": 10,
            "no_price": 90,
            "taker_side": "yes"
        },
        {
            "trade_id": "d2499af6-a399-4dfd-84a0-9a721ecef516",
            "ticker": "HIGHNY-24JUL03-B84.5",
            "count": 22,
            "created_time": "2024-07-03T19:54:55.560704Z",
            "yes_price": 12,
            "no_price": 88,
            "taker_side": "no"
        },
        {
            "trade_id": "dca322db-957c-4a8d-b43b-68162fb37a6e",
            "ticker": "HIGHNY-24JUL03-B84.5",
            "count": 12,
            "created_time": "2024-07-03T18:16:31.709919Z",
            "yes_price": 79,
            "no_price": 21,
            "taker_side": "yes"
        },
        {
            "trade_id": "02050c05-ba3d-4c29-8864-7de7ff9167c2",
            "ticker": "HIGHNY-24JUL03-B84.5",
            "count": 12,
            "created_time": "2024-07-03T18:16:25.722817Z",
            "yes_price": 79,
            "no_price": 21,
            "taker_side": "yes"
        },
        {
            "trade_id": "08029a16-31fe-4e8a-b9b5-43fc05d060d6",
            "ticker": "HIGHNY-24JUL03-B84.5",
            "count": 48,
            "created_time": "2024-07-03T15:53:58.012815Z",
            "yes_price": 98,
            "no_price": 2,
            "taker_side": "yes"
        },
        {
            "trade_id": "b86d2bb6-dc6e-4c1d-83bc-1e949275c271",
            "ticker": "HIGHNY-24JUL03-B84.5",
            "count": 1,
            "created_time": "2024-07-03T15:43:32.782178Z",
            "yes_price": 21,
            "no_price": 79,
            "taker_side": "no"
        },
        {
            "trade_id": "f5051b7a-8f5c-4153-8bcd-57a09dba992a",
            "ticker": "HIGHNY-24JUL03-B84.5",
            "count": 30,
            "created_time": "2024-07-03T15:16:02.092695Z",
            "yes_price": 30,
            "no_price": 70,
            "taker_side": "no"
        },
        {
            "trade_id": "b1e33163-574b-4e6b-8ae6-6666b1886697",
            "ticker": "HIGHNY-24JUL03-B84.5",
            "count": 56,
            "created_time": "2024-07-03T15:16:02.092695Z",
            "yes_price": 21,
            "no_price": 79,
            "taker_side": "no"
        },
        {
            "trade_id": "55fa9a12-dd16-4f37-baa6-bf7b7ff6ad69",
            "ticker": "HIGHNY-24JUL03-B84.5",
            "count": 43,
            "created_time": "2024-07-03T15:16:02.092695Z",
            "yes_price": 23,
            "no_price": 77,
            "taker_side": "no"
        },
        {
            "trade_id": "6ed56f25-9daa-4989-a979-a8eac8927145",
            "ticker": "HIGHNY-24JUL03-B84.5",
            "count": 21,
            "created_time": "2024-07-03T15:10:52.596946Z",
            "yes_price": 60,
            "no_price": 40,
            "taker_side": "no"
        },
        {
            "trade_id": "337c71cc-c5ff-4194-b8de-92b36ccd6340",
            "ticker": "HIGHNY-24JUL03-B84.5",
            "count": 27,
            "created_time": "2024-07-03T15:10:52.596946Z",
            "yes_price": 23,
            "no_price": 77,
            "taker_side": "no"
        },
        {
            "trade_id": "ea4a05d0-bef9-4969-a86b-49a4d7f45e19",
            "ticker": "HIGHNY-24JUL03-B84.5",
            "count": 3,
            "created_time": "2024-07-03T14:54:08.386305Z",
            "yes_price": 50,
            "no_price": 50,
            "taker_side": "yes"
        },
        {
            "trade_id": "c4868fd7-4e2e-4f74-84f0-5d24c68b0901",
            "ticker": "HIGHNY-24JUL03-B84.5",
            "count": 3,
            "created_time": "2024-07-03T14:54:08.386305Z",
            "yes_price": 50,
            "no_price": 50,
            "taker_side": "yes"
        },
        {
            "trade_id": "a3f9b724-5062-4447-b8ff-933580fd01a0",
            "ticker": "HIGHNY-24JUL03-B84.5",
            "count": 6,
            "created_time": "2024-07-03T14:54:08.386305Z",
            "yes_price": 49,
            "no_price": 51,
            "taker_side": "yes"
        },
        {
            "trade_id": "abbdde7b-1b30-46a4-9dc3-a2a031323af6",
            "ticker": "HIGHNY-24JUL03-B84.5",
            "count": 1,
            "created_time": "2024-07-03T14:35:22.234726Z",
            "yes_price": 49,
            "no_price": 51,
            "taker_side": "yes"
        },
        {
            "trade_id": "77cd67d2-5b2f-4773-a4cd-4a1fe7cad0a7",
            "ticker": "HIGHNY-24JUL03-B84.5",
            "count": 6,
            "created_time": "2024-07-03T14:27:58.93491Z",
            "yes_price": 49,
            "no_price": 51,
            "taker_side": "yes"
        },
        {
            "trade_id": "3b24a08b-4a2d-49a6-aa5b-580241d2e9e7",
            "ticker": "HIGHNY-24JUL03-B84.5",
            "count": 11,
            "created_time": "2024-07-03T14:22:22.151563Z",
            "yes_price": 50,
            "no_price": 50,
            "taker_side": "yes"
        },
        {
            "trade_id": "5f3ba8e3-8632-4936-bc6d-89c808818536",
            "ticker": "HIGHNY-24JUL03-B84.5",
            "count": 1,
            "created_time": "2024-07-03T14:05:57.260213Z",
            "yes_price": 49,
            "no_price": 51,
            "taker_side": "yes"
        },
        {
            "trade_id": "8f7a4108-bbdc-4e47-8af3-eb84563f932f",
            "ticker": "HIGHNY-24JUL03-B84.5",
            "count": 10,
            "created_time": "2024-07-03T13:53:33.981383Z",
            "yes_price": 23,
            "no_price": 77,
            "taker_side": "no"
        },
        {
            "trade_id": "dde7d171-487a-42ce-a921-fcc1178d6054",
            "ticker": "HIGHNY-24JUL03-B84.5",
            "count": 12,
            "created_time": "2024-07-03T13:15:11.654484Z",
            "yes_price": 35,
            "no_price": 65,
            "taker_side": "yes"
        },
        {
            "trade_id": "a60e8813-5767-4688-9a29-fa0fbfa83f92",
            "ticker": "HIGHNY-24JUL03-B84.5",
            "count": 15,
            "created_time": "2024-07-03T13:15:11.654484Z",
            "yes_price": 34,
            "no_price": 66,
            "taker_side": "yes"
        },
        {
            "trade_id": "9e040d08-160e-4885-9c9e-c3c097d57357",
            "ticker": "HIGHNY-24JUL03-B84.5",
            "count": 30,
            "created_time": "2024-07-03T13:15:11.654484Z",
            "yes_price": 32,
            "no_price": 68,
            "taker_side": "yes"
        },
        {
            "trade_id": "efacfe44-af09-438d-b8b1-390e27ad77d0",
            "ticker": "HIGHNY-24JUL03-B84.5",
            "count": 150,
            "created_time": "2024-07-03T12:58:12.341011Z",
            "yes_price": 37,
            "no_price": 63,
            "taker_side": "yes"
        },
        {
            "trade_id": "a558f5ee-6b2b-476d-bc0e-ca0ba340da75",
            "ticker": "HIGHNY-24JUL03-B84.5",
            "count": 90,
            "created_time": "2024-07-03T12:58:12.341011Z",
            "yes_price": 33,
            "no_price": 67,
            "taker_side": "yes"
        },
        {
            "trade_id": "910fee1b-8abb-4070-9c30-9ec8d12c6e3f",
            "ticker": "HIGHNY-24JUL03-B84.5",
            "count": 150,
            "created_time": "2024-07-03T12:58:12.341011Z",
            "yes_price": 35,
            "no_price": 65,
            "taker_side": "yes"
        },
        {
            "trade_id": "3292009f-4de1-4c91-bcb8-68dbabd02028",
            "ticker": "HIGHNY-24JUL03-B84.5",
            "count": 27,
            "created_time": "2024-07-03T12:47:28.092257Z",
            "yes_price": 27,
            "no_price": 73,
            "taker_side": "yes"
        },
        {
            "trade_id": "078a127c-bdeb-443e-84f3-7896f3c9dc8e",
            "ticker": "HIGHNY-24JUL03-B84.5",
            "count": 3,
            "created_time": "2024-07-03T12:45:05.889776Z",
            "yes_price": 27,
            "no_price": 73,
            "taker_side": "yes"
        },
        {
            "trade_id": "feb83eb9-432a-434b-a1cd-cb74da611b86",
            "ticker": "HIGHNY-24JUL03-B84.5",
            "count": 10,
            "created_time": "2024-07-03T12:34:32.345966Z",
            "yes_price": 25,
            "no_price": 75,
            "taker_side": "no"
        },
        {
            "trade_id": "e4cc881e-dfcb-460e-809a-2154bbceb997",
            "ticker": "HIGHNY-24JUL03-B84.5",
            "count": 20,
            "created_time": "2024-07-03T12:34:32.345966Z",
            "yes_price": 25,
            "no_price": 75,
            "taker_side": "no"
        },
        {
            "trade_id": "6342296c-c131-41c3-975b-e24847de5469",
            "ticker": "HIGHNY-24JUL03-B84.5",
            "count": 40,
            "created_time": "2024-07-03T12:34:32.31218Z",
            "yes_price": 25,
            "no_price": 75,
            "taker_side": "no"
        },
        {
            "trade_id": "8cbe817c-4ffc-457c-978a-398464e98f0c",
            "ticker": "HIGHNY-24JUL03-B84.5",
            "count": 20,
            "created_time": "2024-07-03T12:34:32.311446Z",
            "yes_price": 27,
            "no_price": 73,
            "taker_side": "no"
        },
        {
            "trade_id": "51411e94-cc68-4f9f-a8eb-ab979a6f7096",
            "ticker": "HIGHNY-24JUL03-B84.5",
            "count": 30,
            "created_time": "2024-07-03T12:34:32.305522Z",
            "yes_price": 27,
            "no_price": 73,
            "taker_side": "no"
        },
        {
            "trade_id": "9c9d22f6-ae69-41a2-aad8-fec3fcb46773",
            "ticker": "HIGHNY-24JUL03-B84.5",
            "count": 43,
            "created_time": "2024-07-03T12:09:46.016257Z",
            "yes_price": 33,
            "no_price": 67,
            "taker_side": "yes"
        },
        {
            "trade_id": "1b4a16e9-6c69-4dc9-8030-38c68e5d4541",
            "ticker": "HIGHNY-24JUL03-B84.5",
            "count": 3,
            "created_time": "2024-07-03T12:05:46.812599Z",
            "yes_price": 33,
            "no_price": 67,
            "taker_side": "yes"
        },
        {
            "trade_id": "7f4ae5b1-ac90-4e0c-877a-1ee576568715",
            "ticker": "HIGHNY-24JUL03-B84.5",
            "count": 14,
            "created_time": "2024-07-03T12:05:41.514292Z",
            "yes_price": 33,
            "no_price": 67,
            "taker_side": "yes"
        },
        {
            "trade_id": "be47d39e-cce1-4d62-987e-2c27406b170f",
            "ticker": "HIGHNY-24JUL03-B84.5",
            "count": 43,
            "created_time": "2024-07-03T12:05:38.487163Z",
            "yes_price": 33,
            "no_price": 67,
            "taker_side": "yes"
        },
        {
            "trade_id": "0d11e1d9-1916-4512-b9ac-2cac89618295",
            "ticker": "HIGHNY-24JUL03-B84.5",
            "count": 75,
            "created_time": "2024-07-03T12:01:32.480046Z",
            "yes_price": 33,
            "no_price": 67,
            "taker_side": "yes"
        },
        {
            "trade_id": "74737152-a4fa-42e4-a811-1b627e31ce38",
            "ticker": "HIGHNY-24JUL03-B84.5",
            "count": 45,
            "created_time": "2024-07-03T12:00:58.299716Z",
            "yes_price": 32,
            "no_price": 68,
            "taker_side": "yes"
        },
        {
            "trade_id": "5af90163-b62b-497d-a95e-ea7b713ca736",
            "ticker": "HIGHNY-24JUL03-B84.5",
            "count": 60,
            "created_time": "2024-07-03T02:48:40.586817Z",
            "yes_price": 41,
            "no_price": 59,
            "taker_side": "yes"
        },
        {
            "trade_id": "5711a67a-607e-4310-93d2-ed606316813d",
            "ticker": "HIGHNY-24JUL03-B84.5",
            "count": 60,
            "created_time": "2024-07-03T02:47:48.890636Z",
            "yes_price": 41,
            "no_price": 59,
            "taker_side": "no"
        },
        {
            "trade_id": "b1491a06-5ee6-4bcd-8aaa-fb997bd95392",
            "ticker": "HIGHNY-24JUL03-B84.5",
            "count": 75,
            "created_time": "2024-07-03T02:47:38.990021Z",
            "yes_price": 41,
            "no_price": 59,
            "taker_side": "no"
        },
        {
            "trade_id": "6c71d346-e1f3-4d6c-b321-e2175d8a9616",
            "ticker": "HIGHNY-24JUL03-B84.5",
            "count": 45,
            "created_time": "2024-07-03T02:47:27.279314Z",
            "yes_price": 39,
            "no_price": 61,
            "taker_side": "yes"
        },
        {
            "trade_id": "b9425d29-9941-45e5-a27a-d4407abf3bdb",
            "ticker": "HIGHNY-24JUL03-B84.5",
            "count": 5,
            "created_time": "2024-07-03T02:47:13.223847Z",
            "yes_price": 38,
            "no_price": 62,
            "taker_side": "yes"
        },
        {
            "trade_id": "53b1bcd1-ed3b-4058-94af-4a6cbbaae3d0",
            "ticker": "HIGHNY-24JUL03-B84.5",
            "count": 1,
            "created_time": "2024-07-03T02:47:13.223847Z",
            "yes_price": 38,
            "no_price": 62,
            "taker_side": "yes"
        },
        {
            "trade_id": "4feb75fb-6055-46e5-9f85-e4a4669ca0f5",
            "ticker": "HIGHNY-24JUL03-B84.5",
            "count": 1,
            "created_time": "2024-07-02T20:08:50.950847Z",
            "yes_price": 32,
            "no_price": 68,
            "taker_side": "no"
        },
        {
            "trade_id": "9c5ade91-1d7a-4b25-828c-9355c45cc22f",
            "ticker": "HIGHNY-24JUL03-B84.5",
            "count": 150,
            "created_time": "2024-07-02T17:35:27.744135Z",
            "yes_price": 34,
            "no_price": 66,
            "taker_side": "yes"
        },
        {
            "trade_id": "1eaa90fc-42d5-434a-83ce-c6df06677a89",
            "ticker": "HIGHNY-24JUL03-B84.5",
            "count": 150,
            "created_time": "2024-07-02T17:35:27.744135Z",
            "yes_price": 32,
            "no_price": 68,
            "taker_side": "yes"
        },
        {
            "trade_id": "1ca31360-4faf-4090-8b7e-a1150353e60e",
            "ticker": "HIGHNY-24JUL03-B84.5",
            "count": 30,
            "created_time": "2024-07-02T17:35:27.744135Z",
            "yes_price": 30,
            "no_price": 70,
            "taker_side": "yes"
        },
        {
            "trade_id": "87126efb-1153-48e3-9ad5-e59dd81b7353",
            "ticker": "HIGHNY-24JUL03-B84.5",
            "count": 90,
            "created_time": "2024-07-02T17:22:14.728489Z",
            "yes_price": 30,
            "no_price": 70,
            "taker_side": "yes"
        },
        {
            "trade_id": "5224f6fc-7ea5-4c9a-8bea-cda7739d9e57",
            "ticker": "HIGHNY-24JUL03-B84.5",
            "count": 15,
            "created_time": "2024-07-02T17:04:39.559126Z",
            "yes_price": 29,
            "no_price": 71,
            "taker_side": "no"
        },
        {
            "trade_id": "b528482b-f277-4d78-bc78-ca3927f3ba9f",
            "ticker": "HIGHNY-24JUL03-B84.5",
            "count": 30,
            "created_time": "2024-07-02T17:01:09.369764Z",
            "yes_price": 29,
            "no_price": 71,
            "taker_side": "yes"
        },
        {
            "trade_id": "cdf5ee4f-6741-423e-8bde-5da24f978aa8",
            "ticker": "HIGHNY-24JUL03-B84.5",
            "count": 10,
            "created_time": "2024-07-02T16:52:25.515008Z",
            "yes_price": 29,
            "no_price": 71,
            "taker_side": "no"
        },
        {
            "trade_id": "9e87e6ca-e675-41cd-a9c4-a55d87036f67",
            "ticker": "HIGHNY-24JUL03-B84.5",
            "count": 90,
            "created_time": "2024-07-02T16:50:16.324453Z",
            "yes_price": 29,
            "no_price": 71,
            "taker_side": "yes"
        },
        {
            "trade_id": "b9dc758c-3c50-4222-95ca-f74de71c9c3b",
            "ticker": "HIGHNY-24JUL03-B84.5",
            "count": 15,
            "created_time": "2024-07-02T16:26:28.901245Z",
            "yes_price": 28,
            "no_price": 72,
            "taker_side": "no"
        },
        {
            "trade_id": "4b163041-b1bd-42f0-b473-02db08fb89d5",
            "ticker": "HIGHNY-24JUL03-B84.5",
            "count": 3,
            "created_time": "2024-07-02T15:21:49.820447Z",
            "yes_price": 29,
            "no_price": 71,
            "taker_side": "yes"
        },
        {
            "trade_id": "fbf07b6a-6fa6-4a32-b314-f4ba6147c6a6",
            "ticker": "HIGHNY-24JUL03-B84.5",
            "count": 5,
            "created_time": "2024-07-02T15:09:24.302649Z",
            "yes_price": 28,
            "no_price": 72,
            "taker_side": "yes"
        },
        {
            "trade_id": "35fe82db-e0b6-4702-9297-1848621c7204",
            "ticker": "HIGHNY-24JUL03-B84.5",
            "count": 15,
            "created_time": "2024-07-02T15:09:24.302649Z",
            "yes_price": 30,
            "no_price": 70,
            "taker_side": "yes"
        },
        {
            "trade_id": "2a519352-9eb1-4e8f-8170-79bb05607601",
            "ticker": "HIGHNY-24JUL03-B84.5",
            "count": 30,
            "created_time": "2024-07-02T15:09:24.302649Z",
            "yes_price": 28,
            "no_price": 72,
            "taker_side": "yes"
        },
        {
            "trade_id": "d7a45f86-3559-469d-ae2d-10032ade0926",
            "ticker": "HIGHNY-24JUL03-B84.5",
            "count": 47,
            "created_time": "2024-07-02T14:23:58.752395Z",
            "yes_price": 26,
            "no_price": 74,
            "taker_side": "yes"
        },
        {
            "trade_id": "21fe4957-a76f-4379-b3e6-bc9552d84149",
            "ticker": "HIGHNY-24JUL03-B84.5",
            "count": 28,
            "created_time": "2024-07-02T14:20:40.837659Z",
            "yes_price": 26,
            "no_price": 74,
            "taker_side": "no"
        },
        {
            "trade_id": "2ffceae5-d21d-4bfa-9be7-42038e1b1688",
            "ticker": "HIGHNY-24JUL03-B84.5",
            "count": 15,
            "created_time": "2024-07-02T14:20:35.173375Z",
            "yes_price": 26,
            "no_price": 74,
            "taker_side": "no"
        },
        {
            "trade_id": "b0ee9de4-6964-482d-a3d1-c0723fc763e5",
            "ticker": "HIGHNY-24JUL03-B84.5",
            "count": 15,
            "created_time": "2024-07-02T14:20:28.509178Z",
            "yes_price": 25,
            "no_price": 75,
            "taker_side": "yes"
        },
        {
            "trade_id": "7be92f1f-2e45-420c-a3ad-769eb63af632",
            "ticker": "HIGHNY-24JUL03-B84.5",
            "count": 15,
            "created_time": "2024-07-02T14:20:28.509178Z",
            "yes_price": 24,
            "no_price": 76,
            "taker_side": "yes"
        },
        {
            "trade_id": "30597b69-85de-4dbb-891e-1707f20b0156",
            "ticker": "HIGHNY-24JUL03-B84.5",
            "count": 27,
            "created_time": "2024-07-02T14:20:28.509178Z",
            "yes_price": 26,
            "no_price": 74,
            "taker_side": "yes"
        }
    ],
    "HIGHNY-24JUL03-B86.5": [
        {
            "trade_id": "06082aa1-beaf-46da-a93d-edf5ebb81f3f",
            "ticker": "HIGHNY-24JUL03-B86.5",
            "count": 9,
            "created_time": "2024-07-04T03:29:20.82352Z",
            "yes_price": 1,
            "no_price": 99,
            "taker_side": "yes"
        },
        {
            "trade_id": "42206cd2-417e-4f3b-9df5-eb74a380d5c7",
            "ticker": "HIGHNY-24JUL03-B86.5",
            "count": 9,
            "created_time": "2024-07-04T03:05:00.413881Z",
            "yes_price": 1,
            "no_price": 99,
            "taker_side": "yes"
        },
        {
            "trade_id": "49b54995-8afb-4340-93fe-2c442d143c33",
            "ticker": "HIGHNY-24JUL03-B86.5",
            "count": 9,
            "created_time": "2024-07-04T00:23:21.103082Z",
            "yes_price": 1,
            "no_price": 99,
            "taker_side": "yes"
        },
        {
            "trade_id": "cf6c6b9b-ccad-40a1-bb91-694c2be85b23",
            "ticker": "HIGHNY-24JUL03-B86.5",
            "count": 550,
            "created_time": "2024-07-03T20:30:48.541361Z",
            "yes_price": 1,
            "no_price": 99,
            "taker_side": "no"
        },
        {
            "trade_id": "4d54489a-e94c-4557-bc47-026e12000b79",
            "ticker": "HIGHNY-24JUL03-B86.5",
            "count": 69,
            "created_time": "2024-07-03T20:30:48.541361Z",
            "yes_price": 1,
            "no_price": 99,
            "taker_side": "no"
        },
        {
            "trade_id": "b13f5cc5-faa3-434c-ad7a-7bd0667df7c8",
            "ticker": "HIGHNY-24JUL03-B86.5",
            "count": 50,
            "created_time": "2024-07-03T19:45:38.370341Z",
            "yes_price": 2,
            "no_price": 98,
            "taker_side": "yes"
        },
        {
            "trade_id": "02bf9fd3-b67c-4b2d-9423-58f753bba6c5",
            "ticker": "HIGHNY-24JUL03-B86.5",
            "count": 278,
            "created_time": "2024-07-03T19:45:38.370341Z",
            "yes_price": 3,
            "no_price": 97,
            "taker_side": "yes"
        },
        {
            "trade_id": "39341e09-6276-4f7a-be17-daa2242cc0cc",
            "ticker": "HIGHNY-24JUL03-B86.5",
            "count": 1,
            "created_time": "2024-07-03T18:17:38.049963Z",
            "yes_price": 26,
            "no_price": 74,
            "taker_side": "yes"
        },
        {
            "trade_id": "e4d459ec-9ba7-4f99-8e27-4440cac0588b",
            "ticker": "HIGHNY-24JUL03-B86.5",
            "count": 18,
            "created_time": "2024-07-03T18:16:44.241492Z",
            "yes_price": 26,
            "no_price": 74,
            "taker_side": "yes"
        },
        {
            "trade_id": "86cc7e38-fe1f-40d1-a9b1-997e43cdcd74",
            "ticker": "HIGHNY-24JUL03-B86.5",
            "count": 40,
            "created_time": "2024-07-03T15:53:58.077538Z",
            "yes_price": 2,
            "no_price": 98,
            "taker_side": "no"
        },
        {
            "trade_id": "43f97b52-ca62-4b43-9b88-c2266c7bfe04",
            "ticker": "HIGHNY-24JUL03-B86.5",
            "count": 8,
            "created_time": "2024-07-03T15:53:58.077538Z",
            "yes_price": 1,
            "no_price": 99,
            "taker_side": "no"
        },
        {
            "trade_id": "26fdf47c-eaac-4bc7-b71b-07d9a2f31911",
            "ticker": "HIGHNY-24JUL03-B86.5",
            "count": 20,
            "created_time": "2024-07-03T14:36:20.898648Z",
            "yes_price": 26,
            "no_price": 74,
            "taker_side": "yes"
        },
        {
            "trade_id": "ad1bcfd3-da57-49e7-8d52-3207abc8ae86",
            "ticker": "HIGHNY-24JUL03-B86.5",
            "count": 20,
            "created_time": "2024-07-03T13:56:27.017159Z",
            "yes_price": 26,
            "no_price": 74,
            "taker_side": "yes"
        },
        {
            "trade_id": "976e0c55-1109-4976-921d-5f476a8d58ab",
            "ticker": "HIGHNY-24JUL03-B86.5",
            "count": 250,
            "created_time": "2024-07-03T13:34:17.197627Z",
            "yes_price": 4,
            "no_price": 96,
            "taker_side": "no"
        },
        {
            "trade_id": "8857c986-b273-4d33-ba1f-6b4241357e0e",
            "ticker": "HIGHNY-24JUL03-B86.5",
            "count": 250,
            "created_time": "2024-07-03T13:34:17.197627Z",
            "yes_price": 6,
            "no_price": 94,
            "taker_side": "no"
        },
        {
            "trade_id": "3add1885-d555-4666-9f31-f94752ef05b8",
            "ticker": "HIGHNY-24JUL03-B86.5",
            "count": 500,
            "created_time": "2024-07-03T13:34:17.197627Z",
            "yes_price": 3,
            "no_price": 97,
            "taker_side": "no"
        },
        {
            "trade_id": "68209435-0e46-46ec-b53d-4fc37b4ee487",
            "ticker": "HIGHNY-24JUL03-B86.5",
            "count": 20,
            "created_time": "2024-07-03T12:34:32.31178Z",
            "yes_price": 29,
            "no_price": 71,
            "taker_side": "no"
        },
        {
            "trade_id": "f80c9dd6-d5d5-4b07-9387-30d3b99dfd46",
            "ticker": "HIGHNY-24JUL03-B86.5",
            "count": 50,
            "created_time": "2024-07-03T12:34:32.294757Z",
            "yes_price": 29,
            "no_price": 71,
            "taker_side": "no"
        },
        {
            "trade_id": "9fe36e20-3e79-4126-92b2-b66db15a7808",
            "ticker": "HIGHNY-24JUL03-B86.5",
            "count": 30,
            "created_time": "2024-07-03T12:34:32.215195Z",
            "yes_price": 29,
            "no_price": 71,
            "taker_side": "yes"
        },
        {
            "trade_id": "e81b632b-ee09-4f67-b56b-6ac291903315",
            "ticker": "HIGHNY-24JUL03-B86.5",
            "count": 50,
            "created_time": "2024-07-03T03:32:31.653283Z",
            "yes_price": 15,
            "no_price": 85,
            "taker_side": "no"
        },
        {
            "trade_id": "fda8a093-c147-4c75-a5a2-208facb2cfc9",
            "ticker": "HIGHNY-24JUL03-B86.5",
            "count": 10,
            "created_time": "2024-07-02T20:55:36.67519Z",
            "yes_price": 13,
            "no_price": 87,
            "taker_side": "no"
        },
        {
            "trade_id": "c38cc614-b3e0-4207-868a-1444c8f93014",
            "ticker": "HIGHNY-24JUL03-B86.5",
            "count": 45,
            "created_time": "2024-07-02T20:55:19.916326Z",
            "yes_price": 14,
            "no_price": 86,
            "taker_side": "no"
        },
        {
            "trade_id": "c04fb0db-82c2-473b-b982-a4e8d982d0b4",
            "ticker": "HIGHNY-24JUL03-B86.5",
            "count": 150,
            "created_time": "2024-07-02T20:46:05.049795Z",
            "yes_price": 13,
            "no_price": 87,
            "taker_side": "no"
        },
        {
            "trade_id": "eac2db8e-a2b3-4c2c-a7f8-b9d5ba0bfcc2",
            "ticker": "HIGHNY-24JUL03-B86.5",
            "count": 150,
            "created_time": "2024-07-02T20:45:28.411827Z",
            "yes_price": 14,
            "no_price": 86,
            "taker_side": "no"
        },
        {
            "trade_id": "93c2cd58-c34a-4b44-85f8-92fb779b0cfd",
            "ticker": "HIGHNY-24JUL03-B86.5",
            "count": 45,
            "created_time": "2024-07-02T20:45:28.411827Z",
            "yes_price": 17,
            "no_price": 83,
            "taker_side": "no"
        },
        {
            "trade_id": "8bfae90e-9418-4da1-aae7-6be0aeb3253b",
            "ticker": "HIGHNY-24JUL03-B86.5",
            "count": 150,
            "created_time": "2024-07-02T20:45:28.411827Z",
            "yes_price": 15,
            "no_price": 85,
            "taker_side": "no"
        },
        {
            "trade_id": "21ad1e2a-8173-4140-b39e-b3672ecc319e",
            "ticker": "HIGHNY-24JUL03-B86.5",
            "count": 55,
            "created_time": "2024-07-02T20:45:28.411827Z",
            "yes_price": 3,
            "no_price": 97,
            "taker_side": "no"
        },
        {
            "trade_id": "9beec6b7-b3c3-404c-aae7-2d21b229bc5e",
            "ticker": "HIGHNY-24JUL03-B86.5",
            "count": 14,
            "created_time": "2024-07-02T18:40:32.516749Z",
            "yes_price": 18,
            "no_price": 82,
            "taker_side": "yes"
        },
        {
            "trade_id": "bdd40b2f-f978-4f99-bdca-1bc3c259d662",
            "ticker": "HIGHNY-24JUL03-B86.5",
            "count": 1,
            "created_time": "2024-07-02T18:35:19.594482Z",
            "yes_price": 18,
            "no_price": 82,
            "taker_side": "yes"
        },
        {
            "trade_id": "6499a05c-82e5-47be-a0e7-9122eb345bab",
            "ticker": "HIGHNY-24JUL03-B86.5",
            "count": 30,
            "created_time": "2024-07-02T18:26:24.890585Z",
            "yes_price": 18,
            "no_price": 82,
            "taker_side": "yes"
        },
        {
            "trade_id": "0b7f2f24-a35a-4c5e-89ba-86b3901bf336",
            "ticker": "HIGHNY-24JUL03-B86.5",
            "count": 75,
            "created_time": "2024-07-02T18:14:15.262883Z",
            "yes_price": 18,
            "no_price": 82,
            "taker_side": "yes"
        },
        {
            "trade_id": "54ee5bd4-7904-4c8e-920b-c187f7ef8435",
            "ticker": "HIGHNY-24JUL03-B86.5",
            "count": 1,
            "created_time": "2024-07-02T17:31:56.605906Z",
            "yes_price": 18,
            "no_price": 82,
            "taker_side": "yes"
        },
        {
            "trade_id": "971dff91-e44d-43b9-9169-8f2be9568ac8",
            "ticker": "HIGHNY-24JUL03-B86.5",
            "count": 30,
            "created_time": "2024-07-02T16:59:38.239346Z",
            "yes_price": 18,
            "no_price": 82,
            "taker_side": "yes"
        },
        {
            "trade_id": "c7e40f4e-8b22-447d-b6c5-a63507d8ded3",
            "ticker": "HIGHNY-24JUL03-B86.5",
            "count": 30,
            "created_time": "2024-07-02T16:56:15.254505Z",
            "yes_price": 18,
            "no_price": 82,
            "taker_side": "yes"
        },
        {
            "trade_id": "3b3ad7fd-ff32-426f-91b8-4547cbe2b32b",
            "ticker": "HIGHNY-24JUL03-B86.5",
            "count": 60,
            "created_time": "2024-07-02T16:50:16.421381Z",
            "yes_price": 18,
            "no_price": 82,
            "taker_side": "yes"
        },
        {
            "trade_id": "cd91fa09-0720-436a-bef6-3727be8a4718",
            "ticker": "HIGHNY-24JUL03-B86.5",
            "count": 120,
            "created_time": "2024-07-02T16:26:15.477059Z",
            "yes_price": 18,
            "no_price": 82,
            "taker_side": "yes"
        },
        {
            "trade_id": "aae0832b-a697-44b5-9d69-bc21e5fddfcd",
            "ticker": "HIGHNY-24JUL03-B86.5",
            "count": 15,
            "created_time": "2024-07-02T16:20:16.767868Z",
            "yes_price": 17,
            "no_price": 83,
            "taker_side": "yes"
        },
        {
            "trade_id": "c39d448d-f4bd-4243-a46c-8375f6ed6454",
            "ticker": "HIGHNY-24JUL03-B86.5",
            "count": 60,
            "created_time": "2024-07-02T14:28:54.283368Z",
            "yes_price": 17,
            "no_price": 83,
            "taker_side": "yes"
        },
        {
            "trade_id": "f075cec4-53c9-49f6-8eea-8c5668360731",
            "ticker": "HIGHNY-24JUL03-B86.5",
            "count": 60,
            "created_time": "2024-07-02T14:23:58.852246Z",
            "yes_price": 16,
            "no_price": 84,
            "taker_side": "yes"
        },
        {
            "trade_id": "c881f34f-299c-4aa5-b964-dfdd155f3205",
            "ticker": "HIGHNY-24JUL03-B86.5",
            "count": 40,
            "created_time": "2024-07-02T14:23:58.852246Z",
            "yes_price": 17,
            "no_price": 83,
            "taker_side": "yes"
        },
        {
            "trade_id": "80e1aac2-ca74-4a28-8eca-9ecba656a478",
            "ticker": "HIGHNY-24JUL03-B86.5",
            "count": 45,
            "created_time": "2024-07-02T14:20:28.617321Z",
            "yes_price": 15,
            "no_price": 85,
            "taker_side": "yes"
        },
        {
            "trade_id": "161cf0a4-bf07-4bad-8c5c-7a8449e43da3",
            "ticker": "HIGHNY-24JUL03-B86.5",
            "count": 55,
            "created_time": "2024-07-02T14:20:28.617321Z",
            "yes_price": 16,
            "no_price": 84,
            "taker_side": "yes"
        }
    ],
    "HIGHNY-24JUL03-T87": [
        {
            "trade_id": "61e5e4d9-0d64-427f-8c67-7aa312ffbb0d",
            "ticker": "HIGHNY-24JUL03-T87",
            "count": 9,
            "created_time": "2024-07-04T03:29:22.858655Z",
            "yes_price": 1,
            "no_price": 99,
            "taker_side": "yes"
        },
        {
            "trade_id": "118612ff-7cdd-47b1-a043-52e9d5ccde5e",
            "ticker": "HIGHNY-24JUL03-T87",
            "count": 9,
            "created_time": "2024-07-04T03:05:02.449421Z",
            "yes_price": 1,
            "no_price": 99,
            "taker_side": "yes"
        },
        {
            "trade_id": "6d7c48b8-7824-43c8-99a7-b7fc98b2eb80",
            "ticker": "HIGHNY-24JUL03-T87",
            "count": 9,
            "created_time": "2024-07-04T00:23:23.15163Z",
            "yes_price": 1,
            "no_price": 99,
            "taker_side": "yes"
        },
        {
            "trade_id": "0212467b-a01c-4bcb-ac0a-b9a8c9bc3d5a",
            "ticker": "HIGHNY-24JUL03-T87",
            "count": 40,
            "created_time": "2024-07-03T12:34:32.310947Z",
            "yes_price": 1,
            "no_price": 99,
            "taker_side": "no"
        },
        {
            "trade_id": "c3438732-8528-4998-b5cd-09272cdfd032",
            "ticker": "HIGHNY-24JUL03-T87",
            "count": 50,
            "created_time": "2024-07-03T12:34:32.294358Z",
            "yes_price": 1,
            "no_price": 99,
            "taker_side": "no"
        },
        {
            "trade_id": "bd52d6de-640d-4006-8d90-87528121af35",
            "ticker": "HIGHNY-24JUL03-T87",
            "count": 10,
            "created_time": "2024-07-03T02:50:55.438376Z",
            "yes_price": 9,
            "no_price": 91,
            "taker_side": "yes"
        }
    ]
}