{
    "HIGHNY-24MAY09-T67": [],
    "HIGHNY-24MAY09-B67.5": [
        {
            "trade_id": "7cadd224-3bb4-42f6-a574-9822de8041b3",
            "ticker": "HIGHNY-24MAY09-B67.5",
            "count": 112,
            "created_time": "2024-05-09T23:37:36.127163Z",
            "yes_price": 1,
            "no_price": 99,
            "taker_side": "yes"
        },
        {
            "trade_id": "1a4c58c3-b66f-4fde-8fe1-05f44841d0b2",
            "ticker": "HIGHNY-24MAY09-B67.5",
            "count": 935,
            "created_time": "2024-05-09T21:56:36.145661Z",
            "yes_price": 1,
            "no_price": 99,
            "taker_side": "yes"
        },
        {
            "trade_id": "87d1a62b-12ba-434a-885a-dbafdaa5e729",
            "ticker": "HIGHNY-24MAY09-B67.5",
            "count": 374,
            "created_time": "2024-05-09T21:29:24.905525Z",
            "yes_price": 1,
            "no_price": 99,
            "taker_side": "yes"
        },
        {
            "trade_id": "bb26dd7b-92be-4987-92a6-28c4849b9e68",
            "ticker": "HIGHNY-24MAY09-B67.5",
            "count": 14,
            "created_time": "2024-05-08T22:00:55.052099Z",
            "yes_price": 14,
            "no_price": 86,
            "taker_side": "yes"
        },
        {
            "trade_id": "5f3b2a80-664f-4062-828e-ade4abdf138a",
            "ticker": "HIGHNY-24MAY09-B67.5",
            "count": 11,
            "created_time": "2024-05-08T22:00:55.052099Z",
            "yes_price": 17,
            "no_price": 83,
            "taker_side": "yes"
        },
        {
            "trade_id": "53d6c6fe-2a14-45e9-83e8-d7a51e324d07",
            "ticker": "HIGHNY-24MAY09-B67.5",
            "count": 1,
            "created_time": "2024-05-08T22:00:55.052099Z",
            "yes_price": 4,
            "no_price": 96,
            "taker_side": "yes"
        },
        {
            "trade_id": "061c026a-cae6-459a-bbf3-d563e9f2c89d",
            "ticker": "HIGHNY-24MAY09-B67.5",
            "count": 1,
            "created_time": "2024-05-08T19:45:30.028299Z",
            "yes_price": 4,
            "no_price": 96,
            "taker_side": "yes"
        }
    ],
    "HIGHNY-24MAY09-B69.5": [
        {
            "trade_id": "f83f575b-a1da-4710-8d5f-0c4ee6c272b0",
            "ticker": "HIGHNY-24MAY09-B69.5",
            "count": 467,
            "created_time": "2024-05-10T00:19:55.073606Z",
            "yes_price": 98,
            "no_price": 2,
            "taker_side": "no"
        },
        {
            "trade_id": "fdb98b32-5efc-4a78-a7f5-ff912e381ff2",
            "ticker": "HIGHNY-24MAY09-B69.5",
            "count": 5,
            "created_time": "2024-05-10T00:18:22.422645Z",
            "yes_price": 99,
            "no_price": 1,
            "taker_side": "no"
        },
        {
            "trade_id": "ee0ae0d8-c7ff-41a9-894c-d4550f79ce4a",
            "ticker": "HIGHNY-24MAY09-B69.5",
            "count": 745,
            "created_time": "2024-05-10T00:18:22.422645Z",
            "yes_price": 98,
            "no_price": 2,
            "taker_side": "no"
        },
        {
            "trade_id": "e5204b54-d7b3-4c99-9c63-e12f90335fa7",
            "ticker": "HIGHNY-24MAY09-B69.5",
            "count": 20,
            "created_time": "2024-05-10T00:16:08.995463Z",
            "yes_price": 99,
            "no_price": 1,
            "taker_side": "no"
        },
        {
            "trade_id": "be3615da-2194-418a-a6da-a10c90f0e2ef",
            "ticker": "HIGHNY-24MAY09-B69.5",
            "count": 5,
            "created_time": "2024-05-10T00:16:08.995463Z",
            "yes_price": 99,
            "no_price": 1,
            "taker_side": "no"
        },
        {
            "trade_id": "2787d303-5063-4911-8801-e66a29146466",
            "ticker": "HIGHNY-24MAY09-B69.5",
            "count": 220,
            "created_time": "2024-05-10T00:16:08.995463Z",
            "yes_price": 98,
            "no_price": 2,
            "taker_side": "no"
        },
        {
            "trade_id": "3c8e6bd4-554d-4ad6-b39d-74f5e8c976c1",
            "ticker": "HIGHNY-24MAY09-B69.5",
            "count": 187,
            "created_time": "2024-05-09T21:52:44.368088Z",
            "yes_price": 95,
            "no_price": 5,
            "taker_side": "no"
        },
        {
            "trade_id": "a45dee8e-4a6a-4934-9322-9705cffc1374",
            "ticker": "HIGHNY-24MAY09-B69.5",
            "count": 2882,
            "created_time": "2024-05-09T20:53:30.086206Z",
            "yes_price": 94,
            "no_price": 6,
            "taker_side": "yes"
        },
        {
            "trade_id": "5fcf68c0-6382-4099-8711-94b42974de6b",
            "ticker": "HIGHNY-24MAY09-B69.5",
            "count": 98,
            "created_time": "2024-05-09T20:48:06.244854Z",
            "yes_price": 60,
            "no_price": 40,
            "taker_side": "no"
        },
        {
            "trade_id": "06a9817e-0443-46b2-9c3c-15e241dcbc10",
            "ticker": "HIGHNY-24MAY09-B69.5",
            "count": 75,
            "created_time": "2024-05-09T20:17:27.694962Z",
            "yes_price": 15,
            "no_price": 85,
            "taker_side": "yes"
        },
        {
            "trade_id": "9dad8889-459a-47a5-871a-1ca85425458c",
            "ticker": "HIGHNY-24MAY09-B69.5",
            "count": 3,
            "created_time": "2024-05-09T20:12:28.346821Z",
            "yes_price": 25,
            "no_price": 75,
            "taker_side": "no"
        },
        {
            "trade_id": "b6801c20-ab8e-4564-868c-df128fbd80bd",
            "ticker": "HIGHNY-24MAY09-B69.5",
            "count": 65,
            "created_time": "2024-05-09T19:53:19.657133Z",
            "yes_price": 20,
            "no_price": 80,
            "taker_side": "no"
        },
        {
            "trade_id": "d3b30f12-56cd-4f16-b708-77198f3a0bf6",
            "ticker": "HIGHNY-24MAY09-B69.5",
            "count": 41,
            "created_time": "2024-05-09T19:27:47.930306Z",
            "yes_price": 22,
            "no_price": 78,
            "taker_side": "no"
        },
        {
            "trade_id": "852675f2-4190-4e6f-b45c-ee27928701e7",
            "ticker": "HIGHNY-24MAY09-B69.5",
            "count": 3,
            "created_time": "2024-05-09T19:26:31.932995Z",
            "yes_price": 22,
            "no_price": 78,
            "taker_side": "no"
        },
        {
            "trade_id": "b0db32f9-a0be-4b7c-8b2c-026fd1e4a5e6",
            "ticker": "HIGHNY-24MAY09-B69.5",
            "count": 244,
            "created_time": "2024-05-09T19:26:19.405663Z",
            "yes_price": 22,
            "no_price": 78,
            "taker_side": "no"
        },
        {
            "trade_id": "5038f2a0-637c-4f93-9d03-ccbe2ac46d11",
            "ticker": "HIGHNY-24MAY09-B69.5",
            "count": 1,
            "created_time": "2024-05-09T19:25:27.240342Z",
            "yes_price": 22,
            "no_price": 78,
            "taker_side": "no"
        },
        {
            "trade_id": "a4844074-5a88-48c5-ab70-12d138dc4357",
            "ticker": "HIGHNY-24MAY09-B69.5",
            "count": 7,
            "created_time": "2024-05-09T19:25:00.369757Z",
            "yes_price": 33,
            "no_price": 67,
            "taker_side": "yes"
        },
        {
            "trade_id": "01fb57f7-83cb-4a6f-b674-2486b1bfa211",
            "ticker": "HIGHNY-24MAY09-B69.5",
            "count": 98,
            "created_time": "2024-05-09T19:24:23.749378Z",
            "yes_price": 33,
            "no_price": 67,
            "taker_side": "no"
        },
        {
            "trade_id": "61c56a7c-52f5-4ba4-bdde-460ba58f46fa",
            "ticker": "HIGHNY-24MAY09-B69.5",
            "count": 388,
            "created_time": "2024-05-09T19:23:44.795519Z",
            "yes_price": 35,
            "no_price": 65,
            "taker_side": "no"
        },
        {
            "trade_id": "7c9dff1a-d990-46a5-a2fe-216078ab0098",
            "ticker": "HIGHNY-24MAY09-B69.5",
            "count": 4,
            "created_time": "2024-05-09T18:53:29.79099Z",
            "yes_price": 40,
            "no_price": 60,
            "taker_side": "yes"
        },
        {
            "trade_id": "12c4de92-809b-4fec-918f-d833214bb12d",
            "ticker": "HIGHNY-24MAY09-B69.5",
            "count": 11,
            "created_time": "2024-05-09T18:53:29.79099Z",
            "yes_price": 41,
            "no_price": 59,
            "taker_side": "yes"
        },
        {
            "trade_id": "c35639eb-15c1-47ab-abb2-2dfbb8b949f5",
            "ticker": "HIGHNY-24MAY09-B69.5",
            "count": 300,
            "created_time": "2024-05-09T18:51:23.811267Z",
            "yes_price": 32,
            "no_price": 68,
            "taker_side": "yes"
        },
        {
            "trade_id": "a718e38b-cef4-4981-8da8-dfdf76a383ea",
            "ticker": "HIGHNY-24MAY09-B69.5",
            "count": 33,
            "created_time": "2024-05-09T18:51:23.811267Z",
            "yes_price": 30,
            "no_price": 70,
            "taker_side": "yes"
        },
        {
            "trade_id": "9ea819dd-3943-4405-804c-fe7d681cf49b",
            "ticker": "HIGHNY-24MAY09-B69.5",
            "count": 30,
            "created_time": "2024-05-09T18:51:23.811267Z",
            "yes_price": 30,
            "no_price": 70,
            "taker_side": "yes"
        },
        {
            "trade_id": "6e4f9569-dca3-48cb-831b-9483905d80bf",
            "ticker": "HIGHNY-24MAY09-B69.5",
            "count": 127,
            "created_time": "2024-05-09T18:51:23.811267Z",
            "yes_price": 30,
            "no_price": 70,
            "taker_side": "yes"
        },
        {
            "trade_id": "4235c2fe-0433-4b19-ad1f-eb965348ccd1",
            "ticker": "HIGHNY-24MAY09-B69.5",
            "count": 22,
            "created_time": "2024-05-09T18:44:45.796544Z",
            "yes_price": 16,
            "no_price": 84,
            "taker_side": "no"
        },
        {
            "trade_id": "5eab3afd-1914-456c-b014-ca8d094be5c9",
            "ticker": "HIGHNY-24MAY09-B69.5",
            "count": 3,
            "created_time": "2024-05-09T18:18:54.669639Z",
            "yes_price": 13,
            "no_price": 87,
            "taker_side": "no"
        },
        {
            "trade_id": "d739a050-789f-442d-854a-b69821d2854c",
            "ticker": "HIGHNY-24MAY09-B69.5",
            "count": 126,
            "created_time": "2024-05-09T17:53:43.228694Z",
            "yes_price": 21,
            "no_price": 79,
            "taker_side": "yes"
        },
        {
            "trade_id": "757edb2a-9ff4-4b96-bf5a-857961c485dd",
            "ticker": "HIGHNY-24MAY09-B69.5",
            "count": 30,
            "created_time": "2024-05-09T17:53:43.228694Z",
            "yes_price": 21,
            "no_price": 79,
            "taker_side": "yes"
        },
        {
            "trade_id": "add7c4e1-ab70-4c9a-a790-f62b8093ea8c",
            "ticker": "HIGHNY-24MAY09-B69.5",
            "count": 150,
            "created_time": "2024-05-09T17:18:28.114345Z",
            "yes_price": 12,
            "no_price": 88,
            "taker_side": "no"
        },
        {
            "trade_id": "39d2078f-89eb-40ab-b50f-31b3d229667b",
            "ticker": "HIGHNY-24MAY09-B69.5",
            "count": 44,
            "created_time": "2024-05-09T17:18:28.114345Z",
            "yes_price": 15,
            "no_price": 85,
            "taker_side": "no"
        },
        {
            "trade_id": "97513742-ab46-455f-b5a1-022f6e2d6091",
            "ticker": "HIGHNY-24MAY09-B69.5",
            "count": 46,
            "created_time": "2024-05-09T17:18:08.634773Z",
            "yes_price": 15,
            "no_price": 85,
            "taker_side": "no"
        },
        {
            "trade_id": "d58360f9-b3b0-46fa-9ebc-d4f7210d69ea",
            "ticker": "HIGHNY-24MAY09-B69.5",
            "count": 10,
            "created_time": "2024-05-09T17:17:33.413909Z",
            "yes_price": 15,
            "no_price": 85,
            "taker_side": "no"
        },
        {
            "trade_id": "a644d789-26aa-439b-a3a6-bf55e2aae52a",
            "ticker": "HIGHNY-24MAY09-B69.5",
            "count": 98,
            "created_time": "2024-05-09T16:53:18.353422Z",
            "yes_price": 8,
            "no_price": 92,
            "taker_side": "yes"
        },
        {
            "trade_id": "1218780e-a12c-486a-8f58-99f589198f24",
            "ticker": "HIGHNY-24MAY09-B69.5",
            "count": 30,
            "created_time": "2024-05-09T16:53:18.353422Z",
            "yes_price": 8,
            "no_price": 92,
            "taker_side": "yes"
        },
        {
            "trade_id": "80d5986c-14c5-41c2-a118-a382d614bfbb",
            "ticker": "HIGHNY-24MAY09-B69.5",
            "count": 500,
            "created_time": "2024-05-09T16:52:02.32856Z",
            "yes_price": 4,
            "no_price": 96,
            "taker_side": "no"
        },
        {
            "trade_id": "580cca97-ceed-42fe-bc27-7d0964a3b53c",
            "ticker": "HIGHNY-24MAY09-B69.5",
            "count": 30,
            "created_time": "2024-05-09T16:52:02.32856Z",
            "yes_price": 4,
            "no_price": 96,
            "taker_side": "no"
        },
        {
            "trade_id": "3d9bb520-a569-44be-9f9d-ec3e5a83fb23",
            "ticker": "HIGHNY-24MAY09-B69.5",
            "count": 14,
            "created_time": "2024-05-09T16:45:49.158713Z",
            "yes_price": 3,
            "no_price": 97,
            "taker_side": "no"
        },
        {
            "trade_id": "7bc998c8-d646-4c54-82d4-1e7a099e3af5",
            "ticker": "HIGHNY-24MAY09-B69.5",
            "count": 7,
            "created_time": "2024-05-09T16:02:51.819413Z",
            "yes_price": 3,
            "no_price": 97,
            "taker_side": "no"
        },
        {
            "trade_id": "e27356f3-aec5-4c22-aa3f-b35cbf28ee84",
            "ticker": "HIGHNY-24MAY09-B69.5",
            "count": 42,
            "created_time": "2024-05-09T15:54:17.781619Z",
            "yes_price": 2,
            "no_price": 98,
            "taker_side": "no"
        },
        {
            "trade_id": "388fa657-1455-4451-be9e-7d9e3dd3e757",
            "ticker": "HIGHNY-24MAY09-B69.5",
            "count": 125,
            "created_time": "2024-05-09T15:54:12.663375Z",
            "yes_price": 2,
            "no_price": 98,
            "taker_side": "no"
        },
        {
            "trade_id": "f3365c28-5137-43f4-bb78-2beb72c0ebbd",
            "ticker": "HIGHNY-24MAY09-B69.5",
            "count": 85,
            "created_time": "2024-05-09T15:53:46.839334Z",
            "yes_price": 7,
            "no_price": 93,
            "taker_side": "yes"
        },
        {
            "trade_id": "5675c537-e19f-42ae-b1c2-96253d0b8437",
            "ticker": "HIGHNY-24MAY09-B69.5",
            "count": 30,
            "created_time": "2024-05-09T15:53:46.839334Z",
            "yes_price": 7,
            "no_price": 93,
            "taker_side": "yes"
        },
        {
            "trade_id": "3b937155-3890-468f-a896-434f8fb6b74c",
            "ticker": "HIGHNY-24MAY09-B69.5",
            "count": 5,
            "created_time": "2024-05-09T15:50:51.136385Z",
            "yes_price": 2,
            "no_price": 98,
            "taker_side": "yes"
        },
        {
            "trade_id": "03076b52-cae7-4f89-990a-adb1ed32865b",
            "ticker": "HIGHNY-24MAY09-B69.5",
            "count": 500,
            "created_time": "2024-05-09T15:50:51.136385Z",
            "yes_price": 3,
            "no_price": 97,
            "taker_side": "yes"
        },
        {
            "trade_id": "5a758ce0-8165-4568-9cb9-07fab149c59c",
            "ticker": "HIGHNY-24MAY09-B69.5",
            "count": 1000,
            "created_time": "2024-05-09T14:45:48.39348Z",
            "yes_price": 2,
            "no_price": 98,
            "taker_side": "yes"
        },
        {
            "trade_id": "bb496430-c887-42f3-96ab-d89cdec40fd7",
            "ticker": "HIGHNY-24MAY09-B69.5",
            "count": 5,
            "created_time": "2024-05-09T12:54:18.648271Z",
            "yes_price": 3,
            "no_price": 97,
            "taker_side": "no"
        },
        {
            "trade_id": "e2282388-614f-4e4e-8ea0-82d1b7553e13",
            "ticker": "HIGHNY-24MAY09-B69.5",
            "count": 4,
            "created_time": "2024-05-08T19:21:25.860758Z",
            "yes_price": 40,
            "no_price": 60,
            "taker_side": "no"
        },
        {
            "trade_id": "4bb15f15-cf8f-47e8-b956-26f102bbed7a",
            "ticker": "HIGHNY-24MAY09-B69.5",
            "count": 15,
            "created_time": "2024-05-08T19:21:25.725619Z",
            "yes_price": 40,
            "no_price": 60,
            "taker_side": "yes"
        },
        {
            "trade_id": "819d7f26-2e02-4170-a451-18d113c65309",
            "ticker": "HIGHNY-24MAY09-B69.5",
            "count": 10,
            "created_time": "2024-05-08T17:37:38.941952Z",
            "yes_price": 36,
            "no_price": 64,
            "taker_side": "no"
        },
        {
            "trade_id": "07f14ba4-7510-466b-ae45-59f330c5d72f",
            "ticker": "HIGHNY-24MAY09-B69.5",
            "count": 13,
            "created_time": "2024-05-08T14:57:42.588934Z",
            "yes_price": 15,
            "no_price": 85,
            "taker_side": "yes"
        },
        {
            "trade_id": "5313ecd3-e4e6-48c9-8b90-faa7e044b8b9",
            "ticker": "HIGHNY-24MAY09-B69.5",
            "count": 1,
            "created_time": "2024-05-08T14:33:06.861242Z",
            "yes_price": 15,
            "no_price": 85,
            "taker_side": "yes"
        }
    ],
    "HIGHNY-24MAY09-B71.5": [
        {
            "trade_id": "82462d12-9845-4e1b-a089-69a916c118a4",
            "ticker": "HIGHNY-24MAY09-B71.5",
            "count": 5,
            "created_time": "2024-05-10T00:26:17.864264Z",
            "yes_price": 1,
            "no_price": 99,
            "taker_side": "yes"
        },
        {
            "trade_id": "0db06de3-6556-4c9d-b724-3ecc9036142a",
            "ticker": "HIGHNY-24MAY09-B71.5",
            "count": 932,
            "created_time": "2024-05-10T00:26:17.864264Z",
            "yes_price": 2,
            "no_price": 98,
            "taker_side": "yes"
        },
        {
            "trade_id": "056f9730-cdfc-4289-91db-bdc0fdd45dbb",
            "ticker": "HIGHNY-24MAY09-B71.5",
            "count": 104,
            "created_time": "2024-05-09T21:56:04.210169Z",
            "yes_price": 9,
            "no_price": 91,
            "taker_side": "yes"
        },
        {
            "trade_id": "7d551f72-ca05-432d-9af7-b20cf974141b",
            "ticker": "HIGHNY-24MAY09-B71.5",
            "count": 62,
            "created_time": "2024-05-09T21:45:11.058659Z",
            "yes_price": 9,
            "no_price": 91,
            "taker_side": "yes"
        },
        {
            "trade_id": "46dc2334-44e4-4099-8216-31dec075987d",
            "ticker": "HIGHNY-24MAY09-B71.5",
            "count": 104,
            "created_time": "2024-05-09T21:38:17.390388Z",
            "yes_price": 9,
            "no_price": 91,
            "taker_side": "yes"
        },
        {
            "trade_id": "b1b56d28-3c4c-445c-a5e2-861d4d12147a",
            "ticker": "HIGHNY-24MAY09-B71.5",
            "count": 22,
            "created_time": "2024-05-09T18:44:45.752904Z",
            "yes_price": 90,
            "no_price": 10,
            "taker_side": "yes"
        },
        {
            "trade_id": "847838b6-7af7-4d01-9306-e216cf86c9dc",
            "ticker": "HIGHNY-24MAY09-B71.5",
            "count": 3,
            "created_time": "2024-05-09T18:18:54.604067Z",
            "yes_price": 90,
            "no_price": 10,
            "taker_side": "yes"
        },
        {
            "trade_id": "e9e82fdb-01e4-4eff-8a25-7795ddb14346",
            "ticker": "HIGHNY-24MAY09-B71.5",
            "count": 10,
            "created_time": "2024-05-09T17:17:33.342411Z",
            "yes_price": 94,
            "no_price": 6,
            "taker_side": "yes"
        },
        {
            "trade_id": "4a741a65-b8d4-469a-a9ef-7f4cb1078958",
            "ticker": "HIGHNY-24MAY09-B71.5",
            "count": 7,
            "created_time": "2024-05-09T16:02:51.757208Z",
            "yes_price": 94,
            "no_price": 6,
            "taker_side": "yes"
        },
        {
            "trade_id": "f805d4a5-1e90-4515-95eb-b2d42a653357",
            "ticker": "HIGHNY-24MAY09-B71.5",
            "count": 14,
            "created_time": "2024-05-09T15:56:17.804235Z",
            "yes_price": 33,
            "no_price": 67,
            "taker_side": "no"
        },
        {
            "trade_id": "5d3b2b43-7b5e-4153-85db-089957e2f32a",
            "ticker": "HIGHNY-24MAY09-B71.5",
            "count": 42,
            "created_time": "2024-05-09T15:54:17.731718Z",
            "yes_price": 57,
            "no_price": 43,
            "taker_side": "yes"
        },
        {
            "trade_id": "6bb3223e-2e61-4758-88eb-fd966e6cf438",
            "ticker": "HIGHNY-24MAY09-B71.5",
            "count": 125,
            "created_time": "2024-05-09T15:54:12.606287Z",
            "yes_price": 57,
            "no_price": 43,
            "taker_side": "yes"
        },
        {
            "trade_id": "dfec6481-c3cb-4a8f-822e-b562505aa61b",
            "ticker": "HIGHNY-24MAY09-B71.5",
            "count": 10,
            "created_time": "2024-05-09T03:52:44.443067Z",
            "yes_price": 27,
            "no_price": 73,
            "taker_side": "no"
        },
        {
            "trade_id": "b949993e-ca65-410f-b52a-04d4346b0ee4",
            "ticker": "HIGHNY-24MAY09-B71.5",
            "count": 11,
            "created_time": "2024-05-09T00:56:28.486309Z",
            "yes_price": 41,
            "no_price": 59,
            "taker_side": "yes"
        },
        {
            "trade_id": "8fbb01a8-ed3a-4b4e-91d0-235f73e3836a",
            "ticker": "HIGHNY-24MAY09-B71.5",
            "count": 18,
            "created_time": "2024-05-09T00:45:09.972543Z",
            "yes_price": 41,
            "no_price": 59,
            "taker_side": "yes"
        },
        {
            "trade_id": "a543f609-e819-46e8-8738-d1b42223b06f",
            "ticker": "HIGHNY-24MAY09-B71.5",
            "count": 14,
            "created_time": "2024-05-08T22:01:57.861246Z",
            "yes_price": 39,
            "no_price": 61,
            "taker_side": "yes"
        },
        {
            "trade_id": "e842fecc-650c-461a-826c-00964cf8bce9",
            "ticker": "HIGHNY-24MAY09-B71.5",
            "count": 1,
            "created_time": "2024-05-08T19:40:22.210714Z",
            "yes_price": 32,
            "no_price": 68,
            "taker_side": "yes"
        },
        {
            "trade_id": "82732511-2700-4152-9a61-9cbe958bfd5c",
            "ticker": "HIGHNY-24MAY09-B71.5",
            "count": 25,
            "created_time": "2024-05-08T19:40:22.210714Z",
            "yes_price": 36,
            "no_price": 64,
            "taker_side": "yes"
        },
        {
            "trade_id": "87c58730-a9af-413e-b4e8-a662be2a1c31",
            "ticker": "HIGHNY-24MAY09-B71.5",
            "count": 4,
            "created_time": "2024-05-08T19:32:39.160958Z",
            "yes_price": 31,
            "no_price": 69,
            "taker_side": "yes"
        },
        {
            "trade_id": "ce1d38b6-78f1-47fb-a4d6-100cb396c4ed",
            "ticker": "HIGHNY-24MAY09-B71.5",
            "count": 4,
            "created_time": "2024-05-08T19:21:25.942221Z",
            "yes_price": 28,
            "no_price": 72,
            "taker_side": "no"
        },
        {
            "trade_id": "da89540d-83d6-407b-b571-6484f93bfc7b",
            "ticker": "HIGHNY-24MAY09-B71.5",
            "count": 11,
            "created_time": "2024-05-08T19:21:25.878256Z",
            "yes_price": 31,
            "no_price": 69,
            "taker_side": "no"
        },
        {
            "trade_id": "9b43d1b1-3909-4e05-ad86-7ca4f1cc3891",
            "ticker": "HIGHNY-24MAY09-B71.5",
            "count": 4,
            "created_time": "2024-05-08T19:21:25.861685Z",
            "yes_price": 31,
            "no_price": 69,
            "taker_side": "no"
        },
        {
            "trade_id": "ab186c63-d5da-43df-b087-3e5e295ab176",
            "ticker": "HIGHNY-24MAY09-B71.5",
            "count": 1,
            "created_time": "2024-05-08T18:35:24.592433Z",
            "yes_price": 30,
            "no_price": 70,
            "taker_side": "no"
        },
        {
            "trade_id": "31a87f1d-eb89-47d2-8e25-e5af81eb62d3",
            "ticker": "HIGHNY-24MAY09-B71.5",
            "count": 10,
            "created_time": "2024-05-08T17:37:38.974021Z",
            "yes_price": 28,
            "no_price": 72,
            "taker_side": "no"
        },
        {
            "trade_id": "3b1eec9d-f9aa-44af-98b0-17db4c04ec1c",
            "ticker": "HIGHNY-24MAY09-B71.5",
            "count": 2,
            "created_time": "2024-05-08T17:12:23.732185Z",
            "yes_price": 32,
            "no_price": 68,
            "taker_side": "yes"
        },
        {
            "trade_id": "644ca9af-5358-4ce6-b2f5-a7eeef035175",
            "ticker": "HIGHNY-24MAY09-B71.5",
            "count": 8,
            "created_time": "2024-05-08T17:11:35.443629Z",
            "yes_price": 32,
            "no_price": 68,
            "taker_side": "yes"
        },
        {
            "trade_id": "4491c30d-11b8-4e2c-aea7-0be64cfd8104",
            "ticker": "HIGHNY-24MAY09-B71.5",
            "count": 1,
            "created_time": "2024-05-08T14:32:28.467872Z",
            "yes_price": 22,
            "no_price": 78,
            "taker_side": "yes"
        },
        {
            "trade_id": "9d8e1fe0-71d0-436d-a4a3-0141f8f52dbc",
            "ticker": "HIGHNY-24MAY09-B71.5",
            "count": 13,
            "created_time": "2024-05-08T14:28:33.512098Z",
            "yes_price": 22,
            "no_price": 78,
            "taker_side": "yes"
        }
    ],
    "HIGHNY-24MAY09-B73.5": [
        {
            "trade_id": "c0a0d4cd-679c-4c3b-9b9e-0eee715f973b",
            "ticker": "HIGHNY-24MAY09-B73.5",
            "count": 468,
            "created_time": "2024-05-10T01:29:36.922964Z",
            "yes_price": 3,
            "no_price": 97,
            "taker_side": "yes"
        },
        {
            "trade_id": "82ee0243-9aae-40be-ab94-064113c5fbc6",
            "ticker": "HIGHNY-24MAY09-B73.5",
            "count": 6,
            "created_time": "2024-05-09T20:58:38.958457Z",
            "yes_price": 1,
            "no_price": 99,
            "taker_side": "no"
        },
        {
            "trade_id": "d04a6052-8b26-4bff-b11d-5023ffefd441",
            "ticker": "HIGHNY-24MAY09-B73.5",
            "count": 2,
            "created_time": "2024-05-09T20:53:47.579733Z",
            "yes_price": 1,
            "no_price": 99,
            "taker_side": "no"
        },
        {
            "trade_id": "247e71c6-58fc-45fc-8275-f2540040cf68",
            "ticker": "HIGHNY-24MAY09-B73.5",
            "count": 8,
            "created_time": "2024-05-09T20:38:32.785105Z",
            "yes_price": 2,
            "no_price": 98,
            "taker_side": "yes"
        },
        {
            "trade_id": "17a48400-755c-4703-b398-17c71241bdd6",
            "ticker": "HIGHNY-24MAY09-B73.5",
            "count": 643,
            "created_time": "2024-05-09T20:27:39.68037Z",
            "yes_price": 1,
            "no_price": 99,
            "taker_side": "no"
        },
        {
            "trade_id": "49c2151e-138a-40ce-bce9-e5210193fd5a",
            "ticker": "HIGHNY-24MAY09-B73.5",
            "count": 10,
            "created_time": "2024-05-09T19:42:53.446689Z",
            "yes_price": 1,
            "no_price": 99,
            "taker_side": "no"
        },
        {
            "trade_id": "01cee8dc-eb56-4f75-9eea-ecbdbff63eb4",
            "ticker": "HIGHNY-24MAY09-B73.5",
            "count": 22,
            "created_time": "2024-05-09T18:44:45.798215Z",
            "yes_price": 1,
            "no_price": 99,
            "taker_side": "no"
        },
        {
            "trade_id": "3da15c82-387c-46db-8be5-18db889402c2",
            "ticker": "HIGHNY-24MAY09-B73.5",
            "count": 3,
            "created_time": "2024-05-09T18:18:54.656846Z",
            "yes_price": 3,
            "no_price": 97,
            "taker_side": "no"
        },
        {
            "trade_id": "dfc93645-c057-4dbd-a45e-1534c4c90e63",
            "ticker": "HIGHNY-24MAY09-B73.5",
            "count": 146,
            "created_time": "2024-05-09T17:32:19.953031Z",
            "yes_price": 13,
            "no_price": 87,
            "taker_side": "no"
        },
        {
            "trade_id": "cfa6062a-6e05-47bf-ab32-91bc8cf710bd",
            "ticker": "HIGHNY-24MAY09-B73.5",
            "count": 35,
            "created_time": "2024-05-09T17:32:19.953031Z",
            "yes_price": 15,
            "no_price": 85,
            "taker_side": "no"
        },
        {
            "trade_id": "561d5cb2-7b1e-4729-801d-f3f364c40d6f",
            "ticker": "HIGHNY-24MAY09-B73.5",
            "count": 20,
            "created_time": "2024-05-09T17:17:46.247044Z",
            "yes_price": 6,
            "no_price": 94,
            "taker_side": "no"
        },
        {
            "trade_id": "aa7a00af-6893-4003-b572-eeb0495aa58c",
            "ticker": "HIGHNY-24MAY09-B73.5",
            "count": 10,
            "created_time": "2024-05-09T17:17:33.415968Z",
            "yes_price": 6,
            "no_price": 94,
            "taker_side": "no"
        },
        {
            "trade_id": "82524053-124b-433a-98f9-e87d1deeb44b",
            "ticker": "HIGHNY-24MAY09-B73.5",
            "count": 18,
            "created_time": "2024-05-09T16:53:44.702875Z",
            "yes_price": 6,
            "no_price": 94,
            "taker_side": "no"
        },
        {
            "trade_id": "9608e277-f9cd-4bb3-88d0-8220bc495963",
            "ticker": "HIGHNY-24MAY09-B73.5",
            "count": 10,
            "created_time": "2024-05-09T16:33:58.317156Z",
            "yes_price": 6,
            "no_price": 94,
            "taker_side": "no"
        },
        {
            "trade_id": "385d787c-bb24-4cf4-839c-9419a1890fec",
            "ticker": "HIGHNY-24MAY09-B73.5",
            "count": 7,
            "created_time": "2024-05-09T16:02:51.814922Z",
            "yes_price": 3,
            "no_price": 97,
            "taker_side": "no"
        },
        {
            "trade_id": "1f239b25-fc93-4633-9a5c-7858c1c53259",
            "ticker": "HIGHNY-24MAY09-B73.5",
            "count": 24,
            "created_time": "2024-05-09T15:55:49.638029Z",
            "yes_price": 39,
            "no_price": 61,
            "taker_side": "yes"
        },
        {
            "trade_id": "d996caf7-7f5e-45fe-a475-f69a66d5825b",
            "ticker": "HIGHNY-24MAY09-B73.5",
            "count": 12,
            "created_time": "2024-05-09T15:54:17.779416Z",
            "yes_price": 39,
            "no_price": 61,
            "taker_side": "no"
        },
        {
            "trade_id": "7ec1fbb1-68a4-4b85-ba14-29eb9870e0c8",
            "ticker": "HIGHNY-24MAY09-B73.5",
            "count": 30,
            "created_time": "2024-05-09T15:54:17.779416Z",
            "yes_price": 39,
            "no_price": 61,
            "taker_side": "no"
        },
        {
            "trade_id": "196e491c-d885-447d-bd78-35f3cafa0858",
            "ticker": "HIGHNY-24MAY09-B73.5",
            "count": 125,
            "created_time": "2024-05-09T15:54:12.657426Z",
            "yes_price": 39,
            "no_price": 61,
            "taker_side": "no"
        },
        {
            "trade_id": "0008b9a6-8ff3-43dd-b626-694b34e77f75",
            "ticker": "HIGHNY-24MAY09-B73.5",
            "count": 30,
            "created_time": "2024-05-09T15:53:38.678885Z",
            "yes_price": 42,
            "no_price": 58,
            "taker_side": "no"
        },
        {
            "trade_id": "782f4140-83cd-4643-a421-688226f746e0",
            "ticker": "HIGHNY-24MAY09-B73.5",
            "count": 8,
            "created_time": "2024-05-09T15:39:38.725588Z",
            "yes_price": 42,
            "no_price": 58,
            "taker_side": "no"
        },
        {
            "trade_id": "3e84fe5f-83d1-40ff-9108-6242a4f38317",
            "ticker": "HIGHNY-24MAY09-B73.5",
            "count": 35,
            "created_time": "2024-05-09T15:29:52.216394Z",
            "yes_price": 42,
            "no_price": 58,
            "taker_side": "no"
        },
        {
            "trade_id": "283c3e2d-970f-4f38-afa6-0b1b8674e58d",
            "ticker": "HIGHNY-24MAY09-B73.5",
            "count": 1,
            "created_time": "2024-05-09T14:51:12.492307Z",
            "yes_price": 93,
            "no_price": 7,
            "taker_side": "yes"
        },
        {
            "trade_id": "6b77cf68-58f8-42ad-b6ce-74e87322b316",
            "ticker": "HIGHNY-24MAY09-B73.5",
            "count": 5,
            "created_time": "2024-05-09T12:54:32.156232Z",
            "yes_price": 42,
            "no_price": 58,
            "taker_side": "no"
        },
        {
            "trade_id": "6c856f00-a599-46b6-9e4a-854e7d454271",
            "ticker": "HIGHNY-24MAY09-B73.5",
            "count": 4,
            "created_time": "2024-05-09T01:00:32.91981Z",
            "yes_price": 42,
            "no_price": 58,
            "taker_side": "yes"
        },
        {
            "trade_id": "292518a9-bf04-464d-8592-96e485bdb651",
            "ticker": "HIGHNY-24MAY09-B73.5",
            "count": 14,
            "created_time": "2024-05-09T01:00:32.91981Z",
            "yes_price": 42,
            "no_price": 58,
            "taker_side": "yes"
        },
        {
            "trade_id": "d5efc5c6-084d-4204-b10b-372fc326d718",
            "ticker": "HIGHNY-24MAY09-B73.5",
            "count": 150,
            "created_time": "2024-05-08T21:14:00.550504Z",
            "yes_price": 35,
            "no_price": 65,
            "taker_side": "no"
        },
        {
            "trade_id": "aaa31cfd-1fd1-4ec5-b4d7-ea05c5e5f2cf",
            "ticker": "HIGHNY-24MAY09-B73.5",
            "count": 15,
            "created_time": "2024-05-08T21:14:00.550504Z",
            "yes_price": 37,
            "no_price": 63,
            "taker_side": "no"
        },
        {
            "trade_id": "dba3a6fc-1086-439c-afb2-fcfebcf942d7",
            "ticker": "HIGHNY-24MAY09-B73.5",
            "count": 121,
            "created_time": "2024-05-08T21:13:04.025125Z",
            "yes_price": 35,
            "no_price": 65,
            "taker_side": "no"
        },
        {
            "trade_id": "a1219ea5-4b13-4c3c-92af-502071c4055d",
            "ticker": "HIGHNY-24MAY09-B73.5",
            "count": 30,
            "created_time": "2024-05-08T21:13:04.025125Z",
            "yes_price": 37,
            "no_price": 63,
            "taker_side": "no"
        },
        {
            "trade_id": "a4c3d813-26c7-482a-a2c2-94ff81101bce",
            "ticker": "HIGHNY-24MAY09-B73.5",
            "count": 4,
            "created_time": "2024-05-08T19:21:25.963541Z",
            "yes_price": 36,
            "no_price": 64,
            "taker_side": "no"
        },
        {
            "trade_id": "43af3c10-feac-4b06-837a-ad5b2988a13c",
            "ticker": "HIGHNY-24MAY09-B73.5",
            "count": 15,
            "created_time": "2024-05-08T19:21:25.828469Z",
            "yes_price": 36,
            "no_price": 64,
            "taker_side": "no"
        },
        {
            "trade_id": "61d2c54f-9729-4f2e-9bcd-7256c76322e8",
            "ticker": "HIGHNY-24MAY09-B73.5",
            "count": 4,
            "created_time": "2024-05-08T19:21:25.81174Z",
            "yes_price": 36,
            "no_price": 64,
            "taker_side": "no"
        },
        {
            "trade_id": "c7368dfb-1a4a-4890-80a2-b20201a169f1",
            "ticker": "HIGHNY-24MAY09-B73.5",
            "count": 60,
            "created_time": "2024-05-08T18:12:18.454501Z",
            "yes_price": 35,
            "no_price": 65,
            "taker_side": "no"
        },
        {
            "trade_id": "bc1129df-2087-45fb-a79e-b9241a503e94",
            "ticker": "HIGHNY-24MAY09-B73.5",
            "count": 10,
            "created_time": "2024-05-08T18:12:18.454501Z",
            "yes_price": 36,
            "no_price": 64,
            "taker_side": "no"
        },
        {
            "trade_id": "ffb0f140-1f27-49a5-82ab-f78cfe7835d9",
            "ticker": "HIGHNY-24MAY09-B73.5",
            "count": 10,
            "created_time": "2024-05-08T17:37:38.943447Z",
            "yes_price": 35,
            "no_price": 65,
            "taker_side": "no"
        },
        {
            "trade_id": "b5045854-05ec-459f-a2e9-5f78223c245f",
            "ticker": "HIGHNY-24MAY09-B73.5",
            "count": 1,
            "created_time": "2024-05-08T17:30:32.800834Z",
            "yes_price": 35,
            "no_price": 65,
            "taker_side": "no"
        },
        {
            "trade_id": "f0dbfb1d-ebee-4730-b01e-c0554e2f10ec",
            "ticker": "HIGHNY-24MAY09-B73.5",
            "count": 150,
            "created_time": "2024-05-08T17:00:10.450047Z",
            "yes_price": 32,
            "no_price": 68,
            "taker_side": "no"
        },
        {
            "trade_id": "08bceb26-c291-4270-b307-b2e94d9b80f4",
            "ticker": "HIGHNY-24MAY09-B73.5",
            "count": 75,
            "created_time": "2024-05-08T17:00:10.450047Z",
            "yes_price": 34,
            "no_price": 66,
            "taker_side": "no"
        },
        {
            "trade_id": "0df1e111-699b-472a-892d-2b95771f58fe",
            "ticker": "HIGHNY-24MAY09-B73.5",
            "count": 50,
            "created_time": "2024-05-08T16:56:46.889178Z",
            "yes_price": 32,
            "no_price": 68,
            "taker_side": "no"
        },
        {
            "trade_id": "0a7ea645-a7d2-401d-bf6a-609e0462887f",
            "ticker": "HIGHNY-24MAY09-B73.5",
            "count": 75,
            "created_time": "2024-05-08T16:56:46.889178Z",
            "yes_price": 34,
            "no_price": 66,
            "taker_side": "no"
        },
        {
            "trade_id": "50e1e76c-d57f-45ae-a0ce-b955da58af38",
            "ticker": "HIGHNY-24MAY09-B73.5",
            "count": 60,
            "created_time": "2024-05-08T16:33:41.610091Z",
            "yes_price": 35,
            "no_price": 65,
            "taker_side": "no"
        },
        {
            "trade_id": "4892341f-a52b-4ee9-b1c7-7d5b91426bd5",
            "ticker": "HIGHNY-24MAY09-B73.5",
            "count": 30,
            "created_time": "2024-05-08T16:33:41.610091Z",
            "yes_price": 33,
            "no_price": 67,
            "taker_side": "no"
        },
        {
            "trade_id": "9b8b2f15-21db-4451-8426-a31cdde39868",
            "ticker": "HIGHNY-24MAY09-B73.5",
            "count": 11,
            "created_time": "2024-05-08T14:20:33.978574Z",
            "yes_price": 29,
            "no_price": 71,
            "taker_side": "yes"
        }
    ],
    "HIGHNY-24MAY09-T74": [
        {
            "trade_id": "3e8d10df-2a70-4475-a1d3-89ff53056f04",
            "ticker": "HIGHNY-24MAY09-T74",
            "count": 1,
            "created_time": "2024-05-09T23:19:10.834153Z",
            "yes_price": 3,
            "no_price": 97,
            "taker_side": "yes"
        },
        {
            "trade_id": "ebd73541-82e0-4246-bd81-ad734e8200fc",
            "ticker": "HIGHNY-24MAY09-T74",
            "count": 280,
            "created_time": "2024-05-09T18:53:40.208462Z",
            "yes_price": 1,
            "no_price": 99,
            "taker_side": "no"
        },
        {
            "trade_id": "d8117113-4de3-4d86-ad78-30c9cacc77f7",
            "ticker": "HIGHNY-24MAY09-T74",
            "count": 22,
            "created_time": "2024-05-09T18:44:45.795335Z",
            "yes_price": 1,
            "no_price": 99,
            "taker_side": "no"
        },
        {
            "trade_id": "5d47ec9d-6d60-41ac-a863-ebbefb12bf1a",
            "ticker": "HIGHNY-24MAY09-T74",
            "count": 417,
            "created_time": "2024-05-09T18:34:35.000474Z",
            "yes_price": 1,
            "no_price": 99,
            "taker_side": "no"
        },
        {
            "trade_id": "a62ff85f-3528-4e92-9ea1-ad93510d5777",
            "ticker": "HIGHNY-24MAY09-T74",
            "count": 1,
            "created_time": "2024-05-09T18:18:54.666879Z",
            "yes_price": 1,
            "no_price": 99,
            "taker_side": "no"
        },
        {
            "trade_id": "84895181-3b7f-431a-8596-eb8708d9a389",
            "ticker": "HIGHNY-24MAY09-T74",
            "count": 2,
            "created_time": "2024-05-09T18:18:54.666879Z",
            "yes_price": 2,
            "no_price": 98,
            "taker_side": "no"
        },
        {
            "trade_id": "a735f2c6-d551-495f-aa7f-1168741a277e",
            "ticker": "HIGHNY-24MAY09-T74",
            "count": 3,
            "created_time": "2024-05-09T18:07:52.179342Z",
            "yes_price": 2,
            "no_price": 98,
            "taker_side": "no"
        },
        {
            "trade_id": "36966e2c-89c1-4bb3-a1df-4097bb48f029",
            "ticker": "HIGHNY-24MAY09-T74",
            "count": 5,
            "created_time": "2024-05-09T17:31:54.524921Z",
            "yes_price": 2,
            "no_price": 98,
            "taker_side": "no"
        },
        {
            "trade_id": "7eb362f2-90fc-4fae-9c29-140e3d9ea060",
            "ticker": "HIGHNY-24MAY09-T74",
            "count": 20,
            "created_time": "2024-05-09T17:17:55.09Z",
            "yes_price": 3,
            "no_price": 97,
            "taker_side": "no"
        },
        {
            "trade_id": "63003bc0-7f12-4456-b841-4e15926e0651",
            "ticker": "HIGHNY-24MAY09-T74",
            "count": 10,
            "created_time": "2024-05-09T17:17:33.412169Z",
            "yes_price": 3,
            "no_price": 97,
            "taker_side": "no"
        },
        {
            "trade_id": "e91b1724-b1f3-447c-8d32-8f36185343ff",
            "ticker": "HIGHNY-24MAY09-T74",
            "count": 250,
            "created_time": "2024-05-09T16:53:35.778366Z",
            "yes_price": 3,
            "no_price": 97,
            "taker_side": "no"
        },
        {
            "trade_id": "08365fa6-7f07-49bb-bfa6-3537af8e6960",
            "ticker": "HIGHNY-24MAY09-T74",
            "count": 7,
            "created_time": "2024-05-09T16:02:51.817548Z",
            "yes_price": 3,
            "no_price": 97,
            "taker_side": "no"
        },
        {
            "trade_id": "d18eb081-482c-45c7-b0a6-621c69142339",
            "ticker": "HIGHNY-24MAY09-T74",
            "count": 42,
            "created_time": "2024-05-09T15:54:17.777005Z",
            "yes_price": 3,
            "no_price": 97,
            "taker_side": "no"
        },
        {
            "trade_id": "0dcfe286-be1e-4319-84d1-24ae5d32adfa",
            "ticker": "HIGHNY-24MAY09-T74",
            "count": 125,
            "created_time": "2024-05-09T15:54:12.665536Z",
            "yes_price": 4,
            "no_price": 96,
            "taker_side": "no"
        },
        {
            "trade_id": "42705b9c-aedc-45e3-8a01-5b62cda23529",
            "ticker": "HIGHNY-24MAY09-T74",
            "count": 20,
            "created_time": "2024-05-09T15:15:50.65526Z",
            "yes_price": 3,
            "no_price": 97,
            "taker_side": "no"
        },
        {
            "trade_id": "782ebab4-5373-40c0-894a-b1d823cb9729",
            "ticker": "HIGHNY-24MAY09-T74",
            "count": 5,
            "created_time": "2024-05-09T12:54:09.771615Z",
            "yes_price": 3,
            "no_price": 97,
            "taker_side": "no"
        },
        {
            "trade_id": "0a9c2ea1-d22a-46da-9c54-cb32a57232be",
            "ticker": "HIGHNY-24MAY09-T74",
            "count": 4,
            "created_time": "2024-05-09T12:22:13.651234Z",
            "yes_price": 14,
            "no_price": 86,
            "taker_side": "yes"
        },
        {
            "trade_id": "7b343739-1e8a-459b-aa67-f1eb07ca26a8",
            "ticker": "HIGHNY-24MAY09-T74",
            "count": 9,
            "created_time": "2024-05-08T23:30:28.305881Z",
            "yes_price": 9,
            "no_price": 91,
            "taker_side": "no"
        },
        {
            "trade_id": "cab108fa-dc1b-4832-b79e-6c05e4d3662e",
            "ticker": "HIGHNY-24MAY09-T74",
            "count": 4,
            "created_time": "2024-05-08T19:21:25.923981Z",
            "yes_price": 12,
            "no_price": 88,
            "taker_side": "no"
        },
        {
            "trade_id": "e5503a4c-f80a-4979-a163-4e2a4650975c",
            "ticker": "HIGHNY-24MAY09-T74",
            "count": 11,
            "created_time": "2024-05-08T19:21:25.844321Z",
            "yes_price": 14,
            "no_price": 86,
            "taker_side": "no"
        },
        {
            "trade_id": "b6726569-a6a4-47a1-b31d-cee1b305369d",
            "ticker": "HIGHNY-24MAY09-T74",
            "count": 4,
            "created_time": "2024-05-08T19:21:25.770989Z",
            "yes_price": 14,
            "no_price": 86,
            "taker_side": "no"
        },
        {
            "trade_id": "86153d0b-65b9-4b3a-8e71-9a0fb6dafb02",
            "ticker": "HIGHNY-24MAY09-T74",
            "count": 1,
            "created_time": "2024-05-08T18:35:26.040833Z",
            "yes_price": 21,
            "no_price": 79,
            "taker_side": "yes"
        },
        {
            "trade_id": "61a29e31-c7ba-4902-bf72-a32fce8b589a",
            "ticker": "HIGHNY-24MAY09-T74",
            "count": 10,
            "created_time": "2024-05-08T17:37:38.895646Z",
            "yes_price": 16,
            "no_price": 84,
            "taker_side": "no"
        },
        {
            "trade_id": "8ea5a664-2737-44ce-b616-36bc45292e41",
            "ticker": "HIGHNY-24MAY09-T74",
            "count": 150,
            "created_time": "2024-05-08T16:59:11.451085Z",
            "yes_price": 17,
            "no_price": 83,
            "taker_side": "no"
        },
        {
            "trade_id": "4b497bfe-a268-4355-89be-ab8d01e521ed",
            "ticker": "HIGHNY-24MAY09-T74",
            "count": 90,
            "created_time": "2024-05-08T16:59:11.451085Z",
            "yes_price": 19,
            "no_price": 81,
            "taker_side": "no"
        },
        {
            "trade_id": "c2280951-7453-499d-8682-aff205e19770",
            "ticker": "HIGHNY-24MAY09-T74",
            "count": 120,
            "created_time": "2024-05-08T16:57:43.622855Z",
            "yes_price": 19,
            "no_price": 81,
            "taker_side": "no"
        },
        {
            "trade_id": "12449093-1fbb-4c17-8806-8b61166a973d",
            "ticker": "HIGHNY-24MAY09-T74",
            "count": 30,
            "created_time": "2024-05-08T16:57:43.622855Z",
            "yes_price": 21,
            "no_price": 79,
            "taker_side": "no"
        },
        {
            "trade_id": "425c0b9a-c6c5-44c6-ba80-a68aa60ab79e",
            "ticker": "HIGHNY-24MAY09-T74",
            "count": 15,
            "created_time": "2024-05-08T16:33:49.341315Z",
            "yes_price": 21,
            "no_price": 79,
            "taker_side": "yes"
        },
        {
            "trade_id": "64bad447-3026-47bd-9dfa-2be015eff481",
            "ticker": "HIGHNY-24MAY09-T74",
            "count": 150,
            "created_time": "2024-05-08T16:32:45.93716Z",
            "yes_price": 21,
            "no_price": 79,
            "taker_side": "no"
        },
        {
            "trade_id": "47c5ed29-a776-4da0-85dc-7f3453c6c7c8",
            "ticker": "HIGHNY-24MAY09-T74",
            "count": 150,
            "created_time": "2024-05-08T16:32:45.93716Z",
            "yes_price": 22,
            "no_price": 78,
            "taker_side": "no"
        },
        {
            "trade_id": "1f386eb8-e118-4f19-90aa-ab61f4a1007a",
            "ticker": "HIGHNY-24MAY09-T74",
            "count": 15,
            "created_time": "2024-05-08T16:32:45.93716Z",
            "yes_price": 24,
            "no_price": 76,
            "taker_side": "no"
        },
        {
            "trade_id": "868f0a20-a6a8-4554-8034-78a581c97a13",
            "ticker": "HIGHNY-24MAY09-T74",
            "count": 10,
            "created_time": "2024-05-08T14:52:40.621953Z",
            "yes_price": 25,
            "no_price": 75,
            "taker_side": "no"
        },
        {
            "trade_id": "62390ff8-24ff-4979-8a43-f6b7edcbed25",
            "ticker": "HIGHNY-24MAY09-T74",
            "count": 11,
            "created_time": "2024-05-08T14:19:05.752642Z",
            "yes_price": 45,
            "no_price": 55,
            "taker_side": "no"
        }
    ]
}