{
    "KXHIGHNY-24NOV13-T44": [
        {
            "trade_id": "4482573e-7024-4424-a977-adf4ed61197f",
            "ticker": "KXHIGHNY-24NOV13-T44",
            "count": 93,
            "created_time": "2024-11-14T03:24:19.355Z",
            "yes_price": 1,
            "no_price": 99,
            "taker_side": "yes"
        },
        {
            "trade_id": "a4df3d57-05ea-4414-87e9-365cfb57befb",
            "ticker": "KXHIGHNY-24NOV13-T44",
            "count": 678,
            "created_time": "2024-11-14T01:18:42.650493Z",
            "yes_price": 1,
            "no_price": 99,
            "taker_side": "yes"
        },
        {
            "trade_id": "9daf3686-3b32-43af-b1ce-db01084b77d7",
            "ticker": "KXHIGHNY-24NOV13-T44",
            "count": 257,
            "created_time": "2024-11-14T01:18:42.650493Z",
            "yes_price": 1,
            "no_price": 99,
            "taker_side": "yes"
        },
        {
            "trade_id": "e59a02c3-1b03-425c-8c94-d8364644400d",
            "ticker": "KXHIGHNY-24NOV13-T44",
            "count": 150,
            "created_time": "2024-11-14T01:08:30.042089Z",
            "yes_price": 1,
            "no_price": 99,
            "taker_side": "yes"
        },
        {
            "trade_id": "d12fb126-45d1-4fdb-825e-12599469b02c",
            "ticker": "KXHIGHNY-24NOV13-T44",
            "count": 1000,
            "created_time": "2024-11-14T01:08:30.042089Z",
            "yes_price": 1,
            "no_price": 99,
            "taker_side": "yes"
        },
        {
            "trade_id": "9a439e5b-ef19-4ef8-96f0-60324b64d8a4",
            "ticker": "KXHIGHNY-24NOV13-T44",
            "count": 159,
            "created_time": "2024-11-14T01:08:30.042089Z",
            "yes_price": 1,
            "no_price": 99,
            "taker_side": "yes"
        },
        {
            "trade_id": "8752507f-758f-4106-bda9-171d01993bef",
            "ticker": "KXHIGHNY-24NOV13-T44",
            "count": 158,
            "created_time": "2024-11-14T01:08:30.042089Z",
            "yes_price": 1,
            "no_price": 99,
            "taker_side": "yes"
        },
        {
            "trade_id": "6b124e66-7ffa-4f57-a95a-e19461de2849",
            "ticker": "KXHIGHNY-24NOV13-T44",
            "count": 150,
            "created_time": "2024-11-14T01:08:30.042089Z",
            "yes_price": 1,
            "no_price": 99,
            "taker_side": "yes"
        },
        {
            "trade_id": "04205739-1d4d-4d30-aa3c-3e609d58c287",
            "ticker": "KXHIGHNY-24NOV13-T44",
            "count": 250,
            "created_time": "2024-11-14T01:08:30.042089Z",
            "yes_price": 1,
            "no_price": 99,
            "taker_side": "yes"
        },
        {
            "trade_id": "2db7390b-a7db-4d23-9c84-4187be4ffb83",
            "ticker": "KXHIGHNY-24NOV13-T44",
            "count": 1,
            "created_time": "2024-11-13T23:58:52.045192Z",
            "yes_price": 1,
            "no_price": 99,
            "taker_side": "yes"
        },
        {
            "trade_id": "621c1980-d2d1-4e63-879a-c38f52de0ebb",
            "ticker": "KXHIGHNY-24NOV13-T44",
            "count": 1,
            "created_time": "2024-11-13T21:53:55.289322Z",
            "yes_price": 1,
            "no_price": 99,
            "taker_side": "yes"
        },
        {
            "trade_id": "20781834-676d-42de-bc09-c4da42207d21",
            "ticker": "KXHIGHNY-24NOV13-T44",
            "count": 91,
            "created_time": "2024-11-13T21:53:55.289322Z",
            "yes_price": 1,
            "no_price": 99,
            "taker_side": "yes"
        },
        {
            "trade_id": "f17c68ce-e825-40bc-b304-dfccd9d6116b",
            "ticker": "KXHIGHNY-24NOV13-T44",
            "count": 100,
            "created_time": "2024-11-13T13:21:54.030983Z",
            "yes_price": 1,
            "no_price": 99,
            "taker_side": "yes"
        },
        {
            "trade_id": "e577c02c-d1ed-4660-92c7-2cea3fea07ef",
            "ticker": "KXHIGHNY-24NOV13-T44",
            "count": 180,
            "created_time": "2024-11-13T13:21:54.030983Z",
            "yes_price": 2,
            "no_price": 98,
            "taker_side": "yes"
        },
        {
            "trade_id": "577f8fd7-10b3-4e02-a1de-04e8ac7e302f",
            "ticker": "KXHIGHNY-24NOV13-T44",
            "count": 6,
            "created_time": "2024-11-13T13:21:54.030983Z",
            "yes_price": 1,
            "no_price": 99,
            "taker_side": "yes"
        },
        {
            "trade_id": "87482bb6-33cd-4d03-a3cc-bdb7d0efa505",
            "ticker": "KXHIGHNY-24NOV13-T44",
            "count": 1,
            "created_time": "2024-11-12T15:49:35.935834Z",
            "yes_price": 1,
            "no_price": 99,
            "taker_side": "no"
        },
        {
            "trade_id": "b96e77ff-9ab9-497a-be46-4e17ebfba668",
            "ticker": "KXHIGHNY-24NOV13-T44",
            "count": 56,
            "created_time": "2024-11-12T15:41:06.309069Z",
            "yes_price": 1,
            "no_price": 99,
            "taker_side": "no"
        },
        {
            "trade_id": "7396458c-04d3-4885-a2b9-af40e867da46",
            "ticker": "KXHIGHNY-24NOV13-T44",
            "count": 21,
            "created_time": "2024-11-12T15:41:06.174963Z",
            "yes_price": 1,
            "no_price": 99,
            "taker_side": "no"
        },
        {
            "trade_id": "fc39bf44-ec34-4fcf-a8ee-f3df03613575",
            "ticker": "KXHIGHNY-24NOV13-T44",
            "count": 21,
            "created_time": "2024-11-12T15:36:52.80807Z",
            "yes_price": 1,
            "no_price": 99,
            "taker_side": "no"
        },
        {
            "trade_id": "e384300e-50c6-446f-b5a4-9fb28b535f5b",
            "ticker": "KXHIGHNY-24NOV13-T44",
            "count": 21,
            "created_time": "2024-11-12T15:32:41.341741Z",
            "yes_price": 1,
            "no_price": 99,
            "taker_side": "no"
        }
    ],
    "KXHIGHNY-24NOV13-B44.5": [
        {
            "trade_id": "79f6c711-4159-419c-88b6-c7bef6f5edc0",
            "ticker": "KXHIGHNY-24NOV13-B44.5",
            "count": 187,
            "created_time": "2024-11-14T03:24:35.417622Z",
            "yes_price": 1,
            "no_price": 99,
            "taker_side": "yes"
        },
        {
            "trade_id": "efa1b460-5450-4fe3-bbc3-46e055921bf2",
            "ticker": "KXHIGHNY-24NOV13-B44.5",
            "count": 66,
            "created_time": "2024-11-14T01:57:52.824093Z",
            "yes_price": 1,
            "no_price": 99,
            "taker_side": "yes"
        },
        {
            "trade_id": "02a85b12-345b-472b-88a3-bba716174bc9",
            "ticker": "KXHIGHNY-24NOV13-B44.5",
            "count": 4675,
            "created_time": "2024-11-14T01:53:47.825854Z",
            "yes_price": 1,
            "no_price": 99,
            "taker_side": "yes"
        },
        {
            "trade_id": "7be6011a-c4fe-4622-97d5-18243fce9903",
            "ticker": "KXHIGHNY-24NOV13-B44.5",
            "count": 6546,
            "created_time": "2024-11-14T00:56:50.153032Z",
            "yes_price": 1,
            "no_price": 99,
            "taker_side": "yes"
        },
        {
            "trade_id": "706d37ce-7fdb-403a-9bf3-a1c09d8790a8",
            "ticker": "KXHIGHNY-24NOV13-B44.5",
            "count": 250,
            "created_time": "2024-11-13T21:48:21.919609Z",
            "yes_price": 1,
            "no_price": 99,
            "taker_side": "yes"
        },
        {
            "trade_id": "6927bc49-6926-4648-b87d-6ec2d8fb5730",
            "ticker": "KXHIGHNY-24NOV13-B44.5",
            "count": 250,
            "created_time": "2024-11-13T21:48:21.919609Z",
            "yes_price": 1,
            "no_price": 99,
            "taker_side": "yes"
        },
        {
            "trade_id": "38f636ee-6df3-46e3-b71d-8d5a43373c1e",
            "ticker": "KXHIGHNY-24NOV13-B44.5",
            "count": 250,
            "created_time": "2024-11-13T21:48:21.919609Z",
            "yes_price": 1,
            "no_price": 99,
            "taker_side": "yes"
        },
        {
            "trade_id": "2f63d054-2677-4e75-af2c-f0cff4b3a83e",
            "ticker": "KXHIGHNY-24NOV13-B44.5",
            "count": 250,
            "created_time": "2024-11-13T21:48:21.919609Z",
            "yes_price": 1,
            "no_price": 99,
            "taker_side": "yes"
        },
        {
            "trade_id": "1c5b8737-6cdb-4650-bee4-688834126287",
            "ticker": "KXHIGHNY-24NOV13-B44.5",
            "count": 1801,
            "created_time": "2024-11-13T21:48:21.919609Z",
            "yes_price": 1,
            "no_price": 99,
            "taker_side": "yes"
        },
        {
            "trade_id": "f6d99789-8c7d-4bc8-b4c6-711085f4e81b",
            "ticker": "KXHIGHNY-24NOV13-B44.5",
            "count": 45,
            "created_time": "2024-11-13T19:30:55.653971Z",
            "yes_price": 1,
            "no_price": 99,
            "taker_side": "yes"
        },
        {
            "trade_id": "5fd11013-2253-4814-85e9-62ba45892ec9",
            "ticker": "KXHIGHNY-24NOV13-B44.5",
            "count": 1,
            "created_time": "2024-11-13T16:17:44.413235Z",
            "yes_price": 2,
            "no_price": 98,
            "taker_side": "yes"
        },
        {
            "trade_id": "51c87d2d-b8d2-44e1-a3fd-66e3b784c6e7",
            "ticker": "KXHIGHNY-24NOV13-B44.5",
            "count": 45,
            "created_time": "2024-11-13T16:17:44.413235Z",
            "yes_price": 2,
            "no_price": 98,
            "taker_side": "yes"
        },
        {
            "trade_id": "f29a0767-acc0-42ee-830c-6d7896886248",
            "ticker": "KXHIGHNY-24NOV13-B44.5",
            "count": 1,
            "created_time": "2024-11-13T15:28:20.198358Z",
            "yes_price": 1,
            "no_price": 99,
            "taker_side": "yes"
        },
        {
            "trade_id": "83f8c787-1bb7-493c-b039-72aada6e77fa",
            "ticker": "KXHIGHNY-24NOV13-B44.5",
            "count": 91,
            "created_time": "2024-11-13T15:28:20.198358Z",
            "yes_price": 1,
            "no_price": 99,
            "taker_side": "yes"
        },
        {
            "trade_id": "5ea658ec-dad5-46dd-b2c1-ef77fb158b35",
            "ticker": "KXHIGHNY-24NOV13-B44.5",
            "count": 13,
            "created_time": "2024-11-13T13:21:43.43757Z",
            "yes_price": 5,
            "no_price": 95,
            "taker_side": "yes"
        },
        {
            "trade_id": "009366b7-dbed-42e4-a033-a1b9849e6480",
            "ticker": "KXHIGHNY-24NOV13-B44.5",
            "count": 100,
            "created_time": "2024-11-13T13:21:43.43757Z",
            "yes_price": 4,
            "no_price": 96,
            "taker_side": "yes"
        },
        {
            "trade_id": "279d41f0-3db4-40ad-b0b5-7b2ad75a2669",
            "ticker": "KXHIGHNY-24NOV13-B44.5",
            "count": 46,
            "created_time": "2024-11-13T07:23:02.054256Z",
            "yes_price": 5,
            "no_price": 95,
            "taker_side": "yes"
        },
        {
            "trade_id": "30aadf17-41d2-4159-ab1a-a85c07ff279a",
            "ticker": "KXHIGHNY-24NOV13-B44.5",
            "count": 38,
            "created_time": "2024-11-13T06:58:08.780948Z",
            "yes_price": 1,
            "no_price": 99,
            "taker_side": "yes"
        },
        {
            "trade_id": "a54940da-84ae-4ab0-b718-3bb12c74b581",
            "ticker": "KXHIGHNY-24NOV13-B44.5",
            "count": 3,
            "created_time": "2024-11-13T06:14:46.302811Z",
            "yes_price": 2,
            "no_price": 98,
            "taker_side": "yes"
        },
        {
            "trade_id": "ace147ac-9fdd-40ca-bcb1-8879cf17bef5",
            "ticker": "KXHIGHNY-24NOV13-B44.5",
            "count": 23,
            "created_time": "2024-11-13T05:04:24.096637Z",
            "yes_price": 4,
            "no_price": 96,
            "taker_side": "yes"
        },
        {
            "trade_id": "fbc7b250-5949-4e7e-a815-c0f9767db174",
            "ticker": "KXHIGHNY-24NOV13-B44.5",
            "count": 20,
            "created_time": "2024-11-13T05:03:56.120299Z",
            "yes_price": 4,
            "no_price": 96,
            "taker_side": "yes"
        },
        {
            "trade_id": "1a320bb3-6c91-4207-92e4-79f2eee61718",
            "ticker": "KXHIGHNY-24NOV13-B44.5",
            "count": 4,
            "created_time": "2024-11-13T05:03:56.120299Z",
            "yes_price": 3,
            "no_price": 97,
            "taker_side": "yes"
        },
        {
            "trade_id": "64dc84f9-3aa3-44de-bd3a-e079a1c7f90e",
            "ticker": "KXHIGHNY-24NOV13-B44.5",
            "count": 140,
            "created_time": "2024-11-13T02:29:34.050127Z",
            "yes_price": 2,
            "no_price": 98,
            "taker_side": "yes"
        },
        {
            "trade_id": "66fcb118-ca6a-42e5-a479-c774314f145b",
            "ticker": "KXHIGHNY-24NOV13-B44.5",
            "count": 100,
            "created_time": "2024-11-13T02:28:12.870294Z",
            "yes_price": 1,
            "no_price": 99,
            "taker_side": "no"
        },
        {
            "trade_id": "8a2ee515-fbaf-4dc7-a4ab-accf93c88fb8",
            "ticker": "KXHIGHNY-24NOV13-B44.5",
            "count": 46,
            "created_time": "2024-11-13T02:24:46.009623Z",
            "yes_price": 2,
            "no_price": 98,
            "taker_side": "yes"
        },
        {
            "trade_id": "a2694fc6-fbe6-4f5f-9e9d-3afe85bd2359",
            "ticker": "KXHIGHNY-24NOV13-B44.5",
            "count": 10,
            "created_time": "2024-11-13T02:14:32.075487Z",
            "yes_price": 2,
            "no_price": 98,
            "taker_side": "no"
        },
        {
            "trade_id": "41441f0e-fa51-4d82-9628-7215d1824b7a",
            "ticker": "KXHIGHNY-24NOV13-B44.5",
            "count": 70,
            "created_time": "2024-11-13T02:14:32.075487Z",
            "yes_price": 2,
            "no_price": 98,
            "taker_side": "no"
        },
        {
            "trade_id": "98201531-443f-4a38-8f9d-0d1b68a71d2b",
            "ticker": "KXHIGHNY-24NOV13-B44.5",
            "count": 83,
            "created_time": "2024-11-13T02:13:09.584264Z",
            "yes_price": 2,
            "no_price": 98,
            "taker_side": "no"
        },
        {
            "trade_id": "8a4ba295-e50a-4176-ad50-214a716b7556",
            "ticker": "KXHIGHNY-24NOV13-B44.5",
            "count": 7,
            "created_time": "2024-11-13T02:12:31.579965Z",
            "yes_price": 2,
            "no_price": 98,
            "taker_side": "no"
        },
        {
            "trade_id": "1739f3db-3207-4aaa-b3e2-d4bfb4e22aa6",
            "ticker": "KXHIGHNY-24NOV13-B44.5",
            "count": 20,
            "created_time": "2024-11-13T01:36:09.151843Z",
            "yes_price": 6,
            "no_price": 94,
            "taker_side": "yes"
        },
        {
            "trade_id": "37005d53-afac-4402-bcbc-cbb757e8f891",
            "ticker": "KXHIGHNY-24NOV13-B44.5",
            "count": 11,
            "created_time": "2024-11-13T01:16:00.81639Z",
            "yes_price": 8,
            "no_price": 92,
            "taker_side": "yes"
        },
        {
            "trade_id": "f9e32ba1-18b3-4e3e-8606-aaf24e2f6bb4",
            "ticker": "KXHIGHNY-24NOV13-B44.5",
            "count": 46,
            "created_time": "2024-11-12T23:11:46.367646Z",
            "yes_price": 2,
            "no_price": 98,
            "taker_side": "yes"
        },
        {
            "trade_id": "c63abbc6-1c1e-468b-beb4-d143ff53eb84",
            "ticker": "KXHIGHNY-24NOV13-B44.5",
            "count": 1,
            "created_time": "2024-11-12T22:58:42.224928Z",
            "yes_price": 2,
            "no_price": 98,
            "taker_side": "yes"
        },
        {
            "trade_id": "6f7b4e92-bbee-491f-ac2a-7860396c77f4",
            "ticker": "KXHIGHNY-24NOV13-B44.5",
            "count": 2,
            "created_time": "2024-11-12T22:58:42.224928Z",
            "yes_price": 3,
            "no_price": 97,
            "taker_side": "yes"
        },
        {
            "trade_id": "69b32ca7-101b-4d0a-b5d8-1caf01be8a6c",
            "ticker": "KXHIGHNY-24NOV13-B44.5",
            "count": 15,
            "created_time": "2024-11-12T22:38:58.539251Z",
            "yes_price": 1,
            "no_price": 99,
            "taker_side": "no"
        },
        {
            "trade_id": "bdc6a8b5-13ac-4b23-ab94-89640fc253cc",
            "ticker": "KXHIGHNY-24NOV13-B44.5",
            "count": 5,
            "created_time": "2024-11-12T22:32:26.809112Z",
            "yes_price": 1,
            "no_price": 99,
            "taker_side": "no"
        },
        {
            "trade_id": "ec34989e-fa0b-4428-aacc-27b37151c3ce",
            "ticker": "KXHIGHNY-24NOV13-B44.5",
            "count": 58,
            "created_time": "2024-11-12T22:30:06.141787Z",
            "yes_price": 1,
            "no_price": 99,
            "taker_side": "no"
        },
        {
            "trade_id": "3808cdb5-920a-4687-982f-6fe540d19b60",
            "ticker": "KXHIGHNY-24NOV13-B44.5",
            "count": 100,
            "created_time": "2024-11-12T22:29:29.769409Z",
            "yes_price": 1,
            "no_price": 99,
            "taker_side": "no"
        },
        {
            "trade_id": "077fc39a-c24f-4622-9ffd-477c01afc519",
            "ticker": "KXHIGHNY-24NOV13-B44.5",
            "count": 39,
            "created_time": "2024-11-12T22:12:18.006887Z",
            "yes_price": 1,
            "no_price": 99,
            "taker_side": "no"
        },
        {
            "trade_id": "2210337c-4d33-4934-a377-eb8ac17c1374",
            "ticker": "KXHIGHNY-24NOV13-B44.5",
            "count": 10,
            "created_time": "2024-11-12T22:08:34.736454Z",
            "yes_price": 1,
            "no_price": 99,
            "taker_side": "no"
        },
        {
            "trade_id": "e6def63a-9619-44f5-86d3-7be8fb451a39",
            "ticker": "KXHIGHNY-24NOV13-B44.5",
            "count": 10,
            "created_time": "2024-11-12T22:08:34.227129Z",
            "yes_price": 1,
            "no_price": 99,
            "taker_side": "no"
        },
        {
            "trade_id": "d75be307-0235-4b5a-966e-011a4fcb0d16",
            "ticker": "KXHIGHNY-24NOV13-B44.5",
            "count": 10,
            "created_time": "2024-11-12T22:08:33.780649Z",
            "yes_price": 1,
            "no_price": 99,
            "taker_side": "no"
        },
        {
            "trade_id": "ca1a49f9-bd33-475e-a5ce-5541fb1e7fe0",
            "ticker": "KXHIGHNY-24NOV13-B44.5",
            "count": 10,
            "created_time": "2024-11-12T22:08:33.75781Z",
            "yes_price": 1,
            "no_price": 99,
            "taker_side": "no"
        },
        {
            "trade_id": "cdf852e1-67e5-4fe3-bd73-f7c3350b9c44",
            "ticker": "KXHIGHNY-24NOV13-B44.5",
            "count": 100,
            "created_time": "2024-11-12T22:00:43.390212Z",
            "yes_price": 1,
            "no_price": 99,
            "taker_side": "no"
        },
        {
            "trade_id": "4cbba84c-cf17-4b28-bb6f-5fcfd161cade",
            "ticker": "KXHIGHNY-24NOV13-B44.5",
            "count": 6,
            "created_time": "2024-11-12T21:34:22.351996Z",
            "yes_price": 1,
            "no_price": 99,
            "taker_side": "yes"
        },
        {
            "trade_id": "42c7e738-ca30-4637-85e1-265cf3b96291",
            "ticker": "KXHIGHNY-24NOV13-B44.5",
            "count": 1,
            "created_time": "2024-11-12T15:49:35.898781Z",
            "yes_price": 1,
            "no_price": 99,
            "taker_side": "no"
        },
        {
            "trade_id": "6a67cfe2-f753-4b4d-af52-2211e44341bc",
            "ticker": "KXHIGHNY-24NOV13-B44.5",
            "count": 56,
            "created_time": "2024-11-12T15:41:06.370005Z",
            "yes_price": 1,
            "no_price": 99,
            "taker_side": "no"
        },
        {
            "trade_id": "e8e9e191-9e94-491d-a664-b6d89eb2a017",
            "ticker": "KXHIGHNY-24NOV13-B44.5",
            "count": 21,
            "created_time": "2024-11-12T15:41:06.234316Z",
            "yes_price": 1,
            "no_price": 99,
            "taker_side": "no"
        },
        {
            "trade_id": "6d935843-dbfc-4ac1-abc0-5d821081e63c",
            "ticker": "KXHIGHNY-24NOV13-B44.5",
            "count": 21,
            "created_time": "2024-11-12T15:36:52.842229Z",
            "yes_price": 1,
            "no_price": 99,
            "taker_side": "no"
        },
        {
            "trade_id": "c303998e-e709-4666-af63-4dccdd3d05c9",
            "ticker": "KXHIGHNY-24NOV13-B44.5",
            "count": 21,
            "created_time": "2024-11-12T15:32:41.399452Z",
            "yes_price": 1,
            "no_price": 99,
            "taker_side": "no"
        }
    ],
    "KXHIGHNY-24NOV13-B46.5": [
        {
            "trade_id": "e6d2e56d-2912-4d33-a312-9dfde1c4a7d3",
            "ticker": "KXHIGHNY-24NOV13-B46.5",
            "count": 1357,
            "created_time": "2024-11-14T04:52:00.041597Z",
            "yes_price": 1,
            "no_price": 99,
            "taker_side": "yes"
        },
        {
            "trade_id": "3b47699a-d1d7-4d47-b655-4dd3e4246e55",
            "ticker": "KXHIGHNY-24NOV13-B46.5",
            "count": 935,
            "created_time": "2024-11-14T04:38:55.972156Z",
            "yes_price": 1,
            "no_price": 99,
            "taker_side": "yes"
        },
        {
            "trade_id": "cc8c2eb5-94e8-4ea4-a917-d73de9a64fa0",
            "ticker": "KXHIGHNY-24NOV13-B46.5",
            "count": 237,
            "created_time": "2024-11-14T03:26:25.958952Z",
            "yes_price": 1,
            "no_price": 99,
            "taker_side": "yes"
        },
        {
            "trade_id": "35f3cfa7-da40-4352-9cb1-528507993b53",
            "ticker": "KXHIGHNY-24NOV13-B46.5",
            "count": 935,
            "created_time": "2024-11-14T03:19:02.831143Z",
            "yes_price": 1,
            "no_price": 99,
            "taker_side": "yes"
        },
        {
            "trade_id": "5ffe43a6-5464-4a87-b725-568c2349f0e3",
            "ticker": "KXHIGHNY-24NOV13-B46.5",
            "count": 2939,
            "created_time": "2024-11-14T02:35:02.539706Z",
            "yes_price": 1,
            "no_price": 99,
            "taker_side": "yes"
        },
        {
            "trade_id": "f838b7f1-0f74-4e81-80c7-5cfcb1f33a5c",
            "ticker": "KXHIGHNY-24NOV13-B46.5",
            "count": 93,
            "created_time": "2024-11-14T01:02:27.633145Z",
            "yes_price": 1,
            "no_price": 99,
            "taker_side": "yes"
        },
        {
            "trade_id": "f54d24a8-4bfa-4d65-a839-9bde2ad2bddf",
            "ticker": "KXHIGHNY-24NOV13-B46.5",
            "count": 93,
            "created_time": "2024-11-14T00:09:26.351473Z",
            "yes_price": 1,
            "no_price": 99,
            "taker_side": "yes"
        },
        {
            "trade_id": "3e45b0ee-0fb7-4ec1-af8a-e8ed0f978895",
            "ticker": "KXHIGHNY-24NOV13-B46.5",
            "count": 1,
            "created_time": "2024-11-13T23:58:28.145388Z",
            "yes_price": 1,
            "no_price": 99,
            "taker_side": "yes"
        },
        {
            "trade_id": "d5c37dd3-c479-40b5-b11e-1a6f2e6e6712",
            "ticker": "KXHIGHNY-24NOV13-B46.5",
            "count": 30,
            "created_time": "2024-11-13T23:45:15.147457Z",
            "yes_price": 1,
            "no_price": 99,
            "taker_side": "yes"
        },
        {
            "trade_id": "e1d4d73c-54d4-40ea-9990-d53772a43b02",
            "ticker": "KXHIGHNY-24NOV13-B46.5",
            "count": 1,
            "created_time": "2024-11-13T22:57:13.994367Z",
            "yes_price": 1,
            "no_price": 99,
            "taker_side": "yes"
        },
        {
            "trade_id": "22b71e68-f7d1-4aab-bf8e-75459ab41a9e",
            "ticker": "KXHIGHNY-24NOV13-B46.5",
            "count": 93,
            "created_time": "2024-11-13T22:51:22.224775Z",
            "yes_price": 1,
            "no_price": 99,
            "taker_side": "yes"
        },
        {
            "trade_id": "84364f2a-01df-4b03-848d-9891a0af667d",
            "ticker": "KXHIGHNY-24NOV13-B46.5",
            "count": 467,
            "created_time": "2024-11-13T21:32:11.999854Z",
            "yes_price": 1,
            "no_price": 99,
            "taker_side": "yes"
        },
        {
            "trade_id": "71833eb7-d427-48d8-aab6-6c86d5d27b28",
            "ticker": "KXHIGHNY-24NOV13-B46.5",
            "count": 20,
            "created_time": "2024-11-13T21:13:11.969231Z",
            "yes_price": 1,
            "no_price": 99,
            "taker_side": "yes"
        },
        {
            "trade_id": "36fb9068-d6e4-4785-8aa4-facc66476b1d",
            "ticker": "KXHIGHNY-24NOV13-B46.5",
            "count": 100,
            "created_time": "2024-11-13T20:10:55.051172Z",
            "yes_price": 1,
            "no_price": 99,
            "taker_side": "yes"
        },
        {
            "trade_id": "b66755d2-5695-4a6a-a58f-eb39b6a69cd1",
            "ticker": "KXHIGHNY-24NOV13-B46.5",
            "count": 65,
            "created_time": "2024-11-13T19:50:56.300261Z",
            "yes_price": 1,
            "no_price": 99,
            "taker_side": "yes"
        },
        {
            "trade_id": "5684c5f0-72c2-4283-a1c7-819d18c66085",
            "ticker": "KXHIGHNY-24NOV13-B46.5",
            "count": 935,
            "created_time": "2024-11-13T18:54:18.87822Z",
            "yes_price": 1,
            "no_price": 99,
            "taker_side": "yes"
        },
        {
            "trade_id": "baf323d6-be72-444a-bb02-6374e120e347",
            "ticker": "KXHIGHNY-24NOV13-B46.5",
            "count": 467,
            "created_time": "2024-11-13T18:29:05.991517Z",
            "yes_price": 1,
            "no_price": 99,
            "taker_side": "yes"
        },
        {
            "trade_id": "ded92a49-b910-4991-a510-bd564a94511e",
            "ticker": "KXHIGHNY-24NOV13-B46.5",
            "count": 100,
            "created_time": "2024-11-13T18:21:38.882752Z",
            "yes_price": 1,
            "no_price": 99,
            "taker_side": "yes"
        },
        {
            "trade_id": "7c2d7620-f215-4ed3-8996-f6acee15d223",
            "ticker": "KXHIGHNY-24NOV13-B46.5",
            "count": 100,
            "created_time": "2024-11-13T18:21:18.039846Z",
            "yes_price": 1,
            "no_price": 99,
            "taker_side": "yes"
        },
        {
            "trade_id": "656fec78-1dfe-4e88-9f79-b622efd4b42f",
            "ticker": "KXHIGHNY-24NOV13-B46.5",
            "count": 187,
            "created_time": "2024-11-13T18:12:56.599188Z",
            "yes_price": 1,
            "no_price": 99,
            "taker_side": "yes"
        },
        {
            "trade_id": "e4b1e1e4-8a24-4f06-a455-fa18dea2f6be",
            "ticker": "KXHIGHNY-24NOV13-B46.5",
            "count": 93,
            "created_time": "2024-11-13T18:11:34.74795Z",
            "yes_price": 1,
            "no_price": 99,
            "taker_side": "yes"
        },
        {
            "trade_id": "a05a79f1-435c-42e3-b2e7-965185cdc6c1",
            "ticker": "KXHIGHNY-24NOV13-B46.5",
            "count": 79,
            "created_time": "2024-11-13T18:09:31.658002Z",
            "yes_price": 1,
            "no_price": 99,
            "taker_side": "yes"
        },
        {
            "trade_id": "e0640177-0207-444b-9f37-f79fb86d0a33",
            "ticker": "KXHIGHNY-24NOV13-B46.5",
            "count": 4675,
            "created_time": "2024-11-13T18:08:50.079344Z",
            "yes_price": 1,
            "no_price": 99,
            "taker_side": "yes"
        },
        {
            "trade_id": "7f0692d6-1336-4a3d-9eaa-ae89a44377e6",
            "ticker": "KXHIGHNY-24NOV13-B46.5",
            "count": 261,
            "created_time": "2024-11-13T18:07:18.910885Z",
            "yes_price": 1,
            "no_price": 99,
            "taker_side": "yes"
        },
        {
            "trade_id": "656bf6c3-01b1-4a02-a84d-3c74d3aacc57",
            "ticker": "KXHIGHNY-24NOV13-B46.5",
            "count": 935,
            "created_time": "2024-11-13T18:07:09.594524Z",
            "yes_price": 1,
            "no_price": 99,
            "taker_side": "yes"
        },
        {
            "trade_id": "dab9cdff-4033-4bb3-a369-d10473b7dc21",
            "ticker": "KXHIGHNY-24NOV13-B46.5",
            "count": 21,
            "created_time": "2024-11-13T18:06:05.833653Z",
            "yes_price": 1,
            "no_price": 99,
            "taker_side": "yes"
        },
        {
            "trade_id": "2c8e4b6e-707f-4599-94cf-3218af57a2e4",
            "ticker": "KXHIGHNY-24NOV13-B46.5",
            "count": 187,
            "created_time": "2024-11-13T18:02:31.561183Z",
            "yes_price": 1,
            "no_price": 99,
            "taker_side": "yes"
        },
        {
            "trade_id": "428409ef-02f5-4e0c-bea1-f97e1209d019",
            "ticker": "KXHIGHNY-24NOV13-B46.5",
            "count": 167,
            "created_time": "2024-11-13T17:58:29.439567Z",
            "yes_price": 1,
            "no_price": 99,
            "taker_side": "yes"
        },
        {
            "trade_id": "dc2fee6d-a0af-4bc6-ae57-226220d5d853",
            "ticker": "KXHIGHNY-24NOV13-B46.5",
            "count": 350,
            "created_time": "2024-11-13T17:53:38.097394Z",
            "yes_price": 1,
            "no_price": 99,
            "taker_side": "no"
        },
        {
            "trade_id": "6744c38b-b9d0-4762-9923-d6757ef07736",
            "ticker": "KXHIGHNY-24NOV13-B46.5",
            "count": 249,
            "created_time": "2024-11-13T17:53:36.208498Z",
            "yes_price": 1,
            "no_price": 99,
            "taker_side": "no"
        },
        {
            "trade_id": "eb6a1918-91f3-42c3-a58c-fd6ff3738098",
            "ticker": "KXHIGHNY-24NOV13-B46.5",
            "count": 249,
            "created_time": "2024-11-13T17:53:36.156518Z",
            "yes_price": 1,
            "no_price": 99,
            "taker_side": "no"
        },
        {
            "trade_id": "a0caa9d5-73b1-4a7a-b2ef-b21df35bade9",
            "ticker": "KXHIGHNY-24NOV13-B46.5",
            "count": 152,
            "created_time": "2024-11-13T17:53:36.099982Z",
            "yes_price": 1,
            "no_price": 99,
            "taker_side": "no"
        },
        {
            "trade_id": "8ef328d3-c3a5-41ad-8a69-f59cd630e5fe",
            "ticker": "KXHIGHNY-24NOV13-B46.5",
            "count": 98,
            "created_time": "2024-11-13T17:53:36.099982Z",
            "yes_price": 2,
            "no_price": 98,
            "taker_side": "no"
        },
        {
            "trade_id": "d1427e5d-c22a-495a-8dbd-aa4a2756181b",
            "ticker": "KXHIGHNY-24NOV13-B46.5",
            "count": 250,
            "created_time": "2024-11-13T17:53:36.038605Z",
            "yes_price": 2,
            "no_price": 98,
            "taker_side": "no"
        },
        {
            "trade_id": "1410ce54-29d8-44a8-ab1c-39b5e64ef467",
            "ticker": "KXHIGHNY-24NOV13-B46.5",
            "count": 100,
            "created_time": "2024-11-13T17:53:35.824719Z",
            "yes_price": 4,
            "no_price": 96,
            "taker_side": "no"
        },
        {
            "trade_id": "13c9cdb2-80c9-4654-b3b2-87a5ace4d724",
            "ticker": "KXHIGHNY-24NOV13-B46.5",
            "count": 900,
            "created_time": "2024-11-13T17:53:35.824719Z",
            "yes_price": 2,
            "no_price": 98,
            "taker_side": "no"
        },
        {
            "trade_id": "f8721b59-7e1e-4610-9c29-50d0618ddb8a",
            "ticker": "KXHIGHNY-24NOV13-B46.5",
            "count": 88,
            "created_time": "2024-11-13T17:53:25.017258Z",
            "yes_price": 5,
            "no_price": 95,
            "taker_side": "yes"
        },
        {
            "trade_id": "5ddf6406-ad7d-43ed-8a55-fe361f1522fd",
            "ticker": "KXHIGHNY-24NOV13-B46.5",
            "count": 5,
            "created_time": "2024-11-13T17:53:25.017258Z",
            "yes_price": 5,
            "no_price": 95,
            "taker_side": "yes"
        },
        {
            "trade_id": "4c5c5c8d-d247-4885-bc50-4eee6094c2a6",
            "ticker": "KXHIGHNY-24NOV13-B46.5",
            "count": 13,
            "created_time": "2024-11-13T17:52:39.389813Z",
            "yes_price": 5,
            "no_price": 95,
            "taker_side": "yes"
        },
        {
            "trade_id": "21ebd03e-bce4-4b4b-8acd-fac71d232d4b",
            "ticker": "KXHIGHNY-24NOV13-B46.5",
            "count": 100,
            "created_time": "2024-11-13T17:52:39.389813Z",
            "yes_price": 4,
            "no_price": 96,
            "taker_side": "yes"
        },
        {
            "trade_id": "4e96b455-f6cf-4c15-b4c6-f10f66434909",
            "ticker": "KXHIGHNY-24NOV13-B46.5",
            "count": 93,
            "created_time": "2024-11-13T17:50:23.944426Z",
            "yes_price": 2,
            "no_price": 98,
            "taker_side": "no"
        },
        {
            "trade_id": "3aa9b115-ba54-4efd-8e4f-6e6b059cd117",
            "ticker": "KXHIGHNY-24NOV13-B46.5",
            "count": 25,
            "created_time": "2024-11-13T17:47:18.432121Z",
            "yes_price": 2,
            "no_price": 98,
            "taker_side": "no"
        },
        {
            "trade_id": "dc61c220-c684-4a2a-8bde-05006967d5e9",
            "ticker": "KXHIGHNY-24NOV13-B46.5",
            "count": 16,
            "created_time": "2024-11-13T17:42:51.778692Z",
            "yes_price": 1,
            "no_price": 99,
            "taker_side": "no"
        },
        {
            "trade_id": "aaeb3fb7-109b-40eb-a689-aea5783f8cfd",
            "ticker": "KXHIGHNY-24NOV13-B46.5",
            "count": 1,
            "created_time": "2024-11-13T17:41:39.602785Z",
            "yes_price": 1,
            "no_price": 99,
            "taker_side": "no"
        },
        {
            "trade_id": "aeab61a7-d74b-4a71-923a-df2db0efeb21",
            "ticker": "KXHIGHNY-24NOV13-B46.5",
            "count": 33,
            "created_time": "2024-11-13T17:40:32.785561Z",
            "yes_price": 1,
            "no_price": 99,
            "taker_side": "no"
        },
        {
            "trade_id": "1f68e9c3-32ca-40ae-ac5d-c7f1cfa957ef",
            "ticker": "KXHIGHNY-24NOV13-B46.5",
            "count": 5,
            "created_time": "2024-11-13T17:36:33.474753Z",
            "yes_price": 1,
            "no_price": 99,
            "taker_side": "no"
        },
        {
            "trade_id": "40399018-8bb1-42ed-b3c8-df0a2d738285",
            "ticker": "KXHIGHNY-24NOV13-B46.5",
            "count": 81,
            "created_time": "2024-11-13T17:33:59.873189Z",
            "yes_price": 2,
            "no_price": 98,
            "taker_side": "yes"
        },
        {
            "trade_id": "28598117-5ddc-48b9-a71b-6cd78c1a275a",
            "ticker": "KXHIGHNY-24NOV13-B46.5",
            "count": 61,
            "created_time": "2024-11-13T17:33:59.873189Z",
            "yes_price": 5,
            "no_price": 95,
            "taker_side": "yes"
        },
        {
            "trade_id": "4ad2f763-7f2e-4bb7-b25c-430e9bf785c0",
            "ticker": "KXHIGHNY-24NOV13-B46.5",
            "count": 9,
            "created_time": "2024-11-13T17:27:11.662649Z",
            "yes_price": 1,
            "no_price": 99,
            "taker_side": "no"
        },
        {
            "trade_id": "2abfddcd-2ba4-4011-aa19-ddd1d5267161",
            "ticker": "KXHIGHNY-24NOV13-B46.5",
            "count": 150,
            "created_time": "2024-11-13T17:20:45.824406Z",
            "yes_price": 1,
            "no_price": 99,
            "taker_side": "yes"
        },
        {
            "trade_id": "7e308ea0-1e78-4fdd-8a53-e725b8365995",
            "ticker": "KXHIGHNY-24NOV13-B46.5",
            "count": 150,
            "created_time": "2024-11-13T17:13:58.298089Z",
            "yes_price": 1,
            "no_price": 99,
            "taker_side": "yes"
        },
        {
            "trade_id": "ef8f2791-eb5b-42dc-91b3-f2dd20c13047",
            "ticker": "KXHIGHNY-24NOV13-B46.5",
            "count": 10,
            "created_time": "2024-11-13T17:08:15.514206Z",
            "yes_price": 1,
            "no_price": 99,
            "taker_side": "no"
        },
        {
            "trade_id": "fd1aae35-f5f3-41b2-a354-556fdccfac42",
            "ticker": "KXHIGHNY-24NOV13-B46.5",
            "count": 9,
            "created_time": "2024-11-13T17:04:31.783946Z",
            "yes_price": 2,
            "no_price": 98,
            "taker_side": "yes"
        },
        {
            "trade_id": "e8b1b333-8915-4a5d-8015-733e3f65ac0c",
            "ticker": "KXHIGHNY-24NOV13-B46.5",
            "count": 69,
            "created_time": "2024-11-13T17:04:31.783946Z",
            "yes_price": 4,
            "no_price": 96,
            "taker_side": "yes"
        },
        {
            "trade_id": "ca4e7aab-2c2c-4211-b119-913a3f0a710d",
            "ticker": "KXHIGHNY-24NOV13-B46.5",
            "count": 838,
            "created_time": "2024-11-13T17:04:31.783946Z",
            "yes_price": 5,
            "no_price": 95,
            "taker_side": "yes"
        },
        {
            "trade_id": "2baaf3e2-8557-49f9-9820-ba05fdaf0a14",
            "ticker": "KXHIGHNY-24NOV13-B46.5",
            "count": 50,
            "created_time": "2024-11-13T17:04:31.783946Z",
            "yes_price": 4,
            "no_price": 96,
            "taker_side": "yes"
        },
        {
            "trade_id": "f19b2156-87c1-40d0-932b-8f62b935d94f",
            "ticker": "KXHIGHNY-24NOV13-B46.5",
            "count": 10,
            "created_time": "2024-11-13T17:04:16.993037Z",
            "yes_price": 1,
            "no_price": 99,
            "taker_side": "no"
        },
        {
            "trade_id": "7b507a83-772c-4019-91ca-00680fe96a25",
            "ticker": "KXHIGHNY-24NOV13-B46.5",
            "count": 100,
            "created_time": "2024-11-13T17:00:47.254768Z",
            "yes_price": 2,
            "no_price": 98,
            "taker_side": "yes"
        },
        {
            "trade_id": "bbe8c298-43ab-4ccd-86a7-879f16333bc9",
            "ticker": "KXHIGHNY-24NOV13-B46.5",
            "count": 200,
            "created_time": "2024-11-13T17:00:29.321423Z",
            "yes_price": 2,
            "no_price": 98,
            "taker_side": "yes"
        },
        {
            "trade_id": "28892f2c-6d81-46b8-a6f3-e532705ffec9",
            "ticker": "KXHIGHNY-24NOV13-B46.5",
            "count": 81,
            "created_time": "2024-11-13T16:58:25.076739Z",
            "yes_price": 4,
            "no_price": 96,
            "taker_side": "yes"
        },
        {
            "trade_id": "1b6e6a06-db5a-4e53-a64c-928bc44bc2ca",
            "ticker": "KXHIGHNY-24NOV13-B46.5",
            "count": 48,
            "created_time": "2024-11-13T16:58:25.076739Z",
            "yes_price": 3,
            "no_price": 97,
            "taker_side": "yes"
        },
        {
            "trade_id": "130b181c-edec-440a-9f23-bd885e75680f",
            "ticker": "KXHIGHNY-24NOV13-B46.5",
            "count": 309,
            "created_time": "2024-11-13T16:56:57.275812Z",
            "yes_price": 1,
            "no_price": 99,
            "taker_side": "no"
        },
        {
            "trade_id": "5dd48266-b582-4971-b3f6-793b5a579788",
            "ticker": "KXHIGHNY-24NOV13-B46.5",
            "count": 30,
            "created_time": "2024-11-13T16:53:32.372692Z",
            "yes_price": 1,
            "no_price": 99,
            "taker_side": "no"
        },
        {
            "trade_id": "cc01f6f2-892e-403d-adee-e89f059136ee",
            "ticker": "KXHIGHNY-24NOV13-B46.5",
            "count": 18,
            "created_time": "2024-11-13T16:53:17.304959Z",
            "yes_price": 1,
            "no_price": 99,
            "taker_side": "no"
        },
        {
            "trade_id": "b92d9fc1-af1a-4211-9fb9-79a0a4c2a209",
            "ticker": "KXHIGHNY-24NOV13-B46.5",
            "count": 10,
            "created_time": "2024-11-13T16:53:17.304959Z",
            "yes_price": 1,
            "no_price": 99,
            "taker_side": "no"
        },
        {
            "trade_id": "b1cbd0ad-de1d-4327-967d-9cb20a748614",
            "ticker": "KXHIGHNY-24NOV13-B46.5",
            "count": 41,
            "created_time": "2024-11-13T16:51:10.035029Z",
            "yes_price": 1,
            "no_price": 99,
            "taker_side": "no"
        },
        {
            "trade_id": "3d2cd248-12b9-4770-8872-ba34ddfe21af",
            "ticker": "KXHIGHNY-24NOV13-B46.5",
            "count": 11,
            "created_time": "2024-11-13T16:50:18.974566Z",
            "yes_price": 1,
            "no_price": 99,
            "taker_side": "no"
        },
        {
            "trade_id": "cf95baa0-2a5b-4e69-a130-b883d78aa1de",
            "ticker": "KXHIGHNY-24NOV13-B46.5",
            "count": 68,
            "created_time": "2024-11-13T16:50:18.239999Z",
            "yes_price": 1,
            "no_price": 99,
            "taker_side": "no"
        },
        {
            "trade_id": "2d6d993f-834b-4c5b-8a34-de91173d1550",
            "ticker": "KXHIGHNY-24NOV13-B46.5",
            "count": 3,
            "created_time": "2024-11-13T16:49:31.855802Z",
            "yes_price": 1,
            "no_price": 99,
            "taker_side": "no"
        },
        {
            "trade_id": "86809d00-1692-4a89-b5b5-476a102ed587",
            "ticker": "KXHIGHNY-24NOV13-B46.5",
            "count": 234,
            "created_time": "2024-11-13T16:47:52.369985Z",
            "yes_price": 4,
            "no_price": 96,
            "taker_side": "yes"
        },
        {
            "trade_id": "fd8ee84d-e8a9-4e2d-9966-f796912bf3de",
            "ticker": "KXHIGHNY-24NOV13-B46.5",
            "count": 51,
            "created_time": "2024-11-13T16:46:46.344636Z",
            "yes_price": 2,
            "no_price": 98,
            "taker_side": "yes"
        },
        {
            "trade_id": "a6b48bc2-e74c-4cdd-af42-311fb0bffef8",
            "ticker": "KXHIGHNY-24NOV13-B46.5",
            "count": 44,
            "created_time": "2024-11-13T16:46:46.344636Z",
            "yes_price": 4,
            "no_price": 96,
            "taker_side": "yes"
        },
        {
            "trade_id": "7ba0d334-9ec3-4b93-9c46-5625ffee1a5e",
            "ticker": "KXHIGHNY-24NOV13-B46.5",
            "count": 88,
            "created_time": "2024-11-13T16:44:27.711195Z",
            "yes_price": 1,
            "no_price": 99,
            "taker_side": "no"
        },
        {
            "trade_id": "3281ea4c-3b87-4b67-8512-0abd1e040b4e",
            "ticker": "KXHIGHNY-24NOV13-B46.5",
            "count": 17,
            "created_time": "2024-11-13T16:43:56.735289Z",
            "yes_price": 1,
            "no_price": 99,
            "taker_side": "no"
        },
        {
            "trade_id": "738250f3-15af-48d9-b352-d3a62c0bcdec",
            "ticker": "KXHIGHNY-24NOV13-B46.5",
            "count": 10,
            "created_time": "2024-11-13T16:37:55.934612Z",
            "yes_price": 2,
            "no_price": 98,
            "taker_side": "no"
        },
        {
            "trade_id": "3e2843d1-4d61-4471-92bb-b85c051c2768",
            "ticker": "KXHIGHNY-24NOV13-B46.5",
            "count": 61,
            "created_time": "2024-11-13T16:37:55.908976Z",
            "yes_price": 2,
            "no_price": 98,
            "taker_side": "no"
        },
        {
            "trade_id": "0306e7e0-dcff-4d58-a53a-cd2415df945f",
            "ticker": "KXHIGHNY-24NOV13-B46.5",
            "count": 63,
            "created_time": "2024-11-13T16:37:52.34387Z",
            "yes_price": 2,
            "no_price": 98,
            "taker_side": "no"
        },
        {
            "trade_id": "0e4b93c9-8f2a-4779-a191-22535bcc5fd8",
            "ticker": "KXHIGHNY-24NOV13-B46.5",
            "count": 61,
            "created_time": "2024-11-13T16:37:49.93597Z",
            "yes_price": 2,
            "no_price": 98,
            "taker_side": "no"
        },
        {
            "trade_id": "babde051-afd6-4aa9-9783-05b8dc48974a",
            "ticker": "KXHIGHNY-24NOV13-B46.5",
            "count": 63,
            "created_time": "2024-11-13T16:37:48.799531Z",
            "yes_price": 2,
            "no_price": 98,
            "taker_side": "no"
        },
        {
            "trade_id": "a7a2e3b8-4780-4aa4-ae3c-1b679de324fe",
            "ticker": "KXHIGHNY-24NOV13-B46.5",
            "count": 10,
            "created_time": "2024-11-13T16:35:21.684832Z",
            "yes_price": 4,
            "no_price": 96,
            "taker_side": "yes"
        },
        {
            "trade_id": "ab1834e3-3776-4f7e-b369-0648f722c42f",
            "ticker": "KXHIGHNY-24NOV13-B46.5",
            "count": 70,
            "created_time": "2024-11-13T16:35:03.465007Z",
            "yes_price": 4,
            "no_price": 96,
            "taker_side": "yes"
        },
        {
            "trade_id": "8f93cfde-9eb0-4ce8-8b1a-823f83198515",
            "ticker": "KXHIGHNY-24NOV13-B46.5",
            "count": 234,
            "created_time": "2024-11-13T16:24:30.57424Z",
            "yes_price": 4,
            "no_price": 96,
            "taker_side": "yes"
        },
        {
            "trade_id": "610b313f-f9f0-4bc2-98ad-81d930a18f87",
            "ticker": "KXHIGHNY-24NOV13-B46.5",
            "count": 117,
            "created_time": "2024-11-13T16:21:12.70512Z",
            "yes_price": 4,
            "no_price": 96,
            "taker_side": "yes"
        },
        {
            "trade_id": "e5af1b7e-d0b5-4806-bd93-3e8b94c105ab",
            "ticker": "KXHIGHNY-24NOV13-B46.5",
            "count": 300,
            "created_time": "2024-11-13T16:20:43.090114Z",
            "yes_price": 3,
            "no_price": 97,
            "taker_side": "yes"
        },
        {
            "trade_id": "54e85922-9027-48fb-b69a-7e0b476f27c4",
            "ticker": "KXHIGHNY-24NOV13-B46.5",
            "count": 8,
            "created_time": "2024-11-13T16:20:43.090114Z",
            "yes_price": 4,
            "no_price": 96,
            "taker_side": "yes"
        },
        {
            "trade_id": "c91161dc-b0b2-4401-9788-403131cb730a",
            "ticker": "KXHIGHNY-24NOV13-B46.5",
            "count": 99,
            "created_time": "2024-11-13T16:17:38.562599Z",
            "yes_price": 1,
            "no_price": 99,
            "taker_side": "no"
        },
        {
            "trade_id": "7b569d05-7397-4ba0-939d-ec4f62855a7c",
            "ticker": "KXHIGHNY-24NOV13-B46.5",
            "count": 23,
            "created_time": "2024-11-13T16:16:11.251788Z",
            "yes_price": 4,
            "no_price": 96,
            "taker_side": "yes"
        },
        {
            "trade_id": "a03d68bd-5c2b-40b7-9f9d-ddde49b90682",
            "ticker": "KXHIGHNY-24NOV13-B46.5",
            "count": 93,
            "created_time": "2024-11-13T16:12:30.226937Z",
            "yes_price": 4,
            "no_price": 96,
            "taker_side": "yes"
        },
        {
            "trade_id": "f14a22e2-fa1e-439b-95af-dc2fb9a111d5",
            "ticker": "KXHIGHNY-24NOV13-B46.5",
            "count": 334,
            "created_time": "2024-11-13T16:10:13.985125Z",
            "yes_price": 4,
            "no_price": 96,
            "taker_side": "yes"
        },
        {
            "trade_id": "dea21d54-21d0-4db1-8a8d-66c2dca34695",
            "ticker": "KXHIGHNY-24NOV13-B46.5",
            "count": 17,
            "created_time": "2024-11-13T16:10:13.985125Z",
            "yes_price": 4,
            "no_price": 96,
            "taker_side": "yes"
        },
        {
            "trade_id": "88993e85-01cb-48cb-9ce8-a49f55aa9859",
            "ticker": "KXHIGHNY-24NOV13-B46.5",
            "count": 15,
            "created_time": "2024-11-13T16:08:42.312489Z",
            "yes_price": 1,
            "no_price": 99,
            "taker_side": "no"
        },
        {
            "trade_id": "0d465610-c681-4c19-9707-caefd4f510a3",
            "ticker": "KXHIGHNY-24NOV13-B46.5",
            "count": 234,
            "created_time": "2024-11-13T16:03:07.222532Z",
            "yes_price": 4,
            "no_price": 96,
            "taker_side": "yes"
        },
        {
            "trade_id": "344cf4c6-c935-4fd9-8a06-398d920c3b00",
            "ticker": "KXHIGHNY-24NOV13-B46.5",
            "count": 16,
            "created_time": "2024-11-13T15:59:38.814198Z",
            "yes_price": 1,
            "no_price": 99,
            "taker_side": "no"
        },
        {
            "trade_id": "c98d1d1d-a351-4583-a7bf-638e507e2bed",
            "ticker": "KXHIGHNY-24NOV13-B46.5",
            "count": 34,
            "created_time": "2024-11-13T15:55:56.32885Z",
            "yes_price": 6,
            "no_price": 94,
            "taker_side": "yes"
        },
        {
            "trade_id": "8abe887c-c7d1-4e3e-9fa6-93ec3d3c8b90",
            "ticker": "KXHIGHNY-24NOV13-B46.5",
            "count": 132,
            "created_time": "2024-11-13T15:55:56.32885Z",
            "yes_price": 6,
            "no_price": 94,
            "taker_side": "yes"
        },
        {
            "trade_id": "47e42244-f166-49f2-803a-6b4d6054569c",
            "ticker": "KXHIGHNY-24NOV13-B46.5",
            "count": 81,
            "created_time": "2024-11-13T15:55:56.32885Z",
            "yes_price": 5,
            "no_price": 95,
            "taker_side": "yes"
        },
        {
            "trade_id": "a0fd0861-9e2e-4c42-897a-2ecd0c434b0d",
            "ticker": "KXHIGHNY-24NOV13-B46.5",
            "count": 9,
            "created_time": "2024-11-13T15:52:37.448204Z",
            "yes_price": 5,
            "no_price": 95,
            "taker_side": "yes"
        },
        {
            "trade_id": "cfca949f-fc31-498f-ac4f-20c0af3d2fc7",
            "ticker": "KXHIGHNY-24NOV13-B46.5",
            "count": 66,
            "created_time": "2024-11-13T15:51:45.193634Z",
            "yes_price": 6,
            "no_price": 94,
            "taker_side": "yes"
        },
        {
            "trade_id": "c2a8d68d-671b-44c1-92ee-5204f268e5ca",
            "ticker": "KXHIGHNY-24NOV13-B46.5",
            "count": 44,
            "created_time": "2024-11-13T15:51:45.193634Z",
            "yes_price": 5,
            "no_price": 95,
            "taker_side": "yes"
        },
        {
            "trade_id": "46865316-90c2-4a7b-bf0d-fb12531000cf",
            "ticker": "KXHIGHNY-24NOV13-B46.5",
            "count": 80,
            "created_time": "2024-11-13T15:51:45.193634Z",
            "yes_price": 4,
            "no_price": 96,
            "taker_side": "yes"
        },
        {
            "trade_id": "6571370f-0866-4cf8-905a-9a52ade2dbba",
            "ticker": "KXHIGHNY-24NOV13-B46.5",
            "count": 9,
            "created_time": "2024-11-13T15:48:40.686743Z",
            "yes_price": 5,
            "no_price": 95,
            "taker_side": "yes"
        },
        {
            "trade_id": "0d81b322-e5e7-4b1d-bf04-44ef79a66c59",
            "ticker": "KXHIGHNY-24NOV13-B46.5",
            "count": 100,
            "created_time": "2024-11-13T15:47:57.550004Z",
            "yes_price": 1,
            "no_price": 99,
            "taker_side": "no"
        },
        {
            "trade_id": "2797031c-f164-4a23-ab52-bb790260bf61",
            "ticker": "KXHIGHNY-24NOV13-B46.5",
            "count": 100,
            "created_time": "2024-11-13T15:47:57.523682Z",
            "yes_price": 1,
            "no_price": 99,
            "taker_side": "no"
        },
        {
            "trade_id": "26cbdab4-466e-4159-8e17-1978b6f1241b",
            "ticker": "KXHIGHNY-24NOV13-B46.5",
            "count": 34,
            "created_time": "2024-11-13T15:47:49.819285Z",
            "yes_price": 5,
            "no_price": 95,
            "taker_side": "yes"
        },
        {
            "trade_id": "a2efba0a-0415-496e-8eb3-5f6de49abccb",
            "ticker": "KXHIGHNY-24NOV13-B46.5",
            "count": 4,
            "created_time": "2024-11-13T15:47:29.204153Z",
            "yes_price": 1,
            "no_price": 99,
            "taker_side": "no"
        },
        {
            "trade_id": "104801bc-9ba7-40be-8f4a-18ff205ef401",
            "ticker": "KXHIGHNY-24NOV13-B46.5",
            "count": 10,
            "created_time": "2024-11-13T15:44:52.085799Z",
            "yes_price": 1,
            "no_price": 99,
            "taker_side": "no"
        },
        {
            "trade_id": "395b849b-d8a0-4ba3-8d89-aac540aee4e5",
            "ticker": "KXHIGHNY-24NOV13-B46.5",
            "count": 9,
            "created_time": "2024-11-13T15:36:19.455802Z",
            "yes_price": 1,
            "no_price": 99,
            "taker_side": "no"
        },
        {
            "trade_id": "cfeebd0e-4747-4d8b-a3ba-b37ffb368ae6",
            "ticker": "KXHIGHNY-24NOV13-B46.5",
            "count": 19,
            "created_time": "2024-11-13T15:36:07.740877Z",
            "yes_price": 1,
            "no_price": 99,
            "taker_side": "no"
        },
        {
            "trade_id": "da90d8b5-c336-4894-8878-505ca81053ae",
            "ticker": "KXHIGHNY-24NOV13-B46.5",
            "count": 5,
            "created_time": "2024-11-13T15:35:33.842855Z",
            "yes_price": 1,
            "no_price": 99,
            "taker_side": "no"
        },
        {
            "trade_id": "e39eaf92-39f4-4c26-9c05-b39c88fb02fb",
            "ticker": "KXHIGHNY-24NOV13-B46.5",
            "count": 68,
            "created_time": "2024-11-13T15:35:27.406446Z",
            "yes_price": 5,
            "no_price": 95,
            "taker_side": "yes"
        },
        {
            "trade_id": "454a8213-5e37-4141-9a08-41c99dc7e0c9",
            "ticker": "KXHIGHNY-24NOV13-B46.5",
            "count": 500,
            "created_time": "2024-11-13T15:35:27.406446Z",
            "yes_price": 4,
            "no_price": 96,
            "taker_side": "yes"
        },
        {
            "trade_id": "d8e5523d-f3c9-454a-a2bf-614e21c05968",
            "ticker": "KXHIGHNY-24NOV13-B46.5",
            "count": 19,
            "created_time": "2024-11-13T15:35:21.295168Z",
            "yes_price": 1,
            "no_price": 99,
            "taker_side": "no"
        },
        {
            "trade_id": "84c46b38-5628-4e11-8e8d-a50ede1fd0ac",
            "ticker": "KXHIGHNY-24NOV13-B46.5",
            "count": 50,
            "created_time": "2024-11-13T15:35:02.768088Z",
            "yes_price": 1,
            "no_price": 99,
            "taker_side": "no"
        },
        {
            "trade_id": "3eb513c8-53e0-4af7-8783-c9edb0a791a1",
            "ticker": "KXHIGHNY-24NOV13-B46.5",
            "count": 50,
            "created_time": "2024-11-13T15:34:54.929015Z",
            "yes_price": 1,
            "no_price": 99,
            "taker_side": "no"
        },
        {
            "trade_id": "df1d74a1-3951-4d3b-ab47-33f78f28a0d9",
            "ticker": "KXHIGHNY-24NOV13-B46.5",
            "count": 20,
            "created_time": "2024-11-13T15:32:19.151588Z",
            "yes_price": 1,
            "no_price": 99,
            "taker_side": "no"
        },
        {
            "trade_id": "a54e865e-50e2-4245-9c0a-7cb20c9dad98",
            "ticker": "KXHIGHNY-24NOV13-B46.5",
            "count": 15,
            "created_time": "2024-11-13T15:32:18.825483Z",
            "yes_price": 1,
            "no_price": 99,
            "taker_side": "no"
        },
        {
            "trade_id": "491f54d8-ab34-4cfd-9f6f-752a0e9d7529",
            "ticker": "KXHIGHNY-24NOV13-B46.5",
            "count": 21,
            "created_time": "2024-11-13T15:32:18.80374Z",
            "yes_price": 1,
            "no_price": 99,
            "taker_side": "no"
        },
        {
            "trade_id": "b097b2cb-0071-4f1a-ae9b-362c57136241",
            "ticker": "KXHIGHNY-24NOV13-B46.5",
            "count": 11,
            "created_time": "2024-11-13T15:31:57.99508Z",
            "yes_price": 1,
            "no_price": 99,
            "taker_side": "no"
        },
        {
            "trade_id": "bd51fd31-58b7-4d01-8897-a7dd9fc8a5f0",
            "ticker": "KXHIGHNY-24NOV13-B46.5",
            "count": 11,
            "created_time": "2024-11-13T15:31:22.40849Z",
            "yes_price": 1,
            "no_price": 99,
            "taker_side": "no"
        },
        {
            "trade_id": "10f02a40-b046-49b4-bb6b-56fd453269e6",
            "ticker": "KXHIGHNY-24NOV13-B46.5",
            "count": 10,
            "created_time": "2024-11-13T15:30:15.283266Z",
            "yes_price": 1,
            "no_price": 99,
            "taker_side": "no"
        },
        {
            "trade_id": "bd7ed0ed-4aa7-471e-81b9-af77cfed46d1",
            "ticker": "KXHIGHNY-24NOV13-B46.5",
            "count": 145,
            "created_time": "2024-11-13T15:30:06.073476Z",
            "yes_price": 1,
            "no_price": 99,
            "taker_side": "no"
        },
        {
            "trade_id": "42be3300-50d6-440c-82c5-37454e354f0a",
            "ticker": "KXHIGHNY-24NOV13-B46.5",
            "count": 1539,
            "created_time": "2024-11-13T15:29:37.516641Z",
            "yes_price": 2,
            "no_price": 98,
            "taker_side": "yes"
        },
        {
            "trade_id": "5debbbfe-5036-4692-9ad6-fec56d375a61",
            "ticker": "KXHIGHNY-24NOV13-B46.5",
            "count": 46,
            "created_time": "2024-11-13T15:26:09.961519Z",
            "yes_price": 2,
            "no_price": 98,
            "taker_side": "yes"
        },
        {
            "trade_id": "1b6becd1-0586-4124-ae60-fc2a5135075a",
            "ticker": "KXHIGHNY-24NOV13-B46.5",
            "count": 140,
            "created_time": "2024-11-13T15:22:04.527718Z",
            "yes_price": 2,
            "no_price": 98,
            "taker_side": "yes"
        },
        {
            "trade_id": "2a9de14b-391a-4ac2-ad33-6e290f95a1b8",
            "ticker": "KXHIGHNY-24NOV13-B46.5",
            "count": 400,
            "created_time": "2024-11-13T15:19:46.497624Z",
            "yes_price": 2,
            "no_price": 98,
            "taker_side": "yes"
        },
        {
            "trade_id": "2d7385d6-f375-4cb2-ac08-a8d7e70aca36",
            "ticker": "KXHIGHNY-24NOV13-B46.5",
            "count": 16,
            "created_time": "2024-11-13T15:12:52.084949Z",
            "yes_price": 1,
            "no_price": 99,
            "taker_side": "no"
        },
        {
            "trade_id": "7a0decef-5af0-4051-b008-85395758a58d",
            "ticker": "KXHIGHNY-24NOV13-B46.5",
            "count": 4,
            "created_time": "2024-11-13T15:12:34.638559Z",
            "yes_price": 1,
            "no_price": 99,
            "taker_side": "no"
        },
        {
            "trade_id": "abd2d74a-f558-4088-a438-3df5bfefddbf",
            "ticker": "KXHIGHNY-24NOV13-B46.5",
            "count": 5,
            "created_time": "2024-11-13T15:10:41.004689Z",
            "yes_price": 2,
            "no_price": 98,
            "taker_side": "yes"
        },
        {
            "trade_id": "d16d87a2-9047-4059-b55a-494f5d1ce870",
            "ticker": "KXHIGHNY-24NOV13-B46.5",
            "count": 81,
            "created_time": "2024-11-13T15:09:15.911614Z",
            "yes_price": 1,
            "no_price": 99,
            "taker_side": "no"
        },
        {
            "trade_id": "a3b64cde-3dc4-4d0d-aeb1-81260c7381a9",
            "ticker": "KXHIGHNY-24NOV13-B46.5",
            "count": 75,
            "created_time": "2024-11-13T15:09:15.911614Z",
            "yes_price": 1,
            "no_price": 99,
            "taker_side": "no"
        },
        {
            "trade_id": "15acc3c4-3cb0-4a84-9586-6af176fe8354",
            "ticker": "KXHIGHNY-24NOV13-B46.5",
            "count": 20,
            "created_time": "2024-11-13T15:09:15.911614Z",
            "yes_price": 1,
            "no_price": 99,
            "taker_side": "no"
        },
        {
            "trade_id": "bcf630d1-aa70-48e5-bcb9-bd340e5b4a9d",
            "ticker": "KXHIGHNY-24NOV13-B46.5",
            "count": 4,
            "created_time": "2024-11-13T15:08:55.406048Z",
            "yes_price": 1,
            "no_price": 99,
            "taker_side": "no"
        },
        {
            "trade_id": "280fcc58-2ded-429d-a234-f2ab7bc0f4b5",
            "ticker": "KXHIGHNY-24NOV13-B46.5",
            "count": 100,
            "created_time": "2024-11-13T15:08:20.347556Z",
            "yes_price": 2,
            "no_price": 98,
            "taker_side": "yes"
        },
        {
            "trade_id": "6141b7c2-8914-42cc-9247-1bcdda4daf2e",
            "ticker": "KXHIGHNY-24NOV13-B46.5",
            "count": 233,
            "created_time": "2024-11-13T15:06:45.473774Z",
            "yes_price": 2,
            "no_price": 98,
            "taker_side": "yes"
        },
        {
            "trade_id": "d1cfda68-b8fc-4f5b-b653-d32b8b0714f6",
            "ticker": "KXHIGHNY-24NOV13-B46.5",
            "count": 4,
            "created_time": "2024-11-13T15:05:04.017553Z",
            "yes_price": 1,
            "no_price": 99,
            "taker_side": "no"
        },
        {
            "trade_id": "849920a9-e8a7-471d-b95b-498040bc56b7",
            "ticker": "KXHIGHNY-24NOV13-B46.5",
            "count": 93,
            "created_time": "2024-11-13T15:04:26.40555Z",
            "yes_price": 2,
            "no_price": 98,
            "taker_side": "yes"
        },
        {
            "trade_id": "d026de11-fd7d-4e0a-91ed-66dbb105282b",
            "ticker": "KXHIGHNY-24NOV13-B46.5",
            "count": 24,
            "created_time": "2024-11-13T15:03:38.163652Z",
            "yes_price": 2,
            "no_price": 98,
            "taker_side": "yes"
        },
        {
            "trade_id": "2baf706b-059c-43a1-9b9c-a2e75cace606",
            "ticker": "KXHIGHNY-24NOV13-B46.5",
            "count": 209,
            "created_time": "2024-11-13T15:03:38.163652Z",
            "yes_price": 2,
            "no_price": 98,
            "taker_side": "yes"
        },
        {
            "trade_id": "6eead9c9-8535-4bb1-a562-c7fa15fce896",
            "ticker": "KXHIGHNY-24NOV13-B46.5",
            "count": 618,
            "created_time": "2024-11-13T14:57:37.346847Z",
            "yes_price": 2,
            "no_price": 98,
            "taker_side": "yes"
        },
        {
            "trade_id": "c9cc62e0-716b-4ac9-874c-cef49f84aed0",
            "ticker": "KXHIGHNY-24NOV13-B46.5",
            "count": 750,
            "created_time": "2024-11-13T14:52:44.128884Z",
            "yes_price": 2,
            "no_price": 98,
            "taker_side": "no"
        },
        {
            "trade_id": "26344b3b-44c6-4d4f-af7d-35c55b35cbf4",
            "ticker": "KXHIGHNY-24NOV13-B46.5",
            "count": 1,
            "created_time": "2024-11-13T14:50:59.239461Z",
            "yes_price": 1,
            "no_price": 99,
            "taker_side": "no"
        },
        {
            "trade_id": "b6f428ed-b95b-4cf5-864c-0bd14f72647c",
            "ticker": "KXHIGHNY-24NOV13-B46.5",
            "count": 65,
            "created_time": "2024-11-13T14:48:14.177596Z",
            "yes_price": 2,
            "no_price": 98,
            "taker_side": "no"
        },
        {
            "trade_id": "eefc361a-0b94-4832-adb7-4e3270cd52e2",
            "ticker": "KXHIGHNY-24NOV13-B46.5",
            "count": 1,
            "created_time": "2024-11-13T14:48:06.154538Z",
            "yes_price": 4,
            "no_price": 96,
            "taker_side": "yes"
        },
        {
            "trade_id": "57e933b4-60c1-4229-b218-683baa45fe27",
            "ticker": "KXHIGHNY-24NOV13-B46.5",
            "count": 234,
            "created_time": "2024-11-13T14:47:04.789214Z",
            "yes_price": 4,
            "no_price": 96,
            "taker_side": "yes"
        },
        {
            "trade_id": "a308a6a8-1eee-4577-9749-ac25e38c8129",
            "ticker": "KXHIGHNY-24NOV13-B46.5",
            "count": 1,
            "created_time": "2024-11-13T14:42:36.656594Z",
            "yes_price": 5,
            "no_price": 95,
            "taker_side": "yes"
        },
        {
            "trade_id": "412c777e-69dd-429e-815c-9e6b77da2224",
            "ticker": "KXHIGHNY-24NOV13-B46.5",
            "count": 22,
            "created_time": "2024-11-13T14:42:36.656594Z",
            "yes_price": 4,
            "no_price": 96,
            "taker_side": "yes"
        },
        {
            "trade_id": "675978b3-a1d5-4b75-b8a7-2d0fb67de943",
            "ticker": "KXHIGHNY-24NOV13-B46.5",
            "count": 69,
            "created_time": "2024-11-13T14:42:18.303208Z",
            "yes_price": 3,
            "no_price": 97,
            "taker_side": "yes"
        },
        {
            "trade_id": "1017c839-177b-47f5-8863-4ed520faf672",
            "ticker": "KXHIGHNY-24NOV13-B46.5",
            "count": 65,
            "created_time": "2024-11-13T14:42:18.303208Z",
            "yes_price": 4,
            "no_price": 96,
            "taker_side": "yes"
        },
        {
            "trade_id": "6bd97da9-b9bd-488e-bfe9-cb635761a221",
            "ticker": "KXHIGHNY-24NOV13-B46.5",
            "count": 31,
            "created_time": "2024-11-13T14:41:17.865625Z",
            "yes_price": 3,
            "no_price": 97,
            "taker_side": "yes"
        },
        {
            "trade_id": "a4fb411e-11a9-425d-9d34-7f34a280b7a7",
            "ticker": "KXHIGHNY-24NOV13-B46.5",
            "count": 100,
            "created_time": "2024-11-13T14:40:33.017035Z",
            "yes_price": 1,
            "no_price": 99,
            "taker_side": "no"
        },
        {
            "trade_id": "9f97abaa-4be1-4f16-a097-ed5d031c0c48",
            "ticker": "KXHIGHNY-24NOV13-B46.5",
            "count": 13,
            "created_time": "2024-11-13T14:40:33.017035Z",
            "yes_price": 1,
            "no_price": 99,
            "taker_side": "no"
        },
        {
            "trade_id": "296790d3-e3fc-473b-858d-fc79815107d3",
            "ticker": "KXHIGHNY-24NOV13-B46.5",
            "count": 10,
            "created_time": "2024-11-13T14:40:33.017035Z",
            "yes_price": 1,
            "no_price": 99,
            "taker_side": "no"
        },
        {
            "trade_id": "b39d2781-659e-4c0d-a53d-de2903dd96f7",
            "ticker": "KXHIGHNY-24NOV13-B46.5",
            "count": 16,
            "created_time": "2024-11-13T14:40:32.992365Z",
            "yes_price": 2,
            "no_price": 98,
            "taker_side": "no"
        },
        {
            "trade_id": "37638741-167d-41cf-969e-98abe30c1bb6",
            "ticker": "KXHIGHNY-24NOV13-B46.5",
            "count": 72,
            "created_time": "2024-11-13T14:40:32.992365Z",
            "yes_price": 2,
            "no_price": 98,
            "taker_side": "no"
        },
        {
            "trade_id": "4ddbb011-ec55-4276-8d38-d157ee365a5e",
            "ticker": "KXHIGHNY-24NOV13-B46.5",
            "count": 1,
            "created_time": "2024-11-13T14:40:19.16566Z",
            "yes_price": 2,
            "no_price": 98,
            "taker_side": "no"
        },
        {
            "trade_id": "770f255b-91af-4cfe-a138-47897dac01c7",
            "ticker": "KXHIGHNY-24NOV13-B46.5",
            "count": 1,
            "created_time": "2024-11-13T14:35:22.068864Z",
            "yes_price": 2,
            "no_price": 98,
            "taker_side": "no"
        },
        {
            "trade_id": "4ecae8c5-e7f0-47d9-bcde-c37e148f0b33",
            "ticker": "KXHIGHNY-24NOV13-B46.5",
            "count": 1,
            "created_time": "2024-11-13T14:35:21.844103Z",
            "yes_price": 2,
            "no_price": 98,
            "taker_side": "no"
        },
        {
            "trade_id": "ca8f34d5-e38a-4c3f-bd02-3c9d105bb118",
            "ticker": "KXHIGHNY-24NOV13-B46.5",
            "count": 23,
            "created_time": "2024-11-13T14:34:05.134738Z",
            "yes_price": 4,
            "no_price": 96,
            "taker_side": "yes"
        },
        {
            "trade_id": "f1df6778-f530-45fe-aa0c-365b391ff3bd",
            "ticker": "KXHIGHNY-24NOV13-B46.5",
            "count": 81,
            "created_time": "2024-11-13T14:29:18.811144Z",
            "yes_price": 2,
            "no_price": 98,
            "taker_side": "no"
        },
        {
            "trade_id": "1cfbf3b0-83e0-4486-b0c9-9f4d568cd0b9",
            "ticker": "KXHIGHNY-24NOV13-B46.5",
            "count": 4,
            "created_time": "2024-11-13T14:29:18.811144Z",
            "yes_price": 2,
            "no_price": 98,
            "taker_side": "no"
        },
        {
            "trade_id": "c241a451-771b-4920-a627-6d9e19c98499",
            "ticker": "KXHIGHNY-24NOV13-B46.5",
            "count": 20,
            "created_time": "2024-11-13T14:23:59.610421Z",
            "yes_price": 2,
            "no_price": 98,
            "taker_side": "no"
        },
        {
            "trade_id": "cd0d4221-a01b-4b79-a7e5-6cf748e90531",
            "ticker": "KXHIGHNY-24NOV13-B46.5",
            "count": 99,
            "created_time": "2024-11-13T14:22:45.342254Z",
            "yes_price": 2,
            "no_price": 98,
            "taker_side": "no"
        },
        {
            "trade_id": "474f084c-446e-4249-bacc-a080711e15b4",
            "ticker": "KXHIGHNY-24NOV13-B46.5",
            "count": 2,
            "created_time": "2024-11-13T14:22:45.342254Z",
            "yes_price": 3,
            "no_price": 97,
            "taker_side": "no"
        },
        {
            "trade_id": "c15c28e3-eb50-4f7f-b799-df0e87d96516",
            "ticker": "KXHIGHNY-24NOV13-B46.5",
            "count": 10,
            "created_time": "2024-11-13T14:20:59.188705Z",
            "yes_price": 5,
            "no_price": 95,
            "taker_side": "yes"
        },
        {
            "trade_id": "0fca7400-6c47-4450-addc-0ea8c589e44f",
            "ticker": "KXHIGHNY-24NOV13-B46.5",
            "count": 9,
            "created_time": "2024-11-13T14:20:19.373189Z",
            "yes_price": 5,
            "no_price": 95,
            "taker_side": "yes"
        },
        {
            "trade_id": "e6b90b6e-a6ac-4ad6-8e6c-d1d0e02bf3a6",
            "ticker": "KXHIGHNY-24NOV13-B46.5",
            "count": 100,
            "created_time": "2024-11-13T14:19:52.548601Z",
            "yes_price": 5,
            "no_price": 95,
            "taker_side": "yes"
        },
        {
            "trade_id": "d3fff86d-d137-4a76-8caa-8433feb3a60e",
            "ticker": "KXHIGHNY-24NOV13-B46.5",
            "count": 200,
            "created_time": "2024-11-13T14:19:52.548601Z",
            "yes_price": 5,
            "no_price": 95,
            "taker_side": "yes"
        },
        {
            "trade_id": "d2b66192-5d51-404b-b23b-d989545158f0",
            "ticker": "KXHIGHNY-24NOV13-B46.5",
            "count": 25,
            "created_time": "2024-11-13T14:19:52.548601Z",
            "yes_price": 5,
            "no_price": 95,
            "taker_side": "yes"
        },
        {
            "trade_id": "39bff94f-c7d6-48dc-9d08-44e1f10226ee",
            "ticker": "KXHIGHNY-24NOV13-B46.5",
            "count": 175,
            "created_time": "2024-11-13T14:19:52.548601Z",
            "yes_price": 5,
            "no_price": 95,
            "taker_side": "yes"
        },
        {
            "trade_id": "840bfcb8-507e-4533-9d91-99f841af7fb2",
            "ticker": "KXHIGHNY-24NOV13-B46.5",
            "count": 75,
            "created_time": "2024-11-13T14:18:36.154832Z",
            "yes_price": 5,
            "no_price": 95,
            "taker_side": "yes"
        },
        {
            "trade_id": "e65ef0f7-99f5-40da-ad09-6f6eed4594b7",
            "ticker": "KXHIGHNY-24NOV13-B46.5",
            "count": 16,
            "created_time": "2024-11-13T14:06:45.358436Z",
            "yes_price": 3,
            "no_price": 97,
            "taker_side": "no"
        },
        {
            "trade_id": "67b356da-9979-46ac-af32-782aef0252fe",
            "ticker": "KXHIGHNY-24NOV13-B46.5",
            "count": 7,
            "created_time": "2024-11-13T14:04:26.458454Z",
            "yes_price": 2,
            "no_price": 98,
            "taker_side": "no"
        },
        {
            "trade_id": "2e914854-6571-4bff-b81e-64ec7ef4ca73",
            "ticker": "KXHIGHNY-24NOV13-B46.5",
            "count": 93,
            "created_time": "2024-11-13T14:04:26.458454Z",
            "yes_price": 2,
            "no_price": 98,
            "taker_side": "no"
        },
        {
            "trade_id": "c4c97827-e4b9-4219-bd38-44c9731a2b99",
            "ticker": "KXHIGHNY-24NOV13-B46.5",
            "count": 17,
            "created_time": "2024-11-13T14:04:21.666847Z",
            "yes_price": 3,
            "no_price": 97,
            "taker_side": "no"
        },
        {
            "trade_id": "989907bd-172f-40b5-b94b-ae5f74af8b03",
            "ticker": "KXHIGHNY-24NOV13-B46.5",
            "count": 10,
            "created_time": "2024-11-13T14:02:12.702187Z",
            "yes_price": 5,
            "no_price": 95,
            "taker_side": "yes"
        },
        {
            "trade_id": "a258fb8e-d2b3-4b22-853d-73b683879a6f",
            "ticker": "KXHIGHNY-24NOV13-B46.5",
            "count": 30,
            "created_time": "2024-11-13T14:00:24.911097Z",
            "yes_price": 2,
            "no_price": 98,
            "taker_side": "no"
        },
        {
            "trade_id": "56ee24da-e348-4cc0-b57d-f6bd511aba93",
            "ticker": "KXHIGHNY-24NOV13-B46.5",
            "count": 70,
            "created_time": "2024-11-13T14:00:19.336322Z",
            "yes_price": 2,
            "no_price": 98,
            "taker_side": "no"
        },
        {
            "trade_id": "47364640-7aa1-4863-9ef1-a9efbf4e61e8",
            "ticker": "KXHIGHNY-24NOV13-B46.5",
            "count": 237,
            "created_time": "2024-11-13T13:58:33.695483Z",
            "yes_price": 4,
            "no_price": 96,
            "taker_side": "yes"
        },
        {
            "trade_id": "9008e3a6-d9c9-4a2d-a5f1-c8d81d899011",
            "ticker": "KXHIGHNY-24NOV13-B46.5",
            "count": 13,
            "created_time": "2024-11-13T13:55:26.16831Z",
            "yes_price": 2,
            "no_price": 98,
            "taker_side": "no"
        },
        {
            "trade_id": "49513ae8-6e79-4452-80cd-0c63c293da4d",
            "ticker": "KXHIGHNY-24NOV13-B46.5",
            "count": 87,
            "created_time": "2024-11-13T13:54:56.740218Z",
            "yes_price": 3,
            "no_price": 97,
            "taker_side": "no"
        },
        {
            "trade_id": "7c8264cf-76b3-412f-83eb-f28b95739e73",
            "ticker": "KXHIGHNY-24NOV13-B46.5",
            "count": 13,
            "created_time": "2024-11-13T13:53:52.174288Z",
            "yes_price": 3,
            "no_price": 97,
            "taker_side": "no"
        },
        {
            "trade_id": "0c324b40-68a7-44f2-ac10-131da8e124ed",
            "ticker": "KXHIGHNY-24NOV13-B46.5",
            "count": 24,
            "created_time": "2024-11-13T13:53:52.174288Z",
            "yes_price": 3,
            "no_price": 97,
            "taker_side": "no"
        },
        {
            "trade_id": "80c98eaf-b5d6-434f-ba1b-14dc962f185c",
            "ticker": "KXHIGHNY-24NOV13-B46.5",
            "count": 5,
            "created_time": "2024-11-13T13:48:04.159495Z",
            "yes_price": 3,
            "no_price": 97,
            "taker_side": "no"
        },
        {
            "trade_id": "23b3bb4e-13db-4e83-a9e9-5f673e6c5037",
            "ticker": "KXHIGHNY-24NOV13-B46.5",
            "count": 3,
            "created_time": "2024-11-13T13:47:36.805653Z",
            "yes_price": 3,
            "no_price": 97,
            "taker_side": "no"
        },
        {
            "trade_id": "14981923-b306-471b-9fb7-6ff9dc6f4550",
            "ticker": "KXHIGHNY-24NOV13-B46.5",
            "count": 1,
            "created_time": "2024-11-13T13:45:42.116454Z",
            "yes_price": 3,
            "no_price": 97,
            "taker_side": "no"
        },
        {
            "trade_id": "835e8782-395a-46a8-9c30-5eed21f2e3db",
            "ticker": "KXHIGHNY-24NOV13-B46.5",
            "count": 100,
            "created_time": "2024-11-13T13:43:54.824445Z",
            "yes_price": 4,
            "no_price": 96,
            "taker_side": "yes"
        },
        {
            "trade_id": "ce033116-3cc6-413b-a24d-273155e1afab",
            "ticker": "KXHIGHNY-24NOV13-B46.5",
            "count": 25,
            "created_time": "2024-11-13T13:41:27.862034Z",
            "yes_price": 3,
            "no_price": 97,
            "taker_side": "no"
        },
        {
            "trade_id": "f00df032-4ad5-4e99-8571-befc609bbd7e",
            "ticker": "KXHIGHNY-24NOV13-B46.5",
            "count": 203,
            "created_time": "2024-11-13T13:37:30.696795Z",
            "yes_price": 4,
            "no_price": 96,
            "taker_side": "no"
        },
        {
            "trade_id": "9d0a932c-f9f9-4f40-8ae4-fce5cb324226",
            "ticker": "KXHIGHNY-24NOV13-B46.5",
            "count": 67,
            "created_time": "2024-11-13T13:36:53.445834Z",
            "yes_price": 7,
            "no_price": 93,
            "taker_side": "yes"
        },
        {
            "trade_id": "81c09cab-35fe-444c-8dab-ec5caa973ba6",
            "ticker": "KXHIGHNY-24NOV13-B46.5",
            "count": 325,
            "created_time": "2024-11-13T13:36:19.37028Z",
            "yes_price": 4,
            "no_price": 96,
            "taker_side": "no"
        },
        {
            "trade_id": "632d7a5a-88e2-49df-83f4-8870c28dad79",
            "ticker": "KXHIGHNY-24NOV13-B46.5",
            "count": 50,
            "created_time": "2024-11-13T13:31:50.567675Z",
            "yes_price": 6,
            "no_price": 94,
            "taker_side": "yes"
        },
        {
            "trade_id": "979a010d-268e-4ec5-a5df-ef2a986a4e14",
            "ticker": "KXHIGHNY-24NOV13-B46.5",
            "count": 472,
            "created_time": "2024-11-13T13:31:08.591265Z",
            "yes_price": 4,
            "no_price": 96,
            "taker_side": "yes"
        },
        {
            "trade_id": "64f2a75f-5160-4bcf-ba67-d88c9ea73401",
            "ticker": "KXHIGHNY-24NOV13-B46.5",
            "count": 2342,
            "created_time": "2024-11-13T13:23:10.289759Z",
            "yes_price": 4,
            "no_price": 96,
            "taker_side": "yes"
        },
        {
            "trade_id": "5bde79ac-9f20-4ea9-8e3d-ccb02f8718eb",
            "ticker": "KXHIGHNY-24NOV13-B46.5",
            "count": 91,
            "created_time": "2024-11-13T13:21:44.119016Z",
            "yes_price": 3,
            "no_price": 97,
            "taker_side": "no"
        },
        {
            "trade_id": "3710b795-6247-447d-b632-8e5c90798b52",
            "ticker": "KXHIGHNY-24NOV13-B46.5",
            "count": 100,
            "created_time": "2024-11-13T13:21:44.119016Z",
            "yes_price": 3,
            "no_price": 97,
            "taker_side": "no"
        },
        {
            "trade_id": "04ac4623-f7ad-4900-8ce0-47b5a3988fc3",
            "ticker": "KXHIGHNY-24NOV13-B46.5",
            "count": 8,
            "created_time": "2024-11-13T13:21:44.119016Z",
            "yes_price": 3,
            "no_price": 97,
            "taker_side": "no"
        },
        {
            "trade_id": "369f984b-e9e7-4f45-92bd-ba559e2bd9a1",
            "ticker": "KXHIGHNY-24NOV13-B46.5",
            "count": 109,
            "created_time": "2024-11-13T13:21:27.733711Z",
            "yes_price": 4,
            "no_price": 96,
            "taker_side": "no"
        },
        {
            "trade_id": "22ebb934-650b-4ed5-b6d9-39fb86a4ff95",
            "ticker": "KXHIGHNY-24NOV13-B46.5",
            "count": 131,
            "created_time": "2024-11-13T13:21:27.492004Z",
            "yes_price": 4,
            "no_price": 96,
            "taker_side": "no"
        },
        {
            "trade_id": "cefad6c6-a8ad-4139-a1e1-e0ae92260f35",
            "ticker": "KXHIGHNY-24NOV13-B46.5",
            "count": 134,
            "created_time": "2024-11-13T13:21:02.676506Z",
            "yes_price": 5,
            "no_price": 95,
            "taker_side": "yes"
        },
        {
            "trade_id": "001e89b3-66f6-4a51-85f9-3161e7523057",
            "ticker": "KXHIGHNY-24NOV13-B46.5",
            "count": 52,
            "created_time": "2024-11-13T13:20:48.567498Z",
            "yes_price": 5,
            "no_price": 95,
            "taker_side": "no"
        },
        {
            "trade_id": "e9aa351f-e447-4038-85c6-9c72b345f9bb",
            "ticker": "KXHIGHNY-24NOV13-B46.5",
            "count": 17,
            "created_time": "2024-11-13T13:20:38.800802Z",
            "yes_price": 5,
            "no_price": 95,
            "taker_side": "no"
        },
        {
            "trade_id": "ba6d215e-7f51-4731-97a1-bd785975cb81",
            "ticker": "KXHIGHNY-24NOV13-B46.5",
            "count": 31,
            "created_time": "2024-11-13T13:20:37.426113Z",
            "yes_price": 5,
            "no_price": 95,
            "taker_side": "no"
        },
        {
            "trade_id": "532df57c-d38d-46fc-b9ad-82037556e974",
            "ticker": "KXHIGHNY-24NOV13-B46.5",
            "count": 17,
            "created_time": "2024-11-13T13:20:08.066837Z",
            "yes_price": 3,
            "no_price": 97,
            "taker_side": "no"
        },
        {
            "trade_id": "250b82b1-82d3-44b0-a77e-4cdd712d1983",
            "ticker": "KXHIGHNY-24NOV13-B46.5",
            "count": 23,
            "created_time": "2024-11-13T13:19:36.013534Z",
            "yes_price": 3,
            "no_price": 97,
            "taker_side": "no"
        },
        {
            "trade_id": "c27efb75-4865-4092-ab71-54af8df7debf",
            "ticker": "KXHIGHNY-24NOV13-B46.5",
            "count": 58,
            "created_time": "2024-11-13T13:18:52.157724Z",
            "yes_price": 3,
            "no_price": 97,
            "taker_side": "no"
        },
        {
            "trade_id": "39d522b9-4039-4afa-b1f5-20fd22b06add",
            "ticker": "KXHIGHNY-24NOV13-B46.5",
            "count": 58,
            "created_time": "2024-11-13T13:17:34.793692Z",
            "yes_price": 3,
            "no_price": 97,
            "taker_side": "no"
        },
        {
            "trade_id": "0b3ecaf2-c681-40d4-b366-df333c25602c",
            "ticker": "KXHIGHNY-24NOV13-B46.5",
            "count": 58,
            "created_time": "2024-11-13T13:16:19.203436Z",
            "yes_price": 8,
            "no_price": 92,
            "taker_side": "yes"
        },
        {
            "trade_id": "8ae5e5e5-df9f-48cf-ac5a-7c5c34c5b469",
            "ticker": "KXHIGHNY-24NOV13-B46.5",
            "count": 30,
            "created_time": "2024-11-13T13:16:15.804087Z",
            "yes_price": 3,
            "no_price": 97,
            "taker_side": "no"
        },
        {
            "trade_id": "4f98626f-b36d-433f-b46c-decec2b93ad3",
            "ticker": "KXHIGHNY-24NOV13-B46.5",
            "count": 20,
            "created_time": "2024-11-13T13:16:06.398668Z",
            "yes_price": 5,
            "no_price": 95,
            "taker_side": "no"
        },
        {
            "trade_id": "2cbc9029-5dad-4790-a1b1-8edc8a7074d5",
            "ticker": "KXHIGHNY-24NOV13-B46.5",
            "count": 29,
            "created_time": "2024-11-13T13:16:06.398668Z",
            "yes_price": 3,
            "no_price": 97,
            "taker_side": "no"
        },
        {
            "trade_id": "fda457f5-93b5-41de-8570-28169e194ce2",
            "ticker": "KXHIGHNY-24NOV13-B46.5",
            "count": 10,
            "created_time": "2024-11-13T13:11:00.101429Z",
            "yes_price": 7,
            "no_price": 93,
            "taker_side": "no"
        },
        {
            "trade_id": "57356993-4121-47d3-a770-67f9ca35ce29",
            "ticker": "KXHIGHNY-24NOV13-B46.5",
            "count": 10,
            "created_time": "2024-11-13T13:11:00.049676Z",
            "yes_price": 7,
            "no_price": 93,
            "taker_side": "no"
        },
        {
            "trade_id": "8a8a44de-388a-4b80-ae9b-9a2a69443b29",
            "ticker": "KXHIGHNY-24NOV13-B46.5",
            "count": 45,
            "created_time": "2024-11-13T13:10:59.350537Z",
            "yes_price": 7,
            "no_price": 93,
            "taker_side": "no"
        },
        {
            "trade_id": "7a97b011-7d19-488e-9a41-1a59f3309cd0",
            "ticker": "KXHIGHNY-24NOV13-B46.5",
            "count": 10,
            "created_time": "2024-11-13T13:10:59.332505Z",
            "yes_price": 7,
            "no_price": 93,
            "taker_side": "no"
        },
        {
            "trade_id": "68b34382-36d0-4c98-b8a1-ff428a4ca566",
            "ticker": "KXHIGHNY-24NOV13-B46.5",
            "count": 35,
            "created_time": "2024-11-13T13:10:59.332505Z",
            "yes_price": 7,
            "no_price": 93,
            "taker_side": "no"
        },
        {
            "trade_id": "a28db706-c27f-4f85-878f-bbe8a28b006f",
            "ticker": "KXHIGHNY-24NOV13-B46.5",
            "count": 45,
            "created_time": "2024-11-13T13:10:59.304834Z",
            "yes_price": 7,
            "no_price": 93,
            "taker_side": "no"
        },
        {
            "trade_id": "582d854a-1124-4573-9f52-a2a4712e4614",
            "ticker": "KXHIGHNY-24NOV13-B46.5",
            "count": 23,
            "created_time": "2024-11-13T13:06:36.737575Z",
            "yes_price": 7,
            "no_price": 93,
            "taker_side": "no"
        },
        {
            "trade_id": "09e7d064-0d55-4fc5-a29a-d63ab43a9b42",
            "ticker": "KXHIGHNY-24NOV13-B46.5",
            "count": 20,
            "created_time": "2024-11-13T13:06:24.247867Z",
            "yes_price": 9,
            "no_price": 91,
            "taker_side": "yes"
        },
        {
            "trade_id": "e457f38d-c29e-4e5d-8828-c382c7e87d72",
            "ticker": "KXHIGHNY-24NOV13-B46.5",
            "count": 5,
            "created_time": "2024-11-13T13:04:41.244947Z",
            "yes_price": 9,
            "no_price": 91,
            "taker_side": "yes"
        },
        {
            "trade_id": "29231db3-17e4-437f-87dc-7e3cf405695a",
            "ticker": "KXHIGHNY-24NOV13-B46.5",
            "count": 5,
            "created_time": "2024-11-13T13:03:55.299615Z",
            "yes_price": 5,
            "no_price": 95,
            "taker_side": "no"
        },
        {
            "trade_id": "02f1a648-c8e6-4d01-b73d-8ae6818a4bcd",
            "ticker": "KXHIGHNY-24NOV13-B46.5",
            "count": 145,
            "created_time": "2024-11-13T13:03:55.299615Z",
            "yes_price": 3,
            "no_price": 97,
            "taker_side": "no"
        },
        {
            "trade_id": "e4a2d359-3577-4814-9ecf-6b6b1475afa3",
            "ticker": "KXHIGHNY-24NOV13-B46.5",
            "count": 218,
            "created_time": "2024-11-13T13:02:20.830493Z",
            "yes_price": 3,
            "no_price": 97,
            "taker_side": "no"
        },
        {
            "trade_id": "5c748936-c622-483b-88c7-49ea83d0dac6",
            "ticker": "KXHIGHNY-24NOV13-B46.5",
            "count": 32,
            "created_time": "2024-11-13T13:01:56.715241Z",
            "yes_price": 5,
            "no_price": 95,
            "taker_side": "no"
        },
        {
            "trade_id": "6df93ca1-1ba4-4094-8974-18330f613d1d",
            "ticker": "KXHIGHNY-24NOV13-B46.5",
            "count": 67,
            "created_time": "2024-11-13T13:00:54.693597Z",
            "yes_price": 5,
            "no_price": 95,
            "taker_side": "no"
        },
        {
            "trade_id": "fd10f5cf-b0c4-4ee9-83fa-755f097d2b24",
            "ticker": "KXHIGHNY-24NOV13-B46.5",
            "count": 20,
            "created_time": "2024-11-13T13:00:49.760924Z",
            "yes_price": 5,
            "no_price": 95,
            "taker_side": "no"
        },
        {
            "trade_id": "fba662f3-b4d9-4438-ac00-6fe8a24d2f4e",
            "ticker": "KXHIGHNY-24NOV13-B46.5",
            "count": 178,
            "created_time": "2024-11-13T13:00:49.434798Z",
            "yes_price": 5,
            "no_price": 95,
            "taker_side": "no"
        },
        {
            "trade_id": "87a55f8a-f349-4adb-8814-c1548841ea3c",
            "ticker": "KXHIGHNY-24NOV13-B46.5",
            "count": 41,
            "created_time": "2024-11-13T13:00:49.41724Z",
            "yes_price": 5,
            "no_price": 95,
            "taker_side": "no"
        },
        {
            "trade_id": "3295e989-6202-4676-b99e-2d7ec5607d08",
            "ticker": "KXHIGHNY-24NOV13-B46.5",
            "count": 3,
            "created_time": "2024-11-13T13:00:49.41724Z",
            "yes_price": 5,
            "no_price": 95,
            "taker_side": "no"
        },
        {
            "trade_id": "be86fc9d-4896-43f5-81e5-aa0bdb9895f5",
            "ticker": "KXHIGHNY-24NOV13-B46.5",
            "count": 5,
            "created_time": "2024-11-13T13:00:48.386043Z",
            "yes_price": 9,
            "no_price": 91,
            "taker_side": "yes"
        },
        {
            "trade_id": "9ba5a547-0348-45dc-b029-d035e850253e",
            "ticker": "KXHIGHNY-24NOV13-B46.5",
            "count": 28,
            "created_time": "2024-11-13T07:45:42.551907Z",
            "yes_price": 7,
            "no_price": 93,
            "taker_side": "no"
        },
        {
            "trade_id": "af89eb70-d1ce-4c95-808e-6802e568c134",
            "ticker": "KXHIGHNY-24NOV13-B46.5",
            "count": 1,
            "created_time": "2024-11-13T07:43:56.174669Z",
            "yes_price": 7,
            "no_price": 93,
            "taker_side": "no"
        },
        {
            "trade_id": "1e422f7c-23a8-4952-bca5-38f1ec6c029d",
            "ticker": "KXHIGHNY-24NOV13-B46.5",
            "count": 47,
            "created_time": "2024-11-13T07:22:26.165603Z",
            "yes_price": 10,
            "no_price": 90,
            "taker_side": "yes"
        },
        {
            "trade_id": "f876d4f7-bc12-4583-8c48-ead7c3ea00e9",
            "ticker": "KXHIGHNY-24NOV13-B46.5",
            "count": 10,
            "created_time": "2024-11-13T07:19:06.470415Z",
            "yes_price": 9,
            "no_price": 91,
            "taker_side": "yes"
        },
        {
            "trade_id": "2d31c343-0b00-4023-a980-dbcb9a8155bf",
            "ticker": "KXHIGHNY-24NOV13-B46.5",
            "count": 40,
            "created_time": "2024-11-13T07:16:04.515211Z",
            "yes_price": 6,
            "no_price": 94,
            "taker_side": "no"
        },
        {
            "trade_id": "aab353f4-c413-4fc7-996e-42bc3a66efaa",
            "ticker": "KXHIGHNY-24NOV13-B46.5",
            "count": 22,
            "created_time": "2024-11-13T07:05:20.54283Z",
            "yes_price": 6,
            "no_price": 94,
            "taker_side": "yes"
        },
        {
            "trade_id": "7aea4fa6-b430-4b20-a37a-e5c25395f8ce",
            "ticker": "KXHIGHNY-24NOV13-B46.5",
            "count": 31,
            "created_time": "2024-11-13T07:05:03.92681Z",
            "yes_price": 6,
            "no_price": 94,
            "taker_side": "yes"
        },
        {
            "trade_id": "c68d22d4-4f62-4213-a9a7-4c13466f09fc",
            "ticker": "KXHIGHNY-24NOV13-B46.5",
            "count": 6,
            "created_time": "2024-11-13T07:00:35.121716Z",
            "yes_price": 8,
            "no_price": 92,
            "taker_side": "no"
        },
        {
            "trade_id": "7107e15f-a65a-4ef2-9d7a-641c738918e7",
            "ticker": "KXHIGHNY-24NOV13-B46.5",
            "count": 43,
            "created_time": "2024-11-13T06:52:42.363235Z",
            "yes_price": 8,
            "no_price": 92,
            "taker_side": "no"
        },
        {
            "trade_id": "2b289349-cf09-4f41-acd9-2e40d9aabfb8",
            "ticker": "KXHIGHNY-24NOV13-B46.5",
            "count": 1,
            "created_time": "2024-11-13T06:52:19.69377Z",
            "yes_price": 8,
            "no_price": 92,
            "taker_side": "no"
        },
        {
            "trade_id": "74525925-4239-4e20-99da-b37f0bf35c32",
            "ticker": "KXHIGHNY-24NOV13-B46.5",
            "count": 3,
            "created_time": "2024-11-13T06:51:07.952946Z",
            "yes_price": 5,
            "no_price": 95,
            "taker_side": "no"
        },
        {
            "trade_id": "79aca459-7c95-4718-baa2-9acd6985e1fe",
            "ticker": "KXHIGHNY-24NOV13-B46.5",
            "count": 9,
            "created_time": "2024-11-13T06:47:37.0254Z",
            "yes_price": 4,
            "no_price": 96,
            "taker_side": "no"
        },
        {
            "trade_id": "98f92ed4-8770-4f99-a922-49dd7d6d5fcb",
            "ticker": "KXHIGHNY-24NOV13-B46.5",
            "count": 1,
            "created_time": "2024-11-13T06:32:31.504274Z",
            "yes_price": 6,
            "no_price": 94,
            "taker_side": "no"
        },
        {
            "trade_id": "45eb5d9a-a03e-4a40-92bd-6c16437762b6",
            "ticker": "KXHIGHNY-24NOV13-B46.5",
            "count": 3,
            "created_time": "2024-11-13T06:32:08.183154Z",
            "yes_price": 6,
            "no_price": 94,
            "taker_side": "no"
        },
        {
            "trade_id": "fa6aef54-1412-49e0-b714-3a000c0acb7f",
            "ticker": "KXHIGHNY-24NOV13-B46.5",
            "count": 9,
            "created_time": "2024-11-13T06:31:27.269791Z",
            "yes_price": 10,
            "no_price": 90,
            "taker_side": "yes"
        },
        {
            "trade_id": "9c5f2310-c5d0-4c87-844d-0cc3e6562535",
            "ticker": "KXHIGHNY-24NOV13-B46.5",
            "count": 44,
            "created_time": "2024-11-13T06:31:09.874783Z",
            "yes_price": 6,
            "no_price": 94,
            "taker_side": "yes"
        },
        {
            "trade_id": "88ffc0f5-9c8a-4a2e-a8e3-9b18feed67e4",
            "ticker": "KXHIGHNY-24NOV13-B46.5",
            "count": 15,
            "created_time": "2024-11-13T06:31:08.04493Z",
            "yes_price": 6,
            "no_price": 94,
            "taker_side": "yes"
        },
        {
            "trade_id": "13b55716-57cb-4b4d-9fa2-cf8a02e06012",
            "ticker": "KXHIGHNY-24NOV13-B46.5",
            "count": 1,
            "created_time": "2024-11-13T06:27:32.052983Z",
            "yes_price": 5,
            "no_price": 95,
            "taker_side": "no"
        },
        {
            "trade_id": "912efb45-6a4b-405f-b280-2b2cfe6ae80b",
            "ticker": "KXHIGHNY-24NOV13-B46.5",
            "count": 3,
            "created_time": "2024-11-13T06:26:11.487571Z",
            "yes_price": 5,
            "no_price": 95,
            "taker_side": "no"
        },
        {
            "trade_id": "ae0f4c6d-8ce8-4ce7-a739-7c8a7f6d1620",
            "ticker": "KXHIGHNY-24NOV13-B46.5",
            "count": 55,
            "created_time": "2024-11-13T06:25:49.945826Z",
            "yes_price": 5,
            "no_price": 95,
            "taker_side": "no"
        },
        {
            "trade_id": "977636bc-cc04-4b65-bcfa-bd6c77d53494",
            "ticker": "KXHIGHNY-24NOV13-B46.5",
            "count": 19,
            "created_time": "2024-11-13T06:25:20.12603Z",
            "yes_price": 8,
            "no_price": 92,
            "taker_side": "yes"
        },
        {
            "trade_id": "b791b9b2-7bd9-4d0a-ae5d-656ac9058170",
            "ticker": "KXHIGHNY-24NOV13-B46.5",
            "count": 21,
            "created_time": "2024-11-13T06:21:38.205431Z",
            "yes_price": 4,
            "no_price": 96,
            "taker_side": "no"
        },
        {
            "trade_id": "a4d9d826-160d-431f-b7f4-6305b5ffc082",
            "ticker": "KXHIGHNY-24NOV13-B46.5",
            "count": 100,
            "created_time": "2024-11-13T06:20:28.480173Z",
            "yes_price": 4,
            "no_price": 96,
            "taker_side": "no"
        },
        {
            "trade_id": "73814a73-4cf3-440d-ae2c-267eb4b8abe6",
            "ticker": "KXHIGHNY-24NOV13-B46.5",
            "count": 1,
            "created_time": "2024-11-13T06:17:10.400694Z",
            "yes_price": 4,
            "no_price": 96,
            "taker_side": "no"
        },
        {
            "trade_id": "5c3cd3db-acbf-44f8-b5f9-140a95e644e1",
            "ticker": "KXHIGHNY-24NOV13-B46.5",
            "count": 100,
            "created_time": "2024-11-13T06:14:09.478306Z",
            "yes_price": 5,
            "no_price": 95,
            "taker_side": "yes"
        },
        {
            "trade_id": "061f62a9-bcf3-4ebb-bf80-1b2e26614678",
            "ticker": "KXHIGHNY-24NOV13-B46.5",
            "count": 20,
            "created_time": "2024-11-13T06:08:06.91436Z",
            "yes_price": 3,
            "no_price": 97,
            "taker_side": "no"
        },
        {
            "trade_id": "5bc7adcd-a812-48d9-b608-4ec38093a3ae",
            "ticker": "KXHIGHNY-24NOV13-B46.5",
            "count": 88,
            "created_time": "2024-11-13T06:08:06.562199Z",
            "yes_price": 3,
            "no_price": 97,
            "taker_side": "no"
        },
        {
            "trade_id": "72f2e6bd-b130-47b4-adda-c74bdfe4ee88",
            "ticker": "KXHIGHNY-24NOV13-B46.5",
            "count": 88,
            "created_time": "2024-11-13T06:08:06.49685Z",
            "yes_price": 3,
            "no_price": 97,
            "taker_side": "no"
        },
        {
            "trade_id": "d796cf1d-96d4-4920-999f-1127ebedde69",
            "ticker": "KXHIGHNY-24NOV13-B46.5",
            "count": 88,
            "created_time": "2024-11-13T06:08:06.489667Z",
            "yes_price": 3,
            "no_price": 97,
            "taker_side": "no"
        },
        {
