{
    "HIGHNY-24APR26-T56": [],
    "HIGHNY-24APR26-B56.5": [
        {
            "trade_id": "44216f22-9757-45bf-87fe-14c0800591d7",
            "ticker": "HIGHNY-24APR26-B56.5",
            "count": 935,
            "created_time": "2024-04-26T18:46:19.713338Z",
            "yes_price": 1,
            "no_price": 99,
            "taker_side": "yes"
        },
        {
            "trade_id": "5b5f9d63-44da-4692-a3ae-1341b3701c98",
            "ticker": "HIGHNY-24APR26-B56.5",
            "count": 2,
            "created_time": "2024-04-26T12:24:14.436223Z",
            "yes_price": 20,
            "no_price": 80,
            "taker_side": "yes"
        }
    ],
    "HIGHNY-24APR26-B58.5": [
        {
            "trade_id": "ee71eccb-0160-4aeb-a01f-84cfbbfaa429",
            "ticker": "HIGHNY-24APR26-B58.5",
            "count": 935,
            "created_time": "2024-04-27T00:35:00.379316Z",
            "yes_price": 1,
            "no_price": 99,
            "taker_side": "yes"
        },
        {
            "trade_id": "6f17845d-8f45-413a-b99a-63e12f350738",
            "ticker": "HIGHNY-24APR26-B58.5",
            "count": 935,
            "created_time": "2024-04-27T00:28:28.960934Z",
            "yes_price": 1,
            "no_price": 99,
            "taker_side": "yes"
        },
        {
            "trade_id": "d5391917-590b-4b91-90fc-d6d5b8970fa1",
            "ticker": "HIGHNY-24APR26-B58.5",
            "count": 935,
            "created_time": "2024-04-26T23:55:23.770611Z",
            "yes_price": 1,
            "no_price": 99,
            "taker_side": "yes"
        },
        {
            "trade_id": "6c94d93b-24b6-4df2-a2ef-a6dfd92810b0",
            "ticker": "HIGHNY-24APR26-B58.5",
            "count": 935,
            "created_time": "2024-04-26T23:54:10.250514Z",
            "yes_price": 1,
            "no_price": 99,
            "taker_side": "yes"
        },
        {
            "trade_id": "4f4a58af-40a6-4711-bc0d-65900b3a3433",
            "ticker": "HIGHNY-24APR26-B58.5",
            "count": 935,
            "created_time": "2024-04-26T22:02:39.340121Z",
            "yes_price": 1,
            "no_price": 99,
            "taker_side": "yes"
        },
        {
            "trade_id": "ec1fa428-dda4-43ef-b5f5-028c2416c33a",
            "ticker": "HIGHNY-24APR26-B58.5",
            "count": 935,
            "created_time": "2024-04-26T21:27:31.179083Z",
            "yes_price": 1,
            "no_price": 99,
            "taker_side": "yes"
        },
        {
            "trade_id": "7f38b77f-bb50-4e8b-84dd-05a4fd212a79",
            "ticker": "HIGHNY-24APR26-B58.5",
            "count": 10,
            "created_time": "2024-04-26T16:07:45.912467Z",
            "yes_price": 1,
            "no_price": 99,
            "taker_side": "yes"
        },
        {
            "trade_id": "2b90c184-99fa-43aa-9580-687e6496a910",
            "ticker": "HIGHNY-24APR26-B58.5",
            "count": 50,
            "created_time": "2024-04-26T15:53:15.858221Z",
            "yes_price": 1,
            "no_price": 99,
            "taker_side": "yes"
        },
        {
            "trade_id": "c4db8f03-b03a-4a1b-9e2a-654d27d799ed",
            "ticker": "HIGHNY-24APR26-B58.5",
            "count": 50,
            "created_time": "2024-04-26T15:53:10.119237Z",
            "yes_price": 1,
            "no_price": 99,
            "taker_side": "yes"
        },
        {
            "trade_id": "3e793818-87a6-47b7-af7d-6d8a412d01cd",
            "ticker": "HIGHNY-24APR26-B58.5",
            "count": 10,
            "created_time": "2024-04-26T15:53:10.090593Z",
            "yes_price": 1,
            "no_price": 99,
            "taker_side": "yes"
        },
        {
            "trade_id": "038f0c56-20ea-4f1a-8386-3e3743d15397",
            "ticker": "HIGHNY-24APR26-B58.5",
            "count": 50,
            "created_time": "2024-04-26T15:53:04.947592Z",
            "yes_price": 1,
            "no_price": 99,
            "taker_side": "yes"
        },
        {
            "trade_id": "ea37fb52-8163-4849-acb7-7bec488ba34e",
            "ticker": "HIGHNY-24APR26-B58.5",
            "count": 50,
            "created_time": "2024-04-26T15:53:04.915234Z",
            "yes_price": 1,
            "no_price": 99,
            "taker_side": "yes"
        },
        {
            "trade_id": "04f219a1-5f94-4f30-8169-25167b96bba6",
            "ticker": "HIGHNY-24APR26-B58.5",
            "count": 50,
            "created_time": "2024-04-26T15:53:04.8906Z",
            "yes_price": 1,
            "no_price": 99,
            "taker_side": "yes"
        },
        {
            "trade_id": "ef64bbb1-220c-4c8f-8316-6a3b6c829e81",
            "ticker": "HIGHNY-24APR26-B58.5",
            "count": 10,
            "created_time": "2024-04-26T15:53:02.189588Z",
            "yes_price": 5,
            "no_price": 95,
            "taker_side": "no"
        },
        {
            "trade_id": "bcc9f50f-65c6-4a34-bc82-449676f20435",
            "ticker": "HIGHNY-24APR26-B58.5",
            "count": 50,
            "created_time": "2024-04-26T15:53:02.189588Z",
            "yes_price": 4,
            "no_price": 96,
            "taker_side": "no"
        },
        {
            "trade_id": "10747253-c99b-4ff1-8169-be0c3235eda3",
            "ticker": "HIGHNY-24APR26-B58.5",
            "count": 50,
            "created_time": "2024-04-26T15:53:02.189588Z",
            "yes_price": 3,
            "no_price": 97,
            "taker_side": "no"
        },
        {
            "trade_id": "dcee7eff-da64-40e6-85c7-5af2395b6136",
            "ticker": "HIGHNY-24APR26-B58.5",
            "count": 45,
            "created_time": "2024-04-26T14:53:58.106454Z",
            "yes_price": 5,
            "no_price": 95,
            "taker_side": "no"
        },
        {
            "trade_id": "d81bb11d-5dc7-427b-8836-26cda7906763",
            "ticker": "HIGHNY-24APR26-B58.5",
            "count": 50,
            "created_time": "2024-04-26T14:53:47.609917Z",
            "yes_price": 6,
            "no_price": 94,
            "taker_side": "no"
        },
        {
            "trade_id": "46965901-8367-471b-8257-452de655e4e6",
            "ticker": "HIGHNY-24APR26-B58.5",
            "count": 50,
            "created_time": "2024-04-26T14:53:47.609917Z",
            "yes_price": 5,
            "no_price": 95,
            "taker_side": "no"
        },
        {
            "trade_id": "0b889ae3-b50f-4769-b8f3-80528195c7d9",
            "ticker": "HIGHNY-24APR26-B58.5",
            "count": 35,
            "created_time": "2024-04-26T14:53:47.609917Z",
            "yes_price": 7,
            "no_price": 93,
            "taker_side": "no"
        },
        {
            "trade_id": "2aa992c1-be96-4d7e-b826-f8a4507fa28b",
            "ticker": "HIGHNY-24APR26-B58.5",
            "count": 2,
            "created_time": "2024-04-26T12:24:14.521975Z",
            "yes_price": 7,
            "no_price": 93,
            "taker_side": "no"
        },
        {
            "trade_id": "a9af203e-8ed0-448f-938e-4308229ef077",
            "ticker": "HIGHNY-24APR26-B58.5",
            "count": 3,
            "created_time": "2024-04-26T12:23:54.321089Z",
            "yes_price": 12,
            "no_price": 88,
            "taker_side": "yes"
        },
        {
            "trade_id": "257a2c39-baf2-4370-a413-d60f812c5137",
            "ticker": "HIGHNY-24APR26-B58.5",
            "count": 1,
            "created_time": "2024-04-26T12:00:10.65638Z",
            "yes_price": 8,
            "no_price": 92,
            "taker_side": "no"
        },
        {
            "trade_id": "9f2d24b6-a45d-400e-9925-b6cea25cfa7e",
            "ticker": "HIGHNY-24APR26-B58.5",
            "count": 15,
            "created_time": "2024-04-25T18:46:40.229031Z",
            "yes_price": 9,
            "no_price": 91,
            "taker_side": "no"
        },
        {
            "trade_id": "59794dff-9465-42b9-a4fb-1515c2873dcd",
            "ticker": "HIGHNY-24APR26-B58.5",
            "count": 100,
            "created_time": "2024-04-25T18:15:27.243657Z",
            "yes_price": 10,
            "no_price": 90,
            "taker_side": "no"
        },
        {
            "trade_id": "36f8589a-708c-4bc0-9550-b91642a7ef5f",
            "ticker": "HIGHNY-24APR26-B58.5",
            "count": 20,
            "created_time": "2024-04-25T16:30:53.104197Z",
            "yes_price": 9,
            "no_price": 91,
            "taker_side": "yes"
        },
        {
            "trade_id": "5a620225-a6c6-41d0-bc82-8d195787d30f",
            "ticker": "HIGHNY-24APR26-B58.5",
            "count": 10,
            "created_time": "2024-04-25T16:01:09.630739Z",
            "yes_price": 9,
            "no_price": 91,
            "taker_side": "no"
        }
    ],
    "HIGHNY-24APR26-B60.5": [
        {
            "trade_id": "d35b722b-161e-4156-b67a-ea737eb2a8d3",
            "ticker": "HIGHNY-24APR26-B60.5",
            "count": 10,
            "created_time": "2024-04-26T16:53:03.72879Z",
            "yes_price": 23,
            "no_price": 77,
            "taker_side": "no"
        },
        {
            "trade_id": "876770b4-589f-445d-9975-7f879539c139",
            "ticker": "HIGHNY-24APR26-B60.5",
            "count": 241,
            "created_time": "2024-04-26T16:53:03.72879Z",
            "yes_price": 1,
            "no_price": 99,
            "taker_side": "no"
        },
        {
            "trade_id": "5055cb89-88ea-427d-816b-ebdf9c5fbafe",
            "ticker": "HIGHNY-24APR26-B60.5",
            "count": 16,
            "created_time": "2024-04-26T16:53:03.72879Z",
            "yes_price": 25,
            "no_price": 75,
            "taker_side": "no"
        },
        {
            "trade_id": "758d5459-5d9e-4c89-8e02-c1a7dfe96ce3",
            "ticker": "HIGHNY-24APR26-B60.5",
            "count": 16,
            "created_time": "2024-04-26T16:51:29.983282Z",
            "yes_price": 27,
            "no_price": 73,
            "taker_side": "no"
        },
        {
            "trade_id": "4b6a40d1-1ab4-4f69-ba77-49119154f249",
            "ticker": "HIGHNY-24APR26-B60.5",
            "count": 3,
            "created_time": "2024-04-26T16:51:29.983282Z",
            "yes_price": 28,
            "no_price": 72,
            "taker_side": "no"
        },
        {
            "trade_id": "245d44f9-1c12-4831-84a9-c2780eb20af4",
            "ticker": "HIGHNY-24APR26-B60.5",
            "count": 1,
            "created_time": "2024-04-26T16:37:42.50833Z",
            "yes_price": 35,
            "no_price": 65,
            "taker_side": "yes"
        },
        {
            "trade_id": "e04af58b-4410-44ad-9d6d-0f363b6fdda0",
            "ticker": "HIGHNY-24APR26-B60.5",
            "count": 16,
            "created_time": "2024-04-26T16:07:39.279392Z",
            "yes_price": 30,
            "no_price": 70,
            "taker_side": "no"
        },
        {
            "trade_id": "d2fbf3ed-9f64-4278-97e8-0e755a711a9f",
            "ticker": "HIGHNY-24APR26-B60.5",
            "count": 15,
            "created_time": "2024-04-26T16:07:39.279392Z",
            "yes_price": 32,
            "no_price": 68,
            "taker_side": "no"
        },
        {
            "trade_id": "aa9e2d56-09d8-4e05-b5e3-a5d8573a8220",
            "ticker": "HIGHNY-24APR26-B60.5",
            "count": 1,
            "created_time": "2024-04-26T14:41:33.740525Z",
            "yes_price": 28,
            "no_price": 72,
            "taker_side": "no"
        },
        {
            "trade_id": "20fc9011-5ef3-4d02-8a6f-fd25d06f36a3",
            "ticker": "HIGHNY-24APR26-B60.5",
            "count": 90,
            "created_time": "2024-04-26T14:32:29.077548Z",
            "yes_price": 30,
            "no_price": 70,
            "taker_side": "no"
        },
        {
            "trade_id": "dcdc6574-354d-4827-bde3-7ba4df2dcc69",
            "ticker": "HIGHNY-24APR26-B60.5",
            "count": 1,
            "created_time": "2024-04-26T14:06:48.309303Z",
            "yes_price": 31,
            "no_price": 69,
            "taker_side": "no"
        },
        {
            "trade_id": "14f2dc0f-7373-4125-b55f-d12422c9a3b0",
            "ticker": "HIGHNY-24APR26-B60.5",
            "count": 75,
            "created_time": "2024-04-26T14:06:48.309303Z",
            "yes_price": 31,
            "no_price": 69,
            "taker_side": "no"
        },
        {
            "trade_id": "5f9c0e15-6e89-4291-b856-61d3b90caa59",
            "ticker": "HIGHNY-24APR26-B60.5",
            "count": 75,
            "created_time": "2024-04-26T14:05:11.41662Z",
            "yes_price": 32,
            "no_price": 68,
            "taker_side": "no"
        },
        {
            "trade_id": "5b567eb6-3736-4440-b8c1-a0faa0f1324e",
            "ticker": "HIGHNY-24APR26-B60.5",
            "count": 12,
            "created_time": "2024-04-26T13:41:45.675767Z",
            "yes_price": 38,
            "no_price": 62,
            "taker_side": "yes"
        },
        {
            "trade_id": "0dd2d3fa-0331-47d6-9722-212a9190fca8",
            "ticker": "HIGHNY-24APR26-B60.5",
            "count": 6,
            "created_time": "2024-04-26T12:24:32.399342Z",
            "yes_price": 34,
            "no_price": 66,
            "taker_side": "no"
        },
        {
            "trade_id": "61a6c170-ddf0-4520-a8e4-7c4c6eeeae25",
            "ticker": "HIGHNY-24APR26-B60.5",
            "count": 2,
            "created_time": "2024-04-26T12:24:14.506825Z",
            "yes_price": 34,
            "no_price": 66,
            "taker_side": "no"
        },
        {
            "trade_id": "70806676-e011-45ce-a041-75982489cccd",
            "ticker": "HIGHNY-24APR26-B60.5",
            "count": 25,
            "created_time": "2024-04-26T12:17:39.759794Z",
            "yes_price": 38,
            "no_price": 62,
            "taker_side": "yes"
        },
        {
            "trade_id": "b57423c0-e942-49de-9207-b55ea95b772c",
            "ticker": "HIGHNY-24APR26-B60.5",
            "count": 60,
            "created_time": "2024-04-26T12:00:11.842873Z",
            "yes_price": 34,
            "no_price": 66,
            "taker_side": "yes"
        },
        {
            "trade_id": "7bcba667-7960-4db2-8f11-07f358f42f14",
            "ticker": "HIGHNY-24APR26-B60.5",
            "count": 1,
            "created_time": "2024-04-26T12:00:11.842873Z",
            "yes_price": 33,
            "no_price": 67,
            "taker_side": "yes"
        },
        {
            "trade_id": "63fd48f1-fbc3-42a9-95ee-f8b27a7520cd",
            "ticker": "HIGHNY-24APR26-B60.5",
            "count": 150,
            "created_time": "2024-04-26T12:00:11.842873Z",
            "yes_price": 36,
            "no_price": 64,
            "taker_side": "yes"
        },
        {
            "trade_id": "24702602-06c7-42ff-96bd-39cc01e831b9",
            "ticker": "HIGHNY-24APR26-B60.5",
            "count": 149,
            "created_time": "2024-04-26T12:00:11.842873Z",
            "yes_price": 38,
            "no_price": 62,
            "taker_side": "yes"
        },
        {
            "trade_id": "b7ace979-4f3f-4623-88ce-1c1f6779002f",
            "ticker": "HIGHNY-24APR26-B60.5",
            "count": 30,
            "created_time": "2024-04-25T18:46:49.247566Z",
            "yes_price": 30,
            "no_price": 70,
            "taker_side": "no"
        },
        {
            "trade_id": "f0821196-5767-47db-a511-c3b5129a0898",
            "ticker": "HIGHNY-24APR26-B60.5",
            "count": 5,
            "created_time": "2024-04-25T17:34:00.629113Z",
            "yes_price": 33,
            "no_price": 67,
            "taker_side": "no"
        },
        {
            "trade_id": "f0402151-9b3a-4903-9255-9497d3735538",
            "ticker": "HIGHNY-24APR26-B60.5",
            "count": 12,
            "created_time": "2024-04-25T14:19:06.057487Z",
            "yes_price": 28,
            "no_price": 72,
            "taker_side": "no"
        },
        {
            "trade_id": "3e36f556-02bc-4aa6-b6d2-358891eeaaad",
            "ticker": "HIGHNY-24APR26-B60.5",
            "count": 5,
            "created_time": "2024-04-25T14:19:06.057487Z",
            "yes_price": 27,
            "no_price": 73,
            "taker_side": "no"
        }
    ],
    "HIGHNY-24APR26-B62.5": [
        {
            "trade_id": "ceb3c936-e924-4269-923f-a31147b9662f",
            "ticker": "HIGHNY-24APR26-B62.5",
            "count": 310,
            "created_time": "2024-04-26T22:18:35.672936Z",
            "yes_price": 3,
            "no_price": 97,
            "taker_side": "yes"
        },
        {
            "trade_id": "7aeced07-90b3-4c8c-9821-067b8997baa6",
            "ticker": "HIGHNY-24APR26-B62.5",
            "count": 5,
            "created_time": "2024-04-26T22:18:35.672936Z",
            "yes_price": 1,
            "no_price": 99,
            "taker_side": "yes"
        },
        {
            "trade_id": "f6ece718-cef2-455e-8b8e-9aa2a0aee791",
            "ticker": "HIGHNY-24APR26-B62.5",
            "count": 3,
            "created_time": "2024-04-26T18:07:23.73913Z",
            "yes_price": 1,
            "no_price": 99,
            "taker_side": "yes"
        },
        {
            "trade_id": "2f9a747f-04bb-45a1-92f8-d8174950f25c",
            "ticker": "HIGHNY-24APR26-B62.5",
            "count": 5,
            "created_time": "2024-04-26T18:07:23.73913Z",
            "yes_price": 1,
            "no_price": 99,
            "taker_side": "yes"
        },
        {
            "trade_id": "44d078ad-c801-4548-a4db-8bf4eb6e3d0e",
            "ticker": "HIGHNY-24APR26-B62.5",
            "count": 20,
            "created_time": "2024-04-26T17:45:46.785981Z",
            "yes_price": 12,
            "no_price": 88,
            "taker_side": "no"
        },
        {
            "trade_id": "a5cd9138-47e6-4391-9ab1-23a6a51c420e",
            "ticker": "HIGHNY-24APR26-B62.5",
            "count": 10,
            "created_time": "2024-04-26T16:53:03.674007Z",
            "yes_price": 47,
            "no_price": 53,
            "taker_side": "yes"
        },
        {
            "trade_id": "74a1024c-e609-45ec-9dba-0ae34bc981e2",
            "ticker": "HIGHNY-24APR26-B62.5",
            "count": 2,
            "created_time": "2024-04-26T16:52:07.498304Z",
            "yes_price": 35,
            "no_price": 65,
            "taker_side": "no"
        },
        {
            "trade_id": "eb4dd008-0146-4144-9235-f97e6dea1085",
            "ticker": "HIGHNY-24APR26-B62.5",
            "count": 9,
            "created_time": "2024-04-26T14:59:10.55595Z",
            "yes_price": 31,
            "no_price": 69,
            "taker_side": "no"
        },
        {
            "trade_id": "46679a8c-9527-4658-9003-1d570eaafe2b",
            "ticker": "HIGHNY-24APR26-B62.5",
            "count": 5,
            "created_time": "2024-04-26T13:42:14.499331Z",
            "yes_price": 37,
            "no_price": 63,
            "taker_side": "yes"
        },
        {
            "trade_id": "b460a6cf-d88e-4a1c-9c49-4a60946a59ee",
            "ticker": "HIGHNY-24APR26-B62.5",
            "count": 3,
            "created_time": "2024-04-26T12:24:49.298797Z",
            "yes_price": 30,
            "no_price": 70,
            "taker_side": "no"
        },
        {
            "trade_id": "890cc301-e66c-47ea-bcb3-1e371c24d144",
            "ticker": "HIGHNY-24APR26-B62.5",
            "count": 2,
            "created_time": "2024-04-26T12:24:14.507376Z",
            "yes_price": 30,
            "no_price": 70,
            "taker_side": "no"
        },
        {
            "trade_id": "9b545b7a-5550-4c3d-8a11-ffea85b8be51",
            "ticker": "HIGHNY-24APR26-B62.5",
            "count": 23,
            "created_time": "2024-04-26T12:04:16.494241Z",
            "yes_price": 37,
            "no_price": 63,
            "taker_side": "yes"
        },
        {
            "trade_id": "13c07d2a-7d60-44f4-8fb2-88188e70bcfa",
            "ticker": "HIGHNY-24APR26-B62.5",
            "count": 17,
            "created_time": "2024-04-26T12:03:39.630449Z",
            "yes_price": 37,
            "no_price": 63,
            "taker_side": "yes"
        },
        {
            "trade_id": "905908c3-b1c3-46ae-aadf-c06835e459a4",
            "ticker": "HIGHNY-24APR26-B62.5",
            "count": 3,
            "created_time": "2024-04-26T12:00:10.887725Z",
            "yes_price": 37,
            "no_price": 63,
            "taker_side": "yes"
        },
        {
            "trade_id": "db1852f0-0afb-4bb4-b8e7-54eb0714b758",
            "ticker": "HIGHNY-24APR26-B62.5",
            "count": 1,
            "created_time": "2024-04-26T01:43:37.390964Z",
            "yes_price": 36,
            "no_price": 64,
            "taker_side": "yes"
        },
        {
            "trade_id": "2af7cc28-244f-4987-b025-abd96817afeb",
            "ticker": "HIGHNY-24APR26-B62.5",
            "count": 25,
            "created_time": "2024-04-25T20:00:26.895345Z",
            "yes_price": 37,
            "no_price": 63,
            "taker_side": "yes"
        },
        {
            "trade_id": "e562ea03-9f1e-4b75-aae4-4ab7829500ba",
            "ticker": "HIGHNY-24APR26-B62.5",
            "count": 90,
            "created_time": "2024-04-25T18:47:44.61995Z",
            "yes_price": 36,
            "no_price": 64,
            "taker_side": "yes"
        },
        {
            "trade_id": "ec11e9cb-8cd9-42ec-be69-20f9fdf43d95",
            "ticker": "HIGHNY-24APR26-B62.5",
            "count": 75,
            "created_time": "2024-04-25T18:46:02.427843Z",
            "yes_price": 35,
            "no_price": 65,
            "taker_side": "yes"
        },
        {
            "trade_id": "9d2957f6-fba7-4790-ba9d-6704f6c62cb4",
            "ticker": "HIGHNY-24APR26-B62.5",
            "count": 75,
            "created_time": "2024-04-25T18:45:43.299756Z",
            "yes_price": 34,
            "no_price": 66,
            "taker_side": "yes"
        },
        {
            "trade_id": "23b9de1f-6e3c-4f73-9415-0463ff9d0afe",
            "ticker": "HIGHNY-24APR26-B62.5",
            "count": 90,
            "created_time": "2024-04-25T18:45:12.751233Z",
            "yes_price": 33,
            "no_price": 67,
            "taker_side": "yes"
        },
        {
            "trade_id": "ffffd298-c85b-48e6-b617-3347ba84518d",
            "ticker": "HIGHNY-24APR26-B62.5",
            "count": 15,
            "created_time": "2024-04-25T18:45:05.646456Z",
            "yes_price": 32,
            "no_price": 68,
            "taker_side": "yes"
        },
        {
            "trade_id": "cf99c8cf-4c36-42a9-a11a-385c3c34c9cb",
            "ticker": "HIGHNY-24APR26-B62.5",
            "count": 60,
            "created_time": "2024-04-25T18:34:20.852847Z",
            "yes_price": 33,
            "no_price": 67,
            "taker_side": "yes"
        },
        {
            "trade_id": "9126dab9-c89d-4421-bbdf-58dff4f441e5",
            "ticker": "HIGHNY-24APR26-B62.5",
            "count": 75,
            "created_time": "2024-04-25T16:33:13.48458Z",
            "yes_price": 27,
            "no_price": 73,
            "taker_side": "no"
        },
        {
            "trade_id": "5eb5245e-c95b-4ecd-8340-2de8919b8713",
            "ticker": "HIGHNY-24APR26-B62.5",
            "count": 30,
            "created_time": "2024-04-25T16:32:56.042154Z",
            "yes_price": 28,
            "no_price": 72,
            "taker_side": "no"
        },
        {
            "trade_id": "e36da29d-667a-4c96-842a-43a3897cbbc5",
            "ticker": "HIGHNY-24APR26-B62.5",
            "count": 30,
            "created_time": "2024-04-25T16:32:29.653889Z",
            "yes_price": 28,
            "no_price": 72,
            "taker_side": "no"
        },
        {
            "trade_id": "2b19f4aa-a931-4334-8241-89e95e1716d9",
            "ticker": "HIGHNY-24APR26-B62.5",
            "count": 45,
            "created_time": "2024-04-25T16:32:00.221182Z",
            "yes_price": 28,
            "no_price": 72,
            "taker_side": "no"
        },
        {
            "trade_id": "c2927a80-e25f-418e-a8d7-2c5e83ebca87",
            "ticker": "HIGHNY-24APR26-B62.5",
            "count": 15,
            "created_time": "2024-04-25T16:31:47.747697Z",
            "yes_price": 28,
            "no_price": 72,
            "taker_side": "no"
        },
        {
            "trade_id": "c009f855-862c-4d9d-8605-c9c3f6b769d2",
            "ticker": "HIGHNY-24APR26-B62.5",
            "count": 150,
            "created_time": "2024-04-25T16:31:47.747697Z",
            "yes_price": 27,
            "no_price": 73,
            "taker_side": "no"
        },
        {
            "trade_id": "8fa9bfef-2bb7-45af-8828-bdfe0c3a6af4",
            "ticker": "HIGHNY-24APR26-B62.5",
            "count": 15,
            "created_time": "2024-04-25T16:30:50.785748Z",
            "yes_price": 33,
            "no_price": 67,
            "taker_side": "no"
        },
        {
            "trade_id": "28c85d90-632f-47aa-a52d-9cbb130572b1",
            "ticker": "HIGHNY-24APR26-B62.5",
            "count": 150,
            "created_time": "2024-04-25T16:30:50.785748Z",
            "yes_price": 31,
            "no_price": 69,
            "taker_side": "no"
        },
        {
            "trade_id": "08811b64-da2f-4086-bb6d-1695e82248bd",
            "ticker": "HIGHNY-24APR26-B62.5",
            "count": 150,
            "created_time": "2024-04-25T16:30:50.785748Z",
            "yes_price": 28,
            "no_price": 72,
            "taker_side": "no"
        },
        {
            "trade_id": "b6f8eed0-2248-4167-9d6a-a577b7a1925f",
            "ticker": "HIGHNY-24APR26-B62.5",
            "count": 12,
            "created_time": "2024-04-25T14:19:06.333374Z",
            "yes_price": 33,
            "no_price": 67,
            "taker_side": "no"
        },
        {
            "trade_id": "920315bc-6b4b-4c11-b49d-9645ec0638a3",
            "ticker": "HIGHNY-24APR26-B62.5",
            "count": 5,
            "created_time": "2024-04-25T14:19:06.333374Z",
            "yes_price": 34,
            "no_price": 66,
            "taker_side": "no"
        }
    ],
    "HIGHNY-24APR26-T63": [
        {
            "trade_id": "9b839ac9-45c8-479f-bc17-3b7706a8be63",
            "ticker": "HIGHNY-24APR26-T63",
            "count": 39,
            "created_time": "2024-04-26T18:09:06.355024Z",
            "yes_price": 99,
            "no_price": 1,
            "taker_side": "no"
        },
        {
            "trade_id": "947e2aa5-addb-4b32-a808-a3ec8256edb4",
            "ticker": "HIGHNY-24APR26-T63",
            "count": 10,
            "created_time": "2024-04-26T16:53:39.319843Z",
            "yes_price": 45,
            "no_price": 55,
            "taker_side": "yes"
        },
        {
            "trade_id": "e30d33e6-4b10-4266-95da-3eefcf6cfe8f",
            "ticker": "HIGHNY-24APR26-T63",
            "count": 7,
            "created_time": "2024-04-26T16:53:35.001907Z",
            "yes_price": 45,
            "no_price": 55,
            "taker_side": "yes"
        },
        {
            "trade_id": "4b5642ff-1b36-4352-9ca1-f8d54aaf1f93",
            "ticker": "HIGHNY-24APR26-T63",
            "count": 10,
            "created_time": "2024-04-26T16:53:35.001907Z",
            "yes_price": 44,
            "no_price": 56,
            "taker_side": "yes"
        },
        {
            "trade_id": "3108c329-c7cc-4f3b-83f5-572da89a7f0a",
            "ticker": "HIGHNY-24APR26-T63",
            "count": 10,
            "created_time": "2024-04-26T16:53:04.663834Z",
            "yes_price": 30,
            "no_price": 70,
            "taker_side": "yes"
        },
        {
            "trade_id": "8c7b12f6-b589-499d-b905-ca01fd0133aa",
            "ticker": "HIGHNY-24APR26-T63",
            "count": 10,
            "created_time": "2024-04-26T16:53:03.702471Z",
            "yes_price": 28,
            "no_price": 72,
            "taker_side": "yes"
        },
        {
            "trade_id": "940f011b-545e-4ba2-a91c-5cde375823e0",
            "ticker": "HIGHNY-24APR26-T63",
            "count": 4,
            "created_time": "2024-04-26T16:37:43.041717Z",
            "yes_price": 18,
            "no_price": 82,
            "taker_side": "no"
        },
        {
            "trade_id": "ed919830-f43c-4795-8b8b-a475a919af39",
            "ticker": "HIGHNY-24APR26-T63",
            "count": 30,
            "created_time": "2024-04-26T15:42:32.22307Z",
            "yes_price": 17,
            "no_price": 83,
            "taker_side": "no"
        },
        {
            "trade_id": "cf51575a-a7d2-48d7-977a-e5de52f95507",
            "ticker": "HIGHNY-24APR26-T63",
            "count": 10,
            "created_time": "2024-04-26T15:42:03.911527Z",
            "yes_price": 18,
            "no_price": 82,
            "taker_side": "no"
        },
        {
            "trade_id": "37ef45b8-dc13-4108-97c3-6b721c0c6d93",
            "ticker": "HIGHNY-24APR26-T63",
            "count": 1,
            "created_time": "2024-04-26T15:42:03.911527Z",
            "yes_price": 16,
            "no_price": 84,
            "taker_side": "no"
        },
        {
            "trade_id": "e2017410-4dda-4f7d-8311-1da2bcd8409c",
            "ticker": "HIGHNY-24APR26-T63",
            "count": 30,
            "created_time": "2024-04-26T14:54:13.308855Z",
            "yes_price": 18,
            "no_price": 82,
            "taker_side": "no"
        },
        {
            "trade_id": "bb8a83a7-14af-4add-8927-965c81cdbff5",
            "ticker": "HIGHNY-24APR26-T63",
            "count": 1,
            "created_time": "2024-04-26T14:41:35.721918Z",
            "yes_price": 25,
            "no_price": 75,
            "taker_side": "yes"
        },
        {
            "trade_id": "46f48517-ef7b-472f-b8c0-f51c39c7aed2",
            "ticker": "HIGHNY-24APR26-T63",
            "count": 3,
            "created_time": "2024-04-26T14:41:35.721918Z",
            "yes_price": 25,
            "no_price": 75,
            "taker_side": "yes"
        },
        {
            "trade_id": "ac88e0ea-21e8-418b-8150-ea59907eb758",
            "ticker": "HIGHNY-24APR26-T63",
            "count": 50,
            "created_time": "2024-04-26T13:58:01.983323Z",
            "yes_price": 17,
            "no_price": 83,
            "taker_side": "no"
        },
        {
            "trade_id": "9f8a374f-df27-43e3-a4be-b4baf0843e57",
            "ticker": "HIGHNY-24APR26-T63",
            "count": 95,
            "created_time": "2024-04-26T13:57:37.993328Z",
            "yes_price": 18,
            "no_price": 82,
            "taker_side": "no"
        },
        {
            "trade_id": "6f7f99f2-45b4-4888-beee-9e1ad8d59cd1",
            "ticker": "HIGHNY-24APR26-T63",
            "count": 1,
            "created_time": "2024-04-26T13:57:37.993328Z",
            "yes_price": 19,
            "no_price": 81,
            "taker_side": "no"
        },
        {
            "trade_id": "102a80e2-5382-4414-a208-1e2403a7cf18",
            "ticker": "HIGHNY-24APR26-T63",
            "count": 15,
            "created_time": "2024-04-26T13:57:37.993328Z",
            "yes_price": 18,
            "no_price": 82,
            "taker_side": "no"
        },
        {
            "trade_id": "cd4b5d4e-5f0d-4e5c-a8ac-76524f4ee9fc",
            "ticker": "HIGHNY-24APR26-T63",
            "count": 38,
            "created_time": "2024-04-26T13:46:45.430449Z",
            "yes_price": 24,
            "no_price": 76,
            "taker_side": "yes"
        },
        {
            "trade_id": "b477d6d9-9a2f-4eb2-914c-034ade0a9434",
            "ticker": "HIGHNY-24APR26-T63",
            "count": 1,
            "created_time": "2024-04-26T13:46:45.430449Z",
            "yes_price": 23,
            "no_price": 77,
            "taker_side": "yes"
        },
        {
            "trade_id": "14b3ca5e-5d05-400c-b4b0-b2129ae50da6",
            "ticker": "HIGHNY-24APR26-T63",
            "count": 3,
            "created_time": "2024-04-26T12:25:04.024584Z",
            "yes_price": 18,
            "no_price": 82,
            "taker_side": "no"
        },
        {
            "trade_id": "3ca0d9db-3968-4e0a-9065-e2cb8e0afea8",
            "ticker": "HIGHNY-24APR26-T63",
            "count": 2,
            "created_time": "2024-04-26T12:24:14.501027Z",
            "yes_price": 18,
            "no_price": 82,
            "taker_side": "no"
        },
        {
            "trade_id": "7a24996d-709d-4f15-b936-5094f45d87d9",
            "ticker": "HIGHNY-24APR26-T63",
            "count": 1,
            "created_time": "2024-04-26T12:07:12.036138Z",
            "yes_price": 20,
            "no_price": 80,
            "taker_side": "no"
        },
        {
            "trade_id": "56883aa3-b368-4369-80b7-fb06531d5d8c",
            "ticker": "HIGHNY-24APR26-T63",
            "count": 64,
            "created_time": "2024-04-26T12:07:12.036138Z",
            "yes_price": 20,
            "no_price": 80,
            "taker_side": "no"
        },
        {
            "trade_id": "a2b70783-a7b6-4a5f-94f1-a8852aa7790f",
            "ticker": "HIGHNY-24APR26-T63",
            "count": 90,
            "created_time": "2024-04-26T12:01:42.642461Z",
            "yes_price": 24,
            "no_price": 76,
            "taker_side": "yes"
        },
        {
            "trade_id": "66fdf8bd-0018-4c72-a90a-6d80bb84f9e1",
            "ticker": "HIGHNY-24APR26-T63",
            "count": 45,
            "created_time": "2024-04-26T12:01:28.485209Z",
            "yes_price": 23,
            "no_price": 77,
            "taker_side": "yes"
        },
        {
            "trade_id": "594438ef-79b0-4f8f-9972-ac862dee2821",
            "ticker": "HIGHNY-24APR26-T63",
            "count": 1,
            "created_time": "2024-04-26T12:01:28.485209Z",
            "yes_price": 21,
            "no_price": 79,
            "taker_side": "yes"
        },
        {
            "trade_id": "042ed909-bd12-4547-8be7-34549cc267ee",
            "ticker": "HIGHNY-24APR26-T63",
            "count": 1,
            "created_time": "2024-04-26T12:00:16.848819Z",
            "yes_price": 18,
            "no_price": 82,
            "taker_side": "no"
        },
        {
            "trade_id": "d9afe4c9-a6e9-4d41-bc57-a0f0eede22bf",
            "ticker": "HIGHNY-24APR26-T63",
            "count": 1,
            "created_time": "2024-04-25T23:02:18.032Z",
            "yes_price": 19,
            "no_price": 81,
            "taker_side": "no"
        },
        {
            "trade_id": "8ce4e33b-5978-41ca-8c37-3681825ea7ce",
            "ticker": "HIGHNY-24APR26-T63",
            "count": 75,
            "created_time": "2024-04-25T18:47:22.22809Z",
            "yes_price": 26,
            "no_price": 74,
            "taker_side": "yes"
        },
        {
            "trade_id": "18b2de0b-5362-4108-945a-821c505b7041",
            "ticker": "HIGHNY-24APR26-T63",
            "count": 90,
            "created_time": "2024-04-25T18:44:57.670583Z",
            "yes_price": 26,
            "no_price": 74,
            "taker_side": "yes"
        },
        {
            "trade_id": "f5317b0e-0d7b-4a98-a0ab-96576a1ad99a",
            "ticker": "HIGHNY-24APR26-T63",
            "count": 90,
            "created_time": "2024-04-25T18:44:29.789161Z",
            "yes_price": 25,
            "no_price": 75,
            "taker_side": "yes"
        },
        {
            "trade_id": "9f24651b-d8fc-4999-912d-f13b77bd31c4",
            "ticker": "HIGHNY-24APR26-T63",
            "count": 90,
            "created_time": "2024-04-25T18:44:21.19043Z",
            "yes_price": 24,
            "no_price": 76,
            "taker_side": "yes"
        },
        {
            "trade_id": "6ebafa40-86b2-43e2-a7d8-22b900cfbf3c",
            "ticker": "HIGHNY-24APR26-T63",
            "count": 90,
            "created_time": "2024-04-25T18:44:12.071872Z",
            "yes_price": 23,
            "no_price": 77,
            "taker_side": "yes"
        },
        {
            "trade_id": "2b058a4e-57b3-4b5e-9546-a2ff99abfe23",
            "ticker": "HIGHNY-24APR26-T63",
            "count": 4,
            "created_time": "2024-04-25T17:31:27.85576Z",
            "yes_price": 23,
            "no_price": 77,
            "taker_side": "yes"
        },
        {
            "trade_id": "28dabbaa-54b9-40b0-9684-9c995ea316b5",
            "ticker": "HIGHNY-24APR26-T63",
            "count": 11,
            "created_time": "2024-04-25T17:05:11.817719Z",
            "yes_price": 17,
            "no_price": 83,
            "taker_side": "no"
        },
        {
            "trade_id": "3c7cb84a-651d-413b-ab3b-edea068ff679",
            "ticker": "HIGHNY-24APR26-T63",
            "count": 90,
            "created_time": "2024-04-25T16:32:46.4107Z",
            "yes_price": 17,
            "no_price": 83,
            "taker_side": "no"
        },
        {
            "trade_id": "7941e25e-9f69-48b3-bcf7-9c8b34d723e5",
            "ticker": "HIGHNY-24APR26-T63",
            "count": 15,
            "created_time": "2024-04-25T16:32:15.577764Z",
            "yes_price": 17,
            "no_price": 83,
            "taker_side": "no"
        },
        {
            "trade_id": "4c8dc7fd-dac7-44f5-92ab-51dc7b48740e",
            "ticker": "HIGHNY-24APR26-T63",
            "count": 90,
            "created_time": "2024-04-25T16:32:07.231892Z",
            "yes_price": 17,
            "no_price": 83,
            "taker_side": "yes"
        },
        {
            "trade_id": "e854dfce-b97b-4ece-98cc-033d690c0aa8",
            "ticker": "HIGHNY-24APR26-T63",
            "count": 150,
            "created_time": "2024-04-25T16:31:39.548381Z",
            "yes_price": 18,
            "no_price": 82,
            "taker_side": "no"
        },
        {
            "trade_id": "5c00be38-69d3-45f9-8105-dc158580a749",
            "ticker": "HIGHNY-24APR26-T63",
            "count": 150,
            "created_time": "2024-04-25T16:31:39.548381Z",
            "yes_price": 17,
            "no_price": 83,
            "taker_side": "no"
        },
        {
            "trade_id": "473fb303-76ac-4c3c-9a13-77ed3ec16f6c",
            "ticker": "HIGHNY-24APR26-T63",
            "count": 105,
            "created_time": "2024-04-25T16:31:39.548381Z",
            "yes_price": 20,
            "no_price": 80,
            "taker_side": "no"
        },
        {
            "trade_id": "86a7d264-5fb3-47a2-ab15-c1ad3324783a",
            "ticker": "HIGHNY-24APR26-T63",
            "count": 5,
            "created_time": "2024-04-25T15:17:08.93106Z",
            "yes_price": 24,
            "no_price": 76,
            "taker_side": "yes"
        }
    ]
}