{
    "HIGHNY-24AUG08-T70": [
        {
            "trade_id": "2313413a-8e7f-4537-9ed1-3f83941ab061",
            "ticker": "HIGHNY-24AUG08-T70",
            "count": 10,
            "created_time": "2024-08-09T01:58:26.804608Z",
            "yes_price": 15,
            "no_price": 85,
            "taker_side": "no"
        },
        {
            "trade_id": "e9b8456c-5855-468a-812f-ba117ab01df2",
            "ticker": "HIGHNY-24AUG08-T70",
            "count": 5,
            "created_time": "2024-08-09T01:55:46.235914Z",
            "yes_price": 3,
            "no_price": 97,
            "taker_side": "no"
        },
        {
            "trade_id": "e15d42e6-9a0a-4a2d-96f1-debe58a15e70",
            "ticker": "HIGHNY-24AUG08-T70",
            "count": 10,
            "created_time": "2024-08-09T00:22:09.090611Z",
            "yes_price": 10,
            "no_price": 90,
            "taker_side": "yes"
        },
        {
            "trade_id": "ae18a0a1-317a-4f80-8fcb-735fe6141d6b",
            "ticker": "HIGHNY-24AUG08-T70",
            "count": 20,
            "created_time": "2024-08-08T22:05:33.476234Z",
            "yes_price": 3,
            "no_price": 97,
            "taker_side": "no"
        },
        {
            "trade_id": "d1e7aaf6-50c6-4bdb-b234-90f541a51161",
            "ticker": "HIGHNY-24AUG08-T70",
            "count": 10,
            "created_time": "2024-08-08T21:59:59.043443Z",
            "yes_price": 25,
            "no_price": 75,
            "taker_side": "yes"
        },
        {
            "trade_id": "a4c1d30c-eae5-4060-9248-3c500a1da95c",
            "ticker": "HIGHNY-24AUG08-T70",
            "count": 10,
            "created_time": "2024-08-08T21:59:59.043443Z",
            "yes_price": 15,
            "no_price": 85,
            "taker_side": "yes"
        },
        {
            "trade_id": "77605546-83eb-462c-9990-e5fe1758546f",
            "ticker": "HIGHNY-24AUG08-T70",
            "count": 5,
            "created_time": "2024-08-08T21:59:59.043443Z",
            "yes_price": 30,
            "no_price": 70,
            "taker_side": "yes"
        },
        {
            "trade_id": "45231b67-097c-4b18-a4aa-29fbbfa6ec01",
            "ticker": "HIGHNY-24AUG08-T70",
            "count": 10,
            "created_time": "2024-08-08T21:59:59.043443Z",
            "yes_price": 10,
            "no_price": 90,
            "taker_side": "yes"
        },
        {
            "trade_id": "3b25fff2-0e3a-4b94-84f6-2b9db45ad99c",
            "ticker": "HIGHNY-24AUG08-T70",
            "count": 5,
            "created_time": "2024-08-08T21:59:59.043443Z",
            "yes_price": 6,
            "no_price": 94,
            "taker_side": "yes"
        },
        {
            "trade_id": "1ad1799e-82aa-4608-b456-db7bfc2ed9e0",
            "ticker": "HIGHNY-24AUG08-T70",
            "count": 10,
            "created_time": "2024-08-08T21:59:59.043443Z",
            "yes_price": 30,
            "no_price": 70,
            "taker_side": "yes"
        },
        {
            "trade_id": "e9b8baa6-cf98-4816-af4f-17393fde19d8",
            "ticker": "HIGHNY-24AUG08-T70",
            "count": 24,
            "created_time": "2024-08-08T21:50:48.667163Z",
            "yes_price": 1,
            "no_price": 99,
            "taker_side": "no"
        },
        {
            "trade_id": "3de4702b-529b-4765-8501-e63182dc463d",
            "ticker": "HIGHNY-24AUG08-T70",
            "count": 5,
            "created_time": "2024-08-08T21:50:48.667163Z",
            "yes_price": 3,
            "no_price": 97,
            "taker_side": "no"
        },
        {
            "trade_id": "12e16714-1467-4aeb-98ed-d308a2075e54",
            "ticker": "HIGHNY-24AUG08-T70",
            "count": 31,
            "created_time": "2024-08-08T21:50:48.667163Z",
            "yes_price": 1,
            "no_price": 99,
            "taker_side": "no"
        },
        {
            "trade_id": "95d6d22c-903a-44fd-aad2-86e6ea1e34be",
            "ticker": "HIGHNY-24AUG08-T70",
            "count": 10,
            "created_time": "2024-08-08T21:38:19.360533Z",
            "yes_price": 20,
            "no_price": 80,
            "taker_side": "yes"
        },
        {
            "trade_id": "894ba6a8-bb6c-41a3-92fb-bc061b1acd16",
            "ticker": "HIGHNY-24AUG08-T70",
            "count": 10,
            "created_time": "2024-08-08T21:38:19.360533Z",
            "yes_price": 10,
            "no_price": 90,
            "taker_side": "yes"
        },
        {
            "trade_id": "4260c091-b5f7-4f1a-89ee-808982370c1e",
            "ticker": "HIGHNY-24AUG08-T70",
            "count": 1,
            "created_time": "2024-08-08T21:38:19.360533Z",
            "yes_price": 40,
            "no_price": 60,
            "taker_side": "yes"
        },
        {
            "trade_id": "182e240d-e016-4939-bfc6-c32a9c411a71",
            "ticker": "HIGHNY-24AUG08-T70",
            "count": 10,
            "created_time": "2024-08-08T21:38:19.360533Z",
            "yes_price": 30,
            "no_price": 70,
            "taker_side": "yes"
        },
        {
            "trade_id": "6068ca4d-3e2a-4332-a8de-5e995b831c80",
            "ticker": "HIGHNY-24AUG08-T70",
            "count": 1,
            "created_time": "2024-08-08T21:34:12.568106Z",
            "yes_price": 10,
            "no_price": 90,
            "taker_side": "yes"
        },
        {
            "trade_id": "f690b040-e2e2-44a6-a2cc-3ac2a3d5b19c",
            "ticker": "HIGHNY-24AUG08-T70",
            "count": 1,
            "created_time": "2024-08-08T21:26:44.333147Z",
            "yes_price": 42,
            "no_price": 58,
            "taker_side": "yes"
        },
        {
            "trade_id": "e396a5aa-ce6e-41f1-b34c-e071c4c80a8b",
            "ticker": "HIGHNY-24AUG08-T70",
            "count": 1,
            "created_time": "2024-08-08T21:26:44.333147Z",
            "yes_price": 62,
            "no_price": 38,
            "taker_side": "yes"
        },
        {
            "trade_id": "6bc6d0ea-4694-4832-a84b-d1c1aab21bca",
            "ticker": "HIGHNY-24AUG08-T70",
            "count": 1,
            "created_time": "2024-08-08T21:26:44.333147Z",
            "yes_price": 32,
            "no_price": 68,
            "taker_side": "yes"
        },
        {
            "trade_id": "51548ec3-0c50-4a37-9544-74147c91849a",
            "ticker": "HIGHNY-24AUG08-T70",
            "count": 1,
            "created_time": "2024-08-08T21:26:44.333147Z",
            "yes_price": 22,
            "no_price": 78,
            "taker_side": "yes"
        },
        {
            "trade_id": "4d975afe-e965-4644-a085-315578859bed",
            "ticker": "HIGHNY-24AUG08-T70",
            "count": 1,
            "created_time": "2024-08-08T21:26:44.333147Z",
            "yes_price": 52,
            "no_price": 48,
            "taker_side": "yes"
        },
        {
            "trade_id": "303dc529-3a12-4896-be6b-31b5606d87b1",
            "ticker": "HIGHNY-24AUG08-T70",
            "count": 10,
            "created_time": "2024-08-08T21:26:44.333147Z",
            "yes_price": 15,
            "no_price": 85,
            "taker_side": "yes"
        },
        {
            "trade_id": "2828a4cc-b19e-40bc-8800-3f3bde67881e",
            "ticker": "HIGHNY-24AUG08-T70",
            "count": 1,
            "created_time": "2024-08-08T21:26:44.333147Z",
            "yes_price": 72,
            "no_price": 28,
            "taker_side": "yes"
        },
        {
            "trade_id": "2014f0fc-c48c-4f64-ab6d-2729e70608a1",
            "ticker": "HIGHNY-24AUG08-T70",
            "count": 1,
            "created_time": "2024-08-08T21:26:44.333147Z",
            "yes_price": 10,
            "no_price": 90,
            "taker_side": "yes"
        },
        {
            "trade_id": "ed732f61-6715-4b89-9d2d-9ea5a6be6f51",
            "ticker": "HIGHNY-24AUG08-T70",
            "count": 25,
            "created_time": "2024-08-08T21:23:10.49762Z",
            "yes_price": 15,
            "no_price": 85,
            "taker_side": "yes"
        },
        {
            "trade_id": "22e52d15-3be9-4e0f-a83e-daa733895475",
            "ticker": "HIGHNY-24AUG08-T70",
            "count": 31,
            "created_time": "2024-08-08T21:08:14.048958Z",
            "yes_price": 15,
            "no_price": 85,
            "taker_side": "yes"
        },
        {
            "trade_id": "ace31f82-0c90-47e6-913d-f1afe4fc6ed1",
            "ticker": "HIGHNY-24AUG08-T70",
            "count": 22,
            "created_time": "2024-08-08T20:56:28.865066Z",
            "yes_price": 15,
            "no_price": 85,
            "taker_side": "yes"
        },
        {
            "trade_id": "4616e4a3-58f6-4099-8e89-7b3fb380bb47",
            "ticker": "HIGHNY-24AUG08-T70",
            "count": 1,
            "created_time": "2024-08-08T19:40:27.578407Z",
            "yes_price": 21,
            "no_price": 79,
            "taker_side": "yes"
        },
        {
            "trade_id": "842013c2-5b46-4863-b0e6-19f4a0392218",
            "ticker": "HIGHNY-24AUG08-T70",
            "count": 1,
            "created_time": "2024-08-08T19:39:32.506143Z",
            "yes_price": 17,
            "no_price": 83,
            "taker_side": "yes"
        },
        {
            "trade_id": "e9eb61ce-0d9e-472a-bbb0-343477860eea",
            "ticker": "HIGHNY-24AUG08-T70",
            "count": 2,
            "created_time": "2024-08-08T19:39:32.495194Z",
            "yes_price": 4,
            "no_price": 96,
            "taker_side": "yes"
        },
        {
            "trade_id": "b7eeb702-a37d-4ce3-95c8-66cb658b926a",
            "ticker": "HIGHNY-24AUG08-T70",
            "count": 23,
            "created_time": "2024-08-08T19:37:22.959806Z",
            "yes_price": 4,
            "no_price": 96,
            "taker_side": "yes"
        },
        {
            "trade_id": "b16a8e8f-2d16-4250-b07e-26393d3edaf2",
            "ticker": "HIGHNY-24AUG08-T70",
            "count": 4,
            "created_time": "2024-08-08T19:37:22.959806Z",
            "yes_price": 3,
            "no_price": 97,
            "taker_side": "yes"
        },
        {
            "trade_id": "eaa1118f-3e4f-4bbe-98c2-543bfe246dd2",
            "ticker": "HIGHNY-24AUG08-T70",
            "count": 25,
            "created_time": "2024-08-08T19:03:51.266637Z",
            "yes_price": 3,
            "no_price": 97,
            "taker_side": "yes"
        },
        {
            "trade_id": "ffdee809-c164-48d7-96fa-3ccf9f7f9446",
            "ticker": "HIGHNY-24AUG08-T70",
            "count": 32,
            "created_time": "2024-08-08T13:17:05.02475Z",
            "yes_price": 1,
            "no_price": 99,
            "taker_side": "no"
        },
        {
            "trade_id": "e8c6a061-b1c1-4475-8b30-94db910c7044",
            "ticker": "HIGHNY-24AUG08-T70",
            "count": 41,
            "created_time": "2024-08-08T13:17:05.02475Z",
            "yes_price": 1,
            "no_price": 99,
            "taker_side": "no"
        },
        {
            "trade_id": "3d65aa2d-dc4f-431a-8396-e565c85e2c12",
            "ticker": "HIGHNY-24AUG08-T70",
            "count": 9,
            "created_time": "2024-08-08T12:00:54.169461Z",
            "yes_price": 1,
            "no_price": 99,
            "taker_side": "no"
        },
        {
            "trade_id": "f1da0b7f-cb2d-4501-bb76-1c0d8028e461",
            "ticker": "HIGHNY-24AUG08-T70",
            "count": 78,
            "created_time": "2024-08-08T12:00:03.432454Z",
            "yes_price": 5,
            "no_price": 95,
            "taker_side": "no"
        },
        {
            "trade_id": "d1cbf44b-7167-4722-98a1-614abff8ee3c",
            "ticker": "HIGHNY-24AUG08-T70",
            "count": 50,
            "created_time": "2024-08-08T12:00:03.311612Z",
            "yes_price": 5,
            "no_price": 95,
            "taker_side": "no"
        },
        {
            "trade_id": "cdeab739-3806-45a0-ab35-1fbbaca915b2",
            "ticker": "HIGHNY-24AUG08-T70",
            "count": 3,
            "created_time": "2024-08-08T02:58:37.230325Z",
            "yes_price": 5,
            "no_price": 95,
            "taker_side": "no"
        },
        {
            "trade_id": "b5bb3214-4a77-4770-a062-21c5388478a5",
            "ticker": "HIGHNY-24AUG08-T70",
            "count": 21,
            "created_time": "2024-08-08T00:57:51.038711Z",
            "yes_price": 5,
            "no_price": 95,
            "taker_side": "no"
        },
        {
            "trade_id": "81bbd006-cc33-461c-92f9-fa6aae8466db",
            "ticker": "HIGHNY-24AUG08-T70",
            "count": 30,
            "created_time": "2024-08-07T23:49:49.935054Z",
            "yes_price": 4,
            "no_price": 96,
            "taker_side": "yes"
        },
        {
            "trade_id": "47dfc3ba-7ee6-46dd-b232-e47204a32ec9",
            "ticker": "HIGHNY-24AUG08-T70",
            "count": 30,
            "created_time": "2024-08-07T23:49:49.935054Z",
            "yes_price": 5,
            "no_price": 95,
            "taker_side": "yes"
        },
        {
            "trade_id": "2547709b-16d8-47c7-8ece-b229bdcd1438",
            "ticker": "HIGHNY-24AUG08-T70",
            "count": 1,
            "created_time": "2024-08-07T22:35:12.527906Z",
            "yes_price": 2,
            "no_price": 98,
            "taker_side": "no"
        },
        {
            "trade_id": "9a28e52c-b2d3-4467-95be-bd7c8077ff32",
            "ticker": "HIGHNY-24AUG08-T70",
            "count": 1,
            "created_time": "2024-08-07T22:24:18.180502Z",
            "yes_price": 4,
            "no_price": 96,
            "taker_side": "yes"
        },
        {
            "trade_id": "4f6b3482-bb6c-4e38-b083-8f3b5070442e",
            "ticker": "HIGHNY-24AUG08-T70",
            "count": 6,
            "created_time": "2024-08-07T21:45:58.73501Z",
            "yes_price": 3,
            "no_price": 97,
            "taker_side": "no"
        }
    ],
    "HIGHNY-24AUG08-B70.5": [
        {
            "trade_id": "6315fe83-2523-4494-9432-017f325f0573",
            "ticker": "HIGHNY-24AUG08-B70.5",
            "count": 15,
            "created_time": "2024-08-09T01:57:43.250048Z",
            "yes_price": 60,
            "no_price": 40,
            "taker_side": "no"
        },
        {
            "trade_id": "b330eba7-f563-4a30-baaa-8e2a4a79f1e7",
            "ticker": "HIGHNY-24AUG08-B70.5",
            "count": 25,
            "created_time": "2024-08-09T00:41:14.604064Z",
            "yes_price": 24,
            "no_price": 76,
            "taker_side": "yes"
        },
        {
            "trade_id": "59f20bdc-aade-484a-9d28-ade9bb48af6d",
            "ticker": "HIGHNY-24AUG08-B70.5",
            "count": 55,
            "created_time": "2024-08-09T00:24:25.476916Z",
            "yes_price": 17,
            "no_price": 83,
            "taker_side": "yes"
        },
        {
            "trade_id": "4060ad61-5f89-4178-8bd4-8d5c2f42195d",
            "ticker": "HIGHNY-24AUG08-B70.5",
            "count": 115,
            "created_time": "2024-08-08T23:13:42.203749Z",
            "yes_price": 17,
            "no_price": 83,
            "taker_side": "yes"
        },
        {
            "trade_id": "b8e3c763-2aeb-45cb-b8f8-287f4708597c",
            "ticker": "HIGHNY-24AUG08-B70.5",
            "count": 20,
            "created_time": "2024-08-08T22:38:46.525873Z",
            "yes_price": 17,
            "no_price": 83,
            "taker_side": "yes"
        },
        {
            "trade_id": "2baac94d-5a15-4570-b322-d07f94d0624f",
            "ticker": "HIGHNY-24AUG08-B70.5",
            "count": 10,
            "created_time": "2024-08-08T22:36:04.914679Z",
            "yes_price": 17,
            "no_price": 83,
            "taker_side": "yes"
        },
        {
            "trade_id": "d8d5d8c6-165c-4b8c-a1a5-c5857b2f4bac",
            "ticker": "HIGHNY-24AUG08-B70.5",
            "count": 10,
            "created_time": "2024-08-08T22:34:10.20181Z",
            "yes_price": 16,
            "no_price": 84,
            "taker_side": "yes"
        },
        {
            "trade_id": "3015e4c8-e263-4b6f-83e5-fb4cf9e18b6c",
            "ticker": "HIGHNY-24AUG08-B70.5",
            "count": 15,
            "created_time": "2024-08-08T22:07:06.364633Z",
            "yes_price": 9,
            "no_price": 91,
            "taker_side": "no"
        },
        {
            "trade_id": "9868bc0a-1fcc-4667-bcbb-d300372399aa",
            "ticker": "HIGHNY-24AUG08-B70.5",
            "count": 28,
            "created_time": "2024-08-08T21:46:18.166518Z",
            "yes_price": 21,
            "no_price": 79,
            "taker_side": "yes"
        },
        {
            "trade_id": "ae871629-dc30-44f4-b8a9-605dd45d04ca",
            "ticker": "HIGHNY-24AUG08-B70.5",
            "count": 51,
            "created_time": "2024-08-08T21:45:52.774029Z",
            "yes_price": 20,
            "no_price": 80,
            "taker_side": "yes"
        },
        {
            "trade_id": "2ca74cf7-f66d-4655-b573-46ffdc755ce1",
            "ticker": "HIGHNY-24AUG08-B70.5",
            "count": 72,
            "created_time": "2024-08-08T21:29:08.851536Z",
            "yes_price": 20,
            "no_price": 80,
            "taker_side": "yes"
        },
        {
            "trade_id": "78c8a6f6-d3f8-4461-b2ef-5a0841a88e6a",
            "ticker": "HIGHNY-24AUG08-B70.5",
            "count": 1,
            "created_time": "2024-08-08T20:52:08.71225Z",
            "yes_price": 19,
            "no_price": 81,
            "taker_side": "yes"
        },
        {
            "trade_id": "fd2f3173-f19e-48eb-b95f-9c92c537bb98",
            "ticker": "HIGHNY-24AUG08-B70.5",
            "count": 200,
            "created_time": "2024-08-08T20:47:02.668307Z",
            "yes_price": 15,
            "no_price": 85,
            "taker_side": "yes"
        },
        {
            "trade_id": "d4e971c7-6475-4c00-815a-5c2e83051bd6",
            "ticker": "HIGHNY-24AUG08-B70.5",
            "count": 1,
            "created_time": "2024-08-08T20:47:02.668307Z",
            "yes_price": 70,
            "no_price": 30,
            "taker_side": "yes"
        },
        {
            "trade_id": "cf5f777f-cf9e-4749-bd99-95279d9b6f03",
            "ticker": "HIGHNY-24AUG08-B70.5",
            "count": 1,
            "created_time": "2024-08-08T20:47:02.668307Z",
            "yes_price": 50,
            "no_price": 50,
            "taker_side": "yes"
        },
        {
            "trade_id": "c1b2963a-66f1-4083-8254-aad3ddea8536",
            "ticker": "HIGHNY-24AUG08-B70.5",
            "count": 50,
            "created_time": "2024-08-08T20:47:02.668307Z",
            "yes_price": 99,
            "no_price": 1,
            "taker_side": "yes"
        },
        {
            "trade_id": "82283bfd-f229-416b-8f47-d9d2267e3935",
            "ticker": "HIGHNY-24AUG08-B70.5",
            "count": 1,
            "created_time": "2024-08-08T20:47:02.668307Z",
            "yes_price": 80,
            "no_price": 20,
            "taker_side": "yes"
        },
        {
            "trade_id": "7975d26d-8877-4c03-b45f-4f357517fdd3",
            "ticker": "HIGHNY-24AUG08-B70.5",
            "count": 1,
            "created_time": "2024-08-08T20:47:02.668307Z",
            "yes_price": 90,
            "no_price": 10,
            "taker_side": "yes"
        },
        {
            "trade_id": "75c5e617-6151-43c2-89a5-69b341b2ede1",
            "ticker": "HIGHNY-24AUG08-B70.5",
            "count": 25,
            "created_time": "2024-08-08T20:47:02.668307Z",
            "yes_price": 22,
            "no_price": 78,
            "taker_side": "yes"
        },
        {
            "trade_id": "61076d52-5ec5-4276-b3f6-c1212dc3f16d",
            "ticker": "HIGHNY-24AUG08-B70.5",
            "count": 1,
            "created_time": "2024-08-08T20:47:02.668307Z",
            "yes_price": 98,
            "no_price": 2,
            "taker_side": "yes"
        },
        {
            "trade_id": "4051b084-ffe6-4c23-8e3a-0e39d701d071",
            "ticker": "HIGHNY-24AUG08-B70.5",
            "count": 200,
            "created_time": "2024-08-08T20:47:02.668307Z",
            "yes_price": 16,
            "no_price": 84,
            "taker_side": "yes"
        },
        {
            "trade_id": "3c1a52d4-e84c-434d-bc29-32779ca5057e",
            "ticker": "HIGHNY-24AUG08-B70.5",
            "count": 1,
            "created_time": "2024-08-08T20:47:02.668307Z",
            "yes_price": 30,
            "no_price": 70,
            "taker_side": "yes"
        },
        {
            "trade_id": "08a9c597-b12b-4d14-9ca0-a20af634f8dd",
            "ticker": "HIGHNY-24AUG08-B70.5",
            "count": 1,
            "created_time": "2024-08-08T20:47:02.668307Z",
            "yes_price": 60,
            "no_price": 40,
            "taker_side": "yes"
        },
        {
            "trade_id": "081b83d2-7b92-4c08-af33-c2d8a9866ef1",
            "ticker": "HIGHNY-24AUG08-B70.5",
            "count": 1,
            "created_time": "2024-08-08T20:47:02.668307Z",
            "yes_price": 25,
            "no_price": 75,
            "taker_side": "yes"
        },
        {
            "trade_id": "07430ca8-b550-4f40-98e7-e158de169934",
            "ticker": "HIGHNY-24AUG08-B70.5",
            "count": 140,
            "created_time": "2024-08-08T20:47:02.668307Z",
            "yes_price": 14,
            "no_price": 86,
            "taker_side": "yes"
        },
        {
            "trade_id": "05c52f8a-ffd3-4b59-8f32-603215e2d3e2",
            "ticker": "HIGHNY-24AUG08-B70.5",
            "count": 1,
            "created_time": "2024-08-08T20:47:02.668307Z",
            "yes_price": 40,
            "no_price": 60,
            "taker_side": "yes"
        },
        {
            "trade_id": "01a58a8f-bb16-402f-b12a-abaafd88278b",
            "ticker": "HIGHNY-24AUG08-B70.5",
            "count": 1,
            "created_time": "2024-08-08T20:47:02.668307Z",
            "yes_price": 99,
            "no_price": 1,
            "taker_side": "yes"
        },
        {
            "trade_id": "d7319a60-94a4-429e-96d5-7d5517abefbc",
            "ticker": "HIGHNY-24AUG08-B70.5",
            "count": 200,
            "created_time": "2024-08-08T20:19:03.010838Z",
            "yes_price": 13,
            "no_price": 87,
            "taker_side": "yes"
        },
        {
            "trade_id": "77924bae-9c16-408e-908d-168f5b98bdf9",
            "ticker": "HIGHNY-24AUG08-B70.5",
            "count": 181,
            "created_time": "2024-08-08T20:19:03.010838Z",
            "yes_price": 14,
            "no_price": 86,
            "taker_side": "yes"
        },
        {
            "trade_id": "3470298a-f7b2-46b5-aa1e-25559b9c0fd8",
            "ticker": "HIGHNY-24AUG08-B70.5",
            "count": 200,
            "created_time": "2024-08-08T20:19:03.010838Z",
            "yes_price": 12,
            "no_price": 88,
            "taker_side": "yes"
        },
        {
            "trade_id": "d35927a1-025a-4cfc-b6e5-d3738c53df37",
            "ticker": "HIGHNY-24AUG08-B70.5",
            "count": 1,
            "created_time": "2024-08-08T19:56:08.980211Z",
            "yes_price": 8,
            "no_price": 92,
            "taker_side": "no"
        },
        {
            "trade_id": "58732aac-4576-4fcd-85fa-bb85f56f2aa0",
            "ticker": "HIGHNY-24AUG08-B70.5",
            "count": 1,
            "created_time": "2024-08-08T19:40:27.639505Z",
            "yes_price": 8,
            "no_price": 92,
            "taker_side": "no"
        },
        {
            "trade_id": "dfef5439-6d1c-4465-8b1b-2bdc51898858",
            "ticker": "HIGHNY-24AUG08-B70.5",
            "count": 41,
            "created_time": "2024-08-08T19:19:39.911657Z",
            "yes_price": 12,
            "no_price": 88,
            "taker_side": "yes"
        },
        {
            "trade_id": "968b63e2-96c9-4e1b-b97f-b8ce99ca9fcc",
            "ticker": "HIGHNY-24AUG08-B70.5",
            "count": 40,
            "created_time": "2024-08-08T19:19:39.911657Z",
            "yes_price": 11,
            "no_price": 89,
            "taker_side": "yes"
        },
        {
            "trade_id": "402521f1-de1b-4bc7-8ebd-b3392f824a25",
            "ticker": "HIGHNY-24AUG08-B70.5",
            "count": 10,
            "created_time": "2024-08-08T18:39:21.547972Z",
            "yes_price": 11,
            "no_price": 89,
            "taker_side": "yes"
        },
        {
            "trade_id": "4d3d1ec0-52e3-4562-8fa5-5a70646dc3e4",
            "ticker": "HIGHNY-24AUG08-B70.5",
            "count": 11,
            "created_time": "2024-08-08T17:58:53.720434Z",
            "yes_price": 11,
            "no_price": 89,
            "taker_side": "yes"
        },
        {
            "trade_id": "0de5a2ca-46f1-41c8-8fee-62ba8c2481d9",
            "ticker": "HIGHNY-24AUG08-B70.5",
            "count": 20,
            "created_time": "2024-08-08T17:58:53.720434Z",
            "yes_price": 10,
            "no_price": 90,
            "taker_side": "yes"
        },
        {
            "trade_id": "660c26b1-0c9b-4a73-99c8-d4055c202f5f",
            "ticker": "HIGHNY-24AUG08-B70.5",
            "count": 20,
            "created_time": "2024-08-08T17:39:43.571414Z",
            "yes_price": 10,
            "no_price": 90,
            "taker_side": "yes"
        },
        {
            "trade_id": "623f02d3-a02e-4e11-ba50-f45c4fea249f",
            "ticker": "HIGHNY-24AUG08-B70.5",
            "count": 30,
            "created_time": "2024-08-08T17:39:43.571414Z",
            "yes_price": 11,
            "no_price": 89,
            "taker_side": "yes"
        },
        {
            "trade_id": "e8a65f25-c5e7-4808-9571-6d65fda07ddb",
            "ticker": "HIGHNY-24AUG08-B70.5",
            "count": 50,
            "created_time": "2024-08-08T16:05:27.769482Z",
            "yes_price": 10,
            "no_price": 90,
            "taker_side": "yes"
        },
        {
            "trade_id": "a7e769e9-b7d5-4cb4-9d4d-a9a862fe0319",
            "ticker": "HIGHNY-24AUG08-B70.5",
            "count": 50,
            "created_time": "2024-08-08T15:05:11.555211Z",
            "yes_price": 1,
            "no_price": 99,
            "taker_side": "no"
        },
        {
            "trade_id": "6d8771f7-7bea-4c38-91ae-7e7dcd99d76d",
            "ticker": "HIGHNY-24AUG08-B70.5",
            "count": 10,
            "created_time": "2024-08-08T14:53:15.988473Z",
            "yes_price": 1,
            "no_price": 99,
            "taker_side": "no"
        },
        {
            "trade_id": "2cccfd44-4666-4554-bd5d-7bd850768da1",
            "ticker": "HIGHNY-24AUG08-B70.5",
            "count": 10,
            "created_time": "2024-08-08T14:52:46.283792Z",
            "yes_price": 1,
            "no_price": 99,
            "taker_side": "no"
        },
        {
            "trade_id": "b05944ca-85db-44d5-be99-18f3f94d2d9e",
            "ticker": "HIGHNY-24AUG08-B70.5",
            "count": 20,
            "created_time": "2024-08-08T14:25:47.780143Z",
            "yes_price": 1,
            "no_price": 99,
            "taker_side": "no"
        },
        {
            "trade_id": "535b4927-4aba-41f5-84ec-7e7fc740d252",
            "ticker": "HIGHNY-24AUG08-B70.5",
            "count": 28,
            "created_time": "2024-08-08T14:00:55.646224Z",
            "yes_price": 1,
            "no_price": 99,
            "taker_side": "no"
        },
        {
            "trade_id": "c5f79f84-4625-4280-9f81-94a2831f5f9a",
            "ticker": "HIGHNY-24AUG08-B70.5",
            "count": 50,
            "created_time": "2024-08-08T13:25:00.194157Z",
            "yes_price": 1,
            "no_price": 99,
            "taker_side": "no"
        },
        {
            "trade_id": "64ac2ea6-933e-442a-8713-fda66d3ac7f5",
            "ticker": "HIGHNY-24AUG08-B70.5",
            "count": 72,
            "created_time": "2024-08-08T12:43:35.134414Z",
            "yes_price": 13,
            "no_price": 87,
            "taker_side": "yes"
        },
        {
            "trade_id": "fbb2fdbe-02a0-456b-8655-d3ca55808b4f",
            "ticker": "HIGHNY-24AUG08-B70.5",
            "count": 100,
            "created_time": "2024-08-08T12:36:43.14589Z",
            "yes_price": 2,
            "no_price": 98,
            "taker_side": "no"
        },
        {
            "trade_id": "15e8a4bc-696f-4825-b53c-1107a8aba27b",
            "ticker": "HIGHNY-24AUG08-B70.5",
            "count": 80,
            "created_time": "2024-08-08T12:04:19.976574Z",
            "yes_price": 15,
            "no_price": 85,
            "taker_side": "yes"
        },
        {
            "trade_id": "ab127104-234a-44ae-8885-89bed5bb7bf2",
            "ticker": "HIGHNY-24AUG08-B70.5",
            "count": 200,
            "created_time": "2024-08-08T12:04:19.958189Z",
            "yes_price": 14,
            "no_price": 86,
            "taker_side": "yes"
        },
        {
            "trade_id": "a1282883-9156-455c-8b49-5b2f2dcc9d5b",
            "ticker": "HIGHNY-24AUG08-B70.5",
            "count": 140,
            "created_time": "2024-08-08T12:03:46.554165Z",
            "yes_price": 13,
            "no_price": 87,
            "taker_side": "yes"
        },
        {
            "trade_id": "d7c1b96a-540a-4a87-809e-dca537d376fb",
            "ticker": "HIGHNY-24AUG08-B70.5",
            "count": 140,
            "created_time": "2024-08-08T12:03:46.517641Z",
            "yes_price": 12,
            "no_price": 88,
            "taker_side": "yes"
        },
        {
            "trade_id": "57a8862d-5ef3-4b84-bd11-cad86e3371a5",
            "ticker": "HIGHNY-24AUG08-B70.5",
            "count": 26,
            "created_time": "2024-08-08T12:00:07.686003Z",
            "yes_price": 14,
            "no_price": 86,
            "taker_side": "no"
        },
        {
            "trade_id": "0929ef1e-32e1-4cea-83a5-e148f2fbe50b",
            "ticker": "HIGHNY-24AUG08-B70.5",
            "count": 200,
            "created_time": "2024-08-08T12:00:07.667265Z",
            "yes_price": 14,
            "no_price": 86,
            "taker_side": "no"
        },
        {
            "trade_id": "5eefc10b-9d62-42d8-8307-b5263f2f3d0c",
            "ticker": "HIGHNY-24AUG08-B70.5",
            "count": 78,
            "created_time": "2024-08-08T12:00:03.431935Z",
            "yes_price": 14,
            "no_price": 86,
            "taker_side": "no"
        },
        {
            "trade_id": "71a95bd6-3ec0-4048-8982-24d0e0e87408",
            "ticker": "HIGHNY-24AUG08-B70.5",
            "count": 50,
            "created_time": "2024-08-08T12:00:03.311969Z",
            "yes_price": 14,
            "no_price": 86,
            "taker_side": "no"
        },
        {
            "trade_id": "f1a28bf4-0789-45aa-a156-fa0725b1ea6e",
            "ticker": "HIGHNY-24AUG08-B70.5",
            "count": 120,
            "created_time": "2024-08-08T03:35:35.378772Z",
            "yes_price": 15,
            "no_price": 85,
            "taker_side": "yes"
        },
        {
            "trade_id": "b9266924-5859-44f2-831d-9acd6b07c229",
            "ticker": "HIGHNY-24AUG08-B70.5",
            "count": 200,
            "created_time": "2024-08-08T03:35:35.378772Z",
            "yes_price": 18,
            "no_price": 82,
            "taker_side": "yes"
        },
        {
            "trade_id": "a8d01aa7-be2e-4838-9ef2-c9fae7779b89",
            "ticker": "HIGHNY-24AUG08-B70.5",
            "count": 200,
            "created_time": "2024-08-08T03:35:35.378772Z",
            "yes_price": 17,
            "no_price": 83,
            "taker_side": "yes"
        },
        {
            "trade_id": "b30d6ddc-c85d-42de-bc72-14406ba0922e",
            "ticker": "HIGHNY-24AUG08-B70.5",
            "count": 3,
            "created_time": "2024-08-08T02:58:37.227275Z",
            "yes_price": 14,
            "no_price": 86,
            "taker_side": "no"
        },
        {
            "trade_id": "a565b51b-28ff-4790-8f9f-c0521cc731eb",
            "ticker": "HIGHNY-24AUG08-B70.5",
            "count": 31,
            "created_time": "2024-08-07T23:32:44.836222Z",
            "yes_price": 12,
            "no_price": 88,
            "taker_side": "no"
        },
        {
            "trade_id": "f2a9b740-39ac-4727-a1f3-deeae11c8aed",
            "ticker": "HIGHNY-24AUG08-B70.5",
            "count": 2,
            "created_time": "2024-08-07T22:33:54.285332Z",
            "yes_price": 7,
            "no_price": 93,
            "taker_side": "no"
        },
        {
            "trade_id": "0f2d5abd-0b9d-4b0c-81f4-2cc409d2db3f",
            "ticker": "HIGHNY-24AUG08-B70.5",
            "count": 1,
            "created_time": "2024-08-07T22:24:29.440515Z",
            "yes_price": 8,
            "no_price": 92,
            "taker_side": "yes"
        },
        {
            "trade_id": "fb398d0c-6509-49ec-8a3c-b02777e26835",
            "ticker": "HIGHNY-24AUG08-B70.5",
            "count": 1,
            "created_time": "2024-08-07T18:40:01.808653Z",
            "yes_price": 7,
            "no_price": 93,
            "taker_side": "no"
        },
        {
            "trade_id": "f333c043-27ce-413a-a1b5-a3ef347d2b11",
            "ticker": "HIGHNY-24AUG08-B70.5",
            "count": 25,
            "created_time": "2024-08-07T17:04:49.89855Z",
            "yes_price": 8,
            "no_price": 92,
            "taker_side": "yes"
        },
        {
            "trade_id": "1e2a574f-58e6-463c-9707-54056232cc08",
            "ticker": "HIGHNY-24AUG08-B70.5",
            "count": 6,
            "created_time": "2024-08-07T15:09:43.604123Z",
            "yes_price": 7,
            "no_price": 93,
            "taker_side": "no"
        },
        {
            "trade_id": "7a8393df-50f0-4691-ba5f-0ceae87a942c",
            "ticker": "HIGHNY-24AUG08-B70.5",
            "count": 7,
            "created_time": "2024-08-07T15:08:08.228453Z",
            "yes_price": 8,
            "no_price": 92,
            "taker_side": "no"
        },
        {
            "trade_id": "315db7d9-8d36-483b-8494-d3690b7f6341",
            "ticker": "HIGHNY-24AUG08-B70.5",
            "count": 16,
            "created_time": "2024-08-07T15:07:37.969997Z",
            "yes_price": 8,
            "no_price": 92,
            "taker_side": "no"
        },
        {
            "trade_id": "f106ad55-1e99-4fe8-a794-383b8a3f5e1c",
            "ticker": "HIGHNY-24AUG08-B70.5",
            "count": 25,
            "created_time": "2024-08-07T15:07:06.893911Z",
            "yes_price": 8,
            "no_price": 92,
            "taker_side": "no"
        },
        {
            "trade_id": "5f5820c4-c286-4a63-a680-847f9fa205f5",
            "ticker": "HIGHNY-24AUG08-B70.5",
            "count": 25,
            "created_time": "2024-08-07T15:06:36.917247Z",
            "yes_price": 8,
            "no_price": 92,
            "taker_side": "no"
        },
        {
            "trade_id": "aa43c15b-8cd7-48ae-9b51-3feaddce376d",
            "ticker": "HIGHNY-24AUG08-B70.5",
            "count": 25,
            "created_time": "2024-08-07T15:05:37.279858Z",
            "yes_price": 9,
            "no_price": 91,
            "taker_side": "no"
        },
        {
            "trade_id": "62a71cf9-afc3-476d-8e97-2024fc202ef6",
            "ticker": "HIGHNY-24AUG08-B70.5",
            "count": 25,
            "created_time": "2024-08-07T15:05:08.14602Z",
            "yes_price": 9,
            "no_price": 91,
            "taker_side": "no"
        },
        {
            "trade_id": "7a01dd8b-0f64-4d17-a55e-b7b137fd8b68",
            "ticker": "HIGHNY-24AUG08-B70.5",
            "count": 25,
            "created_time": "2024-08-07T15:04:36.591043Z",
            "yes_price": 9,
            "no_price": 91,
            "taker_side": "no"
        },
        {
            "trade_id": "21a4484a-bc06-4c8c-ad1a-516fdb623c88",
            "ticker": "HIGHNY-24AUG08-B70.5",
            "count": 25,
            "created_time": "2024-08-07T15:04:06.498116Z",
            "yes_price": 9,
            "no_price": 91,
            "taker_side": "no"
        },
        {
            "trade_id": "39654319-1617-40dc-aefe-f68a0263e05f",
            "ticker": "HIGHNY-24AUG08-B70.5",
            "count": 25,
            "created_time": "2024-08-07T15:03:36.513164Z",
            "yes_price": 9,
            "no_price": 91,
            "taker_side": "no"
        },
        {
            "trade_id": "eeac4ebe-d313-481e-b448-be0135dd514b",
            "ticker": "HIGHNY-24AUG08-B70.5",
            "count": 25,
            "created_time": "2024-08-07T15:03:01.991561Z",
            "yes_price": 9,
            "no_price": 91,
            "taker_side": "no"
        },
        {
            "trade_id": "a765ea3f-1922-49d4-a4b7-eb77cb464a53",
            "ticker": "HIGHNY-24AUG08-B70.5",
            "count": 25,
            "created_time": "2024-08-07T15:01:32.417074Z",
            "yes_price": 10,
            "no_price": 90,
            "taker_side": "no"
        },
        {
            "trade_id": "47ee15dc-934e-4faa-bb96-8a93aadee625",
            "ticker": "HIGHNY-24AUG08-B70.5",
            "count": 25,
            "created_time": "2024-08-07T15:01:02.196859Z",
            "yes_price": 10,
            "no_price": 90,
            "taker_side": "no"
        }
    ],
    "HIGHNY-24AUG08-B72.5": [
        {
            "trade_id": "0123f442-3350-411d-9aee-1e8f5533d245",
            "ticker": "HIGHNY-24AUG08-B72.5",
            "count": 112,
            "created_time": "2024-08-09T01:50:41.178461Z",
            "yes_price": 55,
            "no_price": 45,
            "taker_side": "no"
        },
        {
            "trade_id": "358595a5-4e23-4b8b-9eb1-407fd067a027",
            "ticker": "HIGHNY-24AUG08-B72.5",
            "count": 82,
            "created_time": "2024-08-09T00:41:59.045391Z",
            "yes_price": 72,
            "no_price": 28,
            "taker_side": "yes"
        },
        {
            "trade_id": "0c068310-e492-413a-8f5b-8f6a8a3f5034",
            "ticker": "HIGHNY-24AUG08-B72.5",
            "count": 1,
            "created_time": "2024-08-09T00:41:37.348953Z",
            "yes_price": 63,
            "no_price": 37,
            "taker_side": "yes"
        },
        {
            "trade_id": "1050b8ea-f26e-4d4e-ad2c-02f71751c1a5",
            "ticker": "HIGHNY-24AUG08-B72.5",
            "count": 1,
            "created_time": "2024-08-08T23:20:09.557533Z",
            "yes_price": 61,
            "no_price": 39,
            "taker_side": "yes"
        },
        {
            "trade_id": "77b48701-8c00-4789-ab1e-371f2adf3d26",
            "ticker": "HIGHNY-24AUG08-B72.5",
            "count": 1,
            "created_time": "2024-08-08T23:19:57.05451Z",
            "yes_price": 61,
            "no_price": 39,
            "taker_side": "yes"
        },
        {
            "trade_id": "88ddf3d0-ea82-4934-afe9-2f31aeff9608",
            "ticker": "HIGHNY-24AUG08-B72.5",
            "count": 21,
            "created_time": "2024-08-08T23:12:15.588073Z",
            "yes_price": 60,
            "no_price": 40,
            "taker_side": "yes"
        },
        {
            "trade_id": "cdf8ec60-21be-45d5-a290-c951bc84c740",
            "ticker": "HIGHNY-24AUG08-B72.5",
            "count": 19,
            "created_time": "2024-08-08T22:50:50.566075Z",
            "yes_price": 58,
            "no_price": 42,
            "taker_side": "yes"
        },
        {
            "trade_id": "8d5491c5-95aa-474f-9f33-1c05004469eb",
            "ticker": "HIGHNY-24AUG08-B72.5",
            "count": 18,
            "created_time": "2024-08-08T22:37:44.746654Z",
            "yes_price": 57,
            "no_price": 43,
            "taker_side": "yes"
        },
        {
            "trade_id": "65756d1f-5c1b-44fe-ab58-c93f8af846e5",
            "ticker": "HIGHNY-24AUG08-B72.5",
            "count": 2,
            "created_time": "2024-08-08T22:37:44.746654Z",
            "yes_price": 59,
            "no_price": 41,
            "taker_side": "yes"
        },
        {
            "trade_id": "85835999-4157-4b5a-9003-1592b8d9a53f",
            "ticker": "HIGHNY-24AUG08-B72.5",
            "count": 10,
            "created_time": "2024-08-08T22:36:37.325129Z",
            "yes_price": 57,
            "no_price": 43,
            "taker_side": "yes"
        },
        {
            "trade_id": "3a56186e-17f6-4d36-9ae1-e4c363892b40",
            "ticker": "HIGHNY-24AUG08-B72.5",
            "count": 20,
            "created_time": "2024-08-08T22:33:05.179112Z",
            "yes_price": 57,
            "no_price": 43,
            "taker_side": "yes"
        },
        {
            "trade_id": "da51847c-5a34-4f5c-8a38-50768a784a3f",
            "ticker": "HIGHNY-24AUG08-B72.5",
            "count": 25,
            "created_time": "2024-08-08T22:31:18.115419Z",
            "yes_price": 56,
            "no_price": 44,
            "taker_side": "yes"
        },
        {
            "trade_id": "e40340d3-d56a-4d8f-9c65-b384199a5888",
            "ticker": "HIGHNY-24AUG08-B72.5",
            "count": 18,
            "created_time": "2024-08-08T22:23:15.830495Z",
            "yes_price": 55,
            "no_price": 45,
            "taker_side": "yes"
        },
        {
            "trade_id": "b74a5baa-a196-4ab0-a95e-2395fbd09418",
            "ticker": "HIGHNY-24AUG08-B72.5",
            "count": 2,
            "created_time": "2024-08-08T21:48:34.198546Z",
            "yes_price": 52,
            "no_price": 48,
            "taker_side": "yes"
        },
        {
            "trade_id": "3e3291a5-dca8-404c-9886-8e857cdad20c",
            "ticker": "HIGHNY-24AUG08-B72.5",
            "count": 47,
            "created_time": "2024-08-08T21:45:29.960737Z",
            "yes_price": 44,
            "no_price": 56,
            "taker_side": "no"
        },
        {
            "trade_id": "17b1c6dd-0adc-4f7e-9b39-b77cfb2db366",
            "ticker": "HIGHNY-24AUG08-B72.5",
            "count": 54,
            "created_time": "2024-08-08T21:45:29.960737Z",
            "yes_price": 46,
            "no_price": 54,
            "taker_side": "no"
        },
        {
            "trade_id": "9d2710bb-47ac-4234-ab6e-a8b37e2e49f1",
            "ticker": "HIGHNY-24AUG08-B72.5",
            "count": 18,
            "created_time": "2024-08-08T21:45:15.897801Z",
            "yes_price": 52,
            "no_price": 48,
            "taker_side": "yes"
        },
        {
            "trade_id": "6346e654-78bb-4470-9484-3e250d1fbc37",
            "ticker": "HIGHNY-24AUG08-B72.5",
            "count": 63,
            "created_time": "2024-08-08T21:45:15.897801Z",
            "yes_price": 54,
            "no_price": 46,
            "taker_side": "yes"
        },
        {
            "trade_id": "eb4c0794-63f1-4796-b7dd-bf5868c48a5b",
            "ticker": "HIGHNY-24AUG08-B72.5",
            "count": 19,
            "created_time": "2024-08-08T21:30:29.531095Z",
            "yes_price": 50,
            "no_price": 50,
            "taker_side": "yes"
        },
        {
            "trade_id": "588a3018-2320-498a-8441-6ab7526e472a",
            "ticker": "HIGHNY-24AUG08-B72.5",
            "count": 1,
            "created_time": "2024-08-08T21:28:45.375986Z",
            "yes_price": 50,
            "no_price": 50,
            "taker_side": "yes"
        },
        {
            "trade_id": "13faf23d-fd1e-4ff1-a614-0981227eafe6",
            "ticker": "HIGHNY-24AUG08-B72.5",
            "count": 22,
            "created_time": "2024-08-08T21:28:25.756221Z",
            "yes_price": 52,
            "no_price": 48,
            "taker_side": "yes"
        },
        {
            "trade_id": "4512df45-fbf0-4fc5-9600-04be1c3c279b",
            "ticker": "HIGHNY-24AUG08-B72.5",
            "count": 50,
            "created_time": "2024-08-08T21:28:12.26717Z",
            "yes_price": 52,
            "no_price": 48,
            "taker_side": "yes"
        },
        {
            "trade_id": "fd6fbccd-5b06-435c-8039-d77dcb487cef",
            "ticker": "HIGHNY-24AUG08-B72.5",
            "count": 27,
            "created_time": "2024-08-08T21:23:36.621585Z",
            "yes_price": 45,
            "no_price": 55,
            "taker_side": "no"
        },
        {
            "trade_id": "aeb40f1e-1907-48f2-af08-206867dec914",
            "ticker": "HIGHNY-24AUG08-B72.5",
            "count": 180,
            "created_time": "2024-08-08T21:18:16.453322Z",
            "yes_price": 51,
            "no_price": 49,
            "taker_side": "no"
        },
        {
            "trade_id": "aa099a60-5143-450a-81ec-49f92368c1a8",
            "ticker": "HIGHNY-24AUG08-B72.5",
            "count": 224,
            "created_time": "2024-08-08T21:18:16.453322Z",
            "yes_price": 3,
            "no_price": 97,
            "taker_side": "no"
        },
        {
            "trade_id": "9a339164-94a6-435a-8253-035c6fc1ba7d",
            "ticker": "HIGHNY-24AUG08-B72.5",
            "count": 200,
            "created_time": "2024-08-08T21:18:16.453322Z",
            "yes_price": 16,
            "no_price": 84,
            "taker_side": "no"
        },
        {
            "trade_id": "5ef77b9c-6d29-499d-b52c-74a41cfe5d23",
            "ticker": "HIGHNY-24AUG08-B72.5",
            "count": 54,
            "created_time": "2024-08-08T21:18:16.453322Z",
            "yes_price": 54,
            "no_price": 46,
            "taker_side": "no"
        },
        {
            "trade_id": "52ff7bb1-729c-4736-9f11-04d73d5b2e1c",
            "ticker": "HIGHNY-24AUG08-B72.5",
            "count": 180,
            "created_time": "2024-08-08T21:18:16.453322Z",
            "yes_price": 49,
            "no_price": 51,
            "taker_side": "no"
        },
        {
            "trade_id": "6e62931d-2672-4e9a-8b05-2cefd6e9a461",
            "ticker": "HIGHNY-24AUG08-B72.5",
            "count": 121,
            "created_time": "2024-08-08T21:17:04.555476Z",
            "yes_price": 60,
            "no_price": 40,
            "taker_side": "yes"
        },
        {
            "trade_id": "7d791d19-1fb2-4bd4-a944-256aa7e19cb9",
            "ticker": "HIGHNY-24AUG08-B72.5",
            "count": 81,
            "created_time": "2024-08-08T20:53:51.024464Z",
            "yes_price": 58,
            "no_price": 42,
            "taker_side": "yes"
        },
        {
            "trade_id": "60d85317-f1c4-42c3-9476-0f89cd7282f0",
            "ticker": "HIGHNY-24AUG08-B72.5",
            "count": 20,
            "created_time": "2024-08-08T20:53:51.024464Z",
            "yes_price": 56,
            "no_price": 44,
            "taker_side": "yes"
        },
        {
            "trade_id": "b957303a-c373-4da5-9957-246065782819",
            "ticker": "HIGHNY-24AUG08-B72.5",
            "count": 33,
            "created_time": "2024-08-08T20:47:57.64088Z",
            "yes_price": 48,
            "no_price": 52,
            "taker_side": "no"
        },
        {
            "trade_id": "a86203c3-4d39-4365-b0ff-d6435ac99517",
            "ticker": "HIGHNY-24AUG08-B72.5",
            "count": 66,
            "created_time": "2024-08-08T20:47:57.64088Z",
            "yes_price": 45,
            "no_price": 55,
            "taker_side": "no"
        },
        {
            "trade_id": "91a5f5c2-4d44-44d8-8f55-370d44af3883",
            "ticker": "HIGHNY-24AUG08-B72.5",
            "count": 7,
            "created_time": "2024-08-08T20:47:57.64088Z",
            "yes_price": 20,
            "no_price": 80,
            "taker_side": "no"
        },
        {
            "trade_id": "675f1ab6-6d68-4a7f-9cf0-a8a9b83e72b9",
            "ticker": "HIGHNY-24AUG08-B72.5",
            "count": 66,
            "created_time": "2024-08-08T20:47:57.64088Z",
            "yes_price": 43,
            "no_price": 57,
            "taker_side": "no"
        },
        {
            "trade_id": "4bc077a4-b83a-4e47-b786-394cc3ea6be4",
            "ticker": "HIGHNY-24AUG08-B72.5",
            "count": 16,
            "created_time": "2024-08-08T20:24:18.26303Z",
            "yes_price": 60,
            "no_price": 40,
            "taker_side": "yes"
        },
        {
            "trade_id": "1fa983b8-69dc-49fa-acff-5c4b226fb06a",
            "ticker": "HIGHNY-24AUG08-B72.5",
            "count": 1,
            "created_time": "2024-08-08T19:40:27.640008Z",
            "yes_price": 54,
            "no_price": 46,
            "taker_side": "no"
        },
        {
            "trade_id": "f2b00b76-4bd0-46d7-947d-9f2896ab6c6d",
            "ticker": "HIGHNY-24AUG08-B72.5",
            "count": 34,
            "created_time": "2024-08-08T19:21:39.08785Z",
            "yes_price": 53,
            "no_price": 47,
            "taker_side": "no"
        },
        {
            "trade_id": "c48ad270-2caf-499a-a4c7-fd5f9cdb6440",
            "ticker": "HIGHNY-24AUG08-B72.5",
            "count": 2,
            "created_time": "2024-08-08T19:08:46.87452Z",
            "yes_price": 55,
            "no_price": 45,
            "taker_side": "yes"
        },
        {
            "trade_id": "7690971e-b6a2-4461-951a-4fc04190e3e8",
            "ticker": "HIGHNY-24AUG08-B72.5",
            "count": 2,
            "created_time": "2024-08-08T18:50:43.335945Z",
            "yes_price": 51,
            "no_price": 49,
            "taker_side": "no"
        },
        {
            "trade_id": "96f0b26c-44ba-47bf-be59-c325c69bf4bb",
            "ticker": "HIGHNY-24AUG08-B72.5",
            "count": 1,
            "created_time": "2024-08-08T18:28:38.161246Z",
            "yes_price": 53,
            "no_price": 47,
            "taker_side": "yes"
        },
        {
            "trade_id": "27b880cb-4f28-473d-b998-318bd5752fef",
            "ticker": "HIGHNY-24AUG08-B72.5",
            "count": 38,
            "created_time": "2024-08-08T17:22:33.778525Z",
            "yes_price": 50,
            "no_price": 50,
            "taker_side": "yes"
        },
        {
            "trade_id": "a23a6c68-3d4a-4725-8705-921a48fa1420",
            "ticker": "HIGHNY-24AUG08-B72.5",
            "count": 80,
            "created_time": "2024-08-08T16:31:21.02684Z",
            "yes_price": 46,
            "no_price": 54,
            "taker_side": "no"
        },
        {
            "trade_id": "8efcddc1-729c-4981-8083-8df512d1e58f",
            "ticker": "HIGHNY-24AUG08-B72.5",
            "count": 20,
            "created_time": "2024-08-08T16:31:21.02684Z",
            "yes_price": 43,
            "no_price": 57,
            "taker_side": "no"
        },
        {
            "trade_id": "dda849f8-9a05-46ad-b117-2238812145f9",
            "ticker": "HIGHNY-24AUG08-B72.5",
            "count": 10,
            "created_time": "2024-08-08T16:30:07.718213Z",
            "yes_price": 44,
            "no_price": 56,
            "taker_side": "no"
        },
        {
            "trade_id": "3f0f9bcf-88b6-4110-aec7-e11f1a03ffe2",
            "ticker": "HIGHNY-24AUG08-B72.5",
            "count": 20,
            "created_time": "2024-08-08T16:30:07.718213Z",
            "yes_price": 47,
            "no_price": 53,
            "taker_side": "no"
        },
        {
            "trade_id": "43c1cd7a-4c4b-466e-85e6-00d15a8277c1",
            "ticker": "HIGHNY-24AUG08-B72.5",
            "count": 28,
            "created_time": "2024-08-08T15:50:08.941782Z",
            "yes_price": 52,
            "no_price": 48,
            "taker_side": "yes"
        },
        {
            "trade_id": "e78ad4c0-4736-44ec-9ecf-ede047281268",
            "ticker": "HIGHNY-24AUG08-B72.5",
            "count": 20,
            "created_time": "2024-08-08T15:39:10.029373Z",
            "yes_price": 51,
            "no_price": 49,
            "taker_side": "yes"
        },
        {
            "trade_id": "5e1ba149-9a50-43a6-beb6-71a3cfd48a4f",
            "ticker": "HIGHNY-24AUG08-B72.5",
            "count": 18,
            "created_time": "2024-08-08T15:39:10.029373Z",
            "yes_price": 53,
            "no_price": 47,
            "taker_side": "yes"
        },
        {
            "trade_id": "ad94f991-207c-4dcb-a579-2cc681ad07a9",
            "ticker": "HIGHNY-24AUG08-B72.5",
            "count": 80,
            "created_time": "2024-08-08T15:37:39.557836Z",
            "yes_price": 53,
            "no_price": 47,
            "taker_side": "yes"
        },
        {
            "trade_id": "919accd1-7ca2-4ade-b13c-5f7e006b52bd",
            "ticker": "HIGHNY-24AUG08-B72.5",
            "count": 40,
            "created_time": "2024-08-08T15:37:39.557836Z",
            "yes_price": 50,
            "no_price": 50,
            "taker_side": "yes"
        },
        {
            "trade_id": "cb8f312b-3585-469c-91ea-94591a90255d",
            "ticker": "HIGHNY-24AUG08-B72.5",
            "count": 26,
            "created_time": "2024-08-08T15:27:44.821697Z",
            "yes_price": 49,
            "no_price": 51,
            "taker_side": "no"
        },
        {
            "trade_id": "50cf0d1c-39c8-41c0-b7dd-41bc9efd895f",
            "ticker": "HIGHNY-24AUG08-B72.5",
            "count": 2,
            "created_time": "2024-08-08T15:27:44.821697Z",
            "yes_price": 50,
            "no_price": 50,
            "taker_side": "no"
        },
        {
            "trade_id": "93c0bc05-578e-4550-a390-60947a76d727",
            "ticker": "HIGHNY-24AUG08-B72.5",
            "count": 35,
            "created_time": "2024-08-08T15:19:22.063539Z",
            "yes_price": 55,
            "no_price": 45,
            "taker_side": "yes"
        },
        {
            "trade_id": "888a3f57-ba96-4113-9f72-f2edd50eebcc",
            "ticker": "HIGHNY-24AUG08-B72.5",
            "count": 60,
            "created_time": "2024-08-08T15:13:18.431926Z",
            "yes_price": 52,
            "no_price": 48,
            "taker_side": "yes"
        },
        {
            "trade_id": "6c8f89be-6145-4f5d-aea0-e1a984f001b2",
            "ticker": "HIGHNY-24AUG08-B72.5",
            "count": 1,
            "created_time": "2024-08-08T15:13:18.431926Z",
            "yes_price": 53,
            "no_price": 47,
            "taker_side": "yes"
        },
        {
            "trade_id": "69ca246c-7659-4b0d-9ac9-0897932e70ca",
            "ticker": "HIGHNY-24AUG08-B72.5",
            "count": 107,
            "created_time": "2024-08-08T15:13:18.431926Z",
            "yes_price": 54,
            "no_price": 46,
            "taker_side": "yes"
        },
        {
            "trade_id": "058aa6f5-fef0-40df-b77d-644873997e65",
            "ticker": "HIGHNY-24AUG08-B72.5",
            "count": 13,
            "created_time": "2024-08-08T15:13:18.431926Z",
            "yes_price": 51,
            "no_price": 49,
            "taker_side": "yes"
        },
        {
            "trade_id": "05489872-c463-4eee-83cf-e3c8b72d9b03",
            "ticker": "HIGHNY-24AUG08-B72.5",
            "count": 1,
            "created_time": "2024-08-08T15:13:18.431926Z",
            "yes_price": 50,
            "no_price": 50,
            "taker_side": "yes"
        },
        {
            "trade_id": "de876b2d-8540-4a0e-bad9-461dd40736bb",
            "ticker": "HIGHNY-24AUG08-B72.5",
            "count": 11,
            "created_time": "2024-08-08T15:03:26.005564Z",
            "yes_price": 50,
            "no_price": 50,
            "taker_side": "yes"
        },
        {
            "trade_id": "a8ff473f-c48c-4f53-a937-012508bda02f",
            "ticker": "HIGHNY-24AUG08-B72.5",
            "count": 8,
            "created_time": "2024-08-08T14:58:05.453923Z",
            "yes_price": 44,
            "no_price": 56,
            "taker_side": "no"
        },
        {
            "trade_id": "6023718e-1af2-4118-8105-42a1ba41abae",
            "ticker": "HIGHNY-24AUG08-B72.5",
            "count": 40,
            "created_time": "2024-08-08T14:57:46.154328Z",
            "yes_price": 49,
            "no_price": 51,
            "taker_side": "yes"
        },
        {
            "trade_id": "517514ba-e552-40a8-a512-080666cd0961",
            "ticker": "HIGHNY-24AUG08-B72.5",
            "count": 8,
            "created_time": "2024-08-08T14:57:46.154328Z",
            "yes_price": 51,
            "no_price": 49,
            "taker_side": "yes"
        },
        {
            "trade_id": "880123b7-037d-4c15-b217-8772796efa0c",
            "ticker": "HIGHNY-24AUG08-B72.5",
            "count": 2,
            "created_time": "2024-08-08T14:06:15.373773Z",
            "yes_price": 47,
            "no_price": 53,
            "taker_side": "yes"
        },
        {
            "trade_id": "14859f1f-1de9-4b9b-85a2-a5630684960b",
            "ticker": "HIGHNY-24AUG08-B72.5",
            "count": 10,
            "created_time": "2024-08-08T13:58:00.129044Z",
            "yes_price": 47,
            "no_price": 53,
            "taker_side": "yes"
        },
        {
            "trade_id": "9997d386-ea33-4ff0-adfc-d72ffbb98848",
            "ticker": "HIGHNY-24AUG08-B72.5",
            "count": 17,
            "created_time": "2024-08-08T13:39:59.720528Z",
            "yes_price": 43,
            "no_price": 57,
            "taker_side": "yes"
        },
        {
            "trade_id": "dafbc519-ad5b-4149-bbc0-77b578ebdb55",
            "ticker": "HIGHNY-24AUG08-B72.5",
            "count": 200,
            "created_time": "2024-08-08T13:36:17.421319Z",
            "yes_price": 44,
            "no_price": 56,
            "taker_side": "yes"
        },
        {
            "trade_id": "7b46fce9-2631-4279-a70b-e7db5409b665",
            "ticker": "HIGHNY-24AUG08-B72.5",
            "count": 20,
            "created_time": "2024-08-08T13:36:17.421319Z",
            "yes_price": 43,
            "no_price": 57,
            "taker_side": "yes"
        },
        {
            "trade_id": "377cdd8f-de1d-48dc-8125-82c6700527fe",
            "ticker": "HIGHNY-24AUG08-B72.5",
            "count": 200,
            "created_time": "2024-08-08T13:36:17.421319Z",
            "yes_price": 47,
            "no_price": 53,
            "taker_side": "yes"
        },
        {
            "trade_id": "014d3566-1c1d-42c6-921b-8c8374bf52dc",
            "ticker": "HIGHNY-24AUG08-B72.5",
            "count": 4,
            "created_time": "2024-08-08T13:36:17.421319Z",
            "yes_price": 51,
            "no_price": 49,
            "taker_side": "yes"
        },
        {
            "trade_id": "806cd44f-25ef-4101-987c-7132f73e3622",
            "ticker": "HIGHNY-24AUG08-B72.5",
            "count": 14,
            "created_time": "2024-08-08T12:42:20.482642Z",
            "yes_price": 44,
            "no_price": 56,
            "taker_side": "yes"
        },
        {
            "trade_id": "18146316-c153-4b5f-8ebe-8cb255414674",
            "ticker": "HIGHNY-24AUG08-B72.5",
            "count": 1,
            "created_time": "2024-08-08T12:42:20.482642Z",
            "yes_price": 43,
            "no_price": 57,
            "taker_side": "yes"
        },
        {
            "trade_id": "d49317cd-057d-4030-b83c-7fbeccd9b1a7",
            "ticker": "HIGHNY-24AUG08-B72.5",
            "count": 1,
            "created_time": "2024-08-08T12:40:02.856085Z",
            "yes_price": 43,
            "no_price": 57,
            "taker_side": "yes"
        },
        {
            "trade_id": "53233243-41ce-4748-bda3-fe5682c1eccf",
            "ticker": "HIGHNY-24AUG08-B72.5",
            "count": 33,
            "created_time": "2024-08-08T12:40:02.856085Z",
            "yes_price": 44,
            "no_price": 56,
            "taker_side": "yes"
        },
        {
            "trade_id": "cf69c8c6-ee29-4291-96bf-f24033e9995b",
            "ticker": "HIGHNY-24AUG08-B72.5",
            "count": 18,
            "created_time": "2024-08-08T12:38:46.371072Z",
            "yes_price": 43,
            "no_price": 57,
            "taker_side": "yes"
        },
        {
            "trade_id": "6963ceab-d4a7-4f0a-a037-be3b89d2b848",
            "ticker": "HIGHNY-24AUG08-B72.5",
            "count": 4,
            "created_time": "2024-08-08T12:38:46.371072Z",
            "yes_price": 42,
            "no_price": 58,
            "taker_side": "yes"
        },
        {
            "trade_id": "6a32ece7-c96e-45d2-8811-b1497b198c58",
            "ticker": "HIGHNY-24AUG08-B72.5",
            "count": 17,
            "created_time": "2024-08-08T12:05:22.259933Z",
            "yes_price": 40,
            "no_price": 60,
            "taker_side": "yes"
        },
        {
            "trade_id": "cc8586ea-fc39-4126-adb2-36336a006f58",
            "ticker": "HIGHNY-24AUG08-B72.5",
            "count": 60,
            "created_time": "2024-08-08T12:05:08.582676Z",
            "yes_price": 38,
            "no_price": 62,
            "taker_side": "yes"
        },
        {
            "trade_id": "dfb55cf4-1c41-4558-aaac-0d636cbfbbe9",
            "ticker": "HIGHNY-24AUG08-B72.5",
            "count": 13,
            "created_time": "2024-08-08T12:04:31.439901Z",
            "yes_price": 29,
            "no_price": 71,
            "taker_side": "yes"
        },
        {
            "trade_id": "14f48761-c985-4317-b915-61bdf9adfb28",
            "ticker": "HIGHNY-24AUG08-B72.5",
            "count": 32,
            "created_time": "2024-08-08T12:04:13.245991Z",
            "yes_price": 29,
            "no_price": 71,
            "taker_side": "yes"
        },
        {
            "trade_id": "99ac4d76-b2b0-4208-8fcf-0d081dd1d848",
            "ticker": "HIGHNY-24AUG08-B72.5",
            "count": 182,
            "created_time": "2024-08-08T12:03:46.215357Z",
            "yes_price": 29,
            "no_price": 71,
            "taker_side": "yes"
        },
        {
            "trade_id": "81473d62-d6b3-46c9-8258-93e9f2e06cf4",
            "ticker": "HIGHNY-24AUG08-B72.5",
            "count": 200,
            "created_time": "2024-08-08T12:03:46.198387Z",
            "yes_price": 27,
            "no_price": 73,
            "taker_side": "yes"
        },
        {
            "trade_id": "84d01239-595f-4e37-aea5-89fd9fae5f32",
            "ticker": "HIGHNY-24AUG08-B72.5",
            "count": 140,
            "created_time": "2024-08-08T12:03:46.166011Z",
            "yes_price": 25,
            "no_price": 75,
            "taker_side": "yes"
        },
        {
            "trade_id": "3e55a4de-a09b-426c-91f7-32bcd2f5d358",
            "ticker": "HIGHNY-24AUG08-B72.5",
            "count": 149,
            "created_time": "2024-08-08T12:00:07.786195Z",
            "yes_price": 47,
            "no_price": 53,
            "taker_side": "no"
        },
        {
            "trade_id": "d907daf9-ea5f-4a81-b369-ecd413d50e26",
            "ticker": "HIGHNY-24AUG08-B72.5",
            "count": 200,
            "created_time": "2024-08-08T12:00:07.765985Z",
            "yes_price": 47,
            "no_price": 53,
            "taker_side": "no"
        },
        {
            "trade_id": "aeea7a63-ccc2-4294-9263-26ef6caa2b4b",
            "ticker": "HIGHNY-24AUG08-B72.5",
            "count": 78,
            "created_time": "2024-08-08T12:00:03.43956Z",
            "yes_price": 47,
            "no_price": 53,
            "taker_side": "no"
        },
        {
            "trade_id": "c3ef3c45-0e13-4f6a-a818-11f346849c1f",
            "ticker": "HIGHNY-24AUG08-B72.5",
            "count": 50,
            "created_time": "2024-08-08T12:00:03.311305Z",
            "yes_price": 47,
            "no_price": 53,
            "taker_side": "no"
        },
        {
            "trade_id": "bd1cc85f-96b8-40b0-864d-956b9522b83c",
            "ticker": "HIGHNY-24AUG08-B72.5",
            "count": 1,
            "created_time": "2024-08-08T12:00:03.20245Z",
            "yes_price": 43,
            "no_price": 57,
            "taker_side": "yes"
        },
        {
            "trade_id": "e7836628-fa72-4ad9-a22e-82d8c7d41de5",
            "ticker": "HIGHNY-24AUG08-B72.5",
            "count": 3,
            "created_time": "2024-08-08T02:58:37.143653Z",
            "yes_price": 39,
            "no_price": 61,
            "taker_side": "yes"
        },
        {
            "trade_id": "5d8c3714-5edd-4e8a-911a-e7a3835246c6",
            "ticker": "HIGHNY-24AUG08-B72.5",
            "count": 60,
            "created_time": "2024-08-08T02:58:37.143653Z",
            "yes_price": 40,
            "no_price": 60,
            "taker_side": "yes"
        },
        {
            "trade_id": "3e266916-b63c-4740-86bb-d2160e49cf81",
            "ticker": "HIGHNY-24AUG08-B72.5",
            "count": 100,
            "created_time": "2024-08-08T00:34:20.92884Z",
            "yes_price": 39,
            "no_price": 61,
            "taker_side": "yes"
        },
        {
            "trade_id": "29b4d391-bd12-4e0e-9456-1e32d456993c",
            "ticker": "HIGHNY-24AUG08-B72.5",
            "count": 48,
            "created_time": "2024-08-08T00:34:20.92884Z",
            "yes_price": 38,
            "no_price": 62,
            "taker_side": "yes"
        },
        {
            "trade_id": "187a459a-1db8-425f-8844-00430396f3c6",
            "ticker": "HIGHNY-24AUG08-B72.5",
            "count": 103,
            "created_time": "2024-08-08T00:34:20.92884Z",
            "yes_price": 40,
            "no_price": 60,
            "taker_side": "yes"
        },
        {
            "trade_id": "269e8608-816f-48be-88ce-2b5d00a23736",
            "ticker": "HIGHNY-24AUG08-B72.5",
            "count": 12,
            "created_time": "2024-08-08T00:33:57.029233Z",
            "yes_price": 39,
            "no_price": 61,
            "taker_side": "yes"
        },
        {
            "trade_id": "fbb290b3-c60a-4a03-bcd8-c486dddd62b6",
            "ticker": "HIGHNY-24AUG08-B72.5",
            "count": 1,
            "created_time": "2024-08-08T00:33:23.510015Z",
            "yes_price": 38,
            "no_price": 62,
            "taker_side": "yes"
        },
        {
            "trade_id": "db3cbf8a-b2f2-462a-946f-3200cfea8382",
            "ticker": "HIGHNY-24AUG08-B72.5",
            "count": 1,
            "created_time": "2024-08-08T00:33:23.510015Z",
            "yes_price": 37,
            "no_price": 63,
            "taker_side": "yes"
        },
        {
            "trade_id": "7d696ce1-6ae0-43e6-94c1-9431a6b8f6aa",
            "ticker": "HIGHNY-24AUG08-B72.5",
            "count": 125,
            "created_time": "2024-08-08T00:33:23.510015Z",
            "yes_price": 40,
            "no_price": 60,
            "taker_side": "yes"
        },
        {
            "trade_id": "2500c71e-2917-4ae9-98fb-62e6539c7ffd",
            "ticker": "HIGHNY-24AUG08-B72.5",
            "count": 20,
            "created_time": "2024-08-08T00:33:23.510015Z",
            "yes_price": 38,
            "no_price": 62,
            "taker_side": "yes"
        },
        {
            "trade_id": "18d1e54f-27c8-4555-98cf-7c2d92c0f233",
            "ticker": "HIGHNY-24AUG08-B72.5",
            "count": 20,
            "created_time": "2024-08-08T00:33:23.510015Z",
            "yes_price": 39,
            "no_price": 61,
            "taker_side": "yes"
        },
        {
            "trade_id": "ef3d93a3-6bef-4afd-b675-856a99c8c216",
            "ticker": "HIGHNY-24AUG08-B72.5",
            "count": 5,
            "created_time": "2024-08-07T22:18:56.436249Z",
            "yes_price": 28,
            "no_price": 72,
            "taker_side": "no"
        },
        {
            "trade_id": "160881d9-1268-4f14-90ef-e4e25c7ae785",
            "ticker": "HIGHNY-24AUG08-B72.5",
            "count": 5,
            "created_time": "2024-08-07T22:16:06.939535Z",
            "yes_price": 33,
            "no_price": 67,
            "taker_side": "yes"
        },
        {
            "trade_id": "b3b8480d-2123-419a-bb50-72589f77a91e",
            "ticker": "HIGHNY-24AUG08-B72.5",
            "count": 80,
            "created_time": "2024-08-07T17:04:27.435141Z",
            "yes_price": 33,
            "no_price": 67,
            "taker_side": "yes"
        },
        {
            "trade_id": "6da76d67-a193-4457-a95b-d170d8eb366c",
            "ticker": "HIGHNY-24AUG08-B72.5",
            "count": 80,
            "created_time": "2024-08-07T17:04:27.435141Z",
            "yes_price": 34,
            "no_price": 66,
            "taker_side": "yes"
        },
        {
            "trade_id": "1f29e412-4de3-4b34-9ffb-fb132c0d01f4",
            "ticker": "HIGHNY-24AUG08-B72.5",
            "count": 140,
            "created_time": "2024-08-07T17:04:27.435141Z",
            "yes_price": 35,
            "no_price": 65,
            "taker_side": "yes"
        },
        {
            "trade_id": "0d044147-bd4c-49b9-bf94-d2e2c92ba7d6",
            "ticker": "HIGHNY-24AUG08-B72.5",
            "count": 113,
            "created_time": "2024-08-07T17:04:27.435141Z",
            "yes_price": 36,
            "no_price": 64,
            "taker_side": "yes"
        }
    ],
    "HIGHNY-24AUG08-B74.5": [
        {
            "trade_id": "9632a7c7-98e7-4646-a3cf-0c04fa4949a4",
            "ticker": "HIGHNY-24AUG08-B74.5",
            "count": 80,
            "created_time": "2024-08-09T01:49:05.653395Z",
            "yes_price": 3,
            "no_price": 97,
            "taker_side": "no"
        },
        {
            "trade_id": "52842657-4d3f-4531-9e86-752f4eb799fa",
            "ticker": "HIGHNY-24AUG08-B74.5",
            "count": 74,
            "created_time": "2024-08-09T01:33:15.657626Z",
            "yes_price": 3,
            "no_price": 97,
            "taker_side": "no"
        },
        {
            "trade_id": "8d2b2e54-1821-4d3d-b670-7ea02a31441b",
            "ticker": "HIGHNY-24AUG08-B74.5",
            "count": 1,
            "created_time": "2024-08-09T01:31:30.89966Z",
            "yes_price": 3,
            "no_price": 97,
            "taker_side": "no"
        },
        {
            "trade_id": "a9324f35-5b80-4c28-9e4b-71168e6a6a02",
            "ticker": "HIGHNY-24AUG08-B74.5",
            "count": 1,
            "created_time": "2024-08-09T01:30:15.541001Z",
            "yes_price": 3,
            "no_price": 97,
            "taker_side": "no"
        },
        {
            "trade_id": "8a4e08f3-cca0-4b7f-ba7d-4d3f9dd88817",
            "ticker": "HIGHNY-24AUG08-B74.5",
            "count": 10,
            "created_time": "2024-08-09T00:22:59.85729Z",
            "yes_price": 5,
            "no_price": 95,
            "taker_side": "no"
        },
        {
            "trade_id": "dca18303-3633-4b69-880f-9d0f05ec3b38",
            "ticker": "HIGHNY-24AUG08-B74.5",
            "count": 44,
            "created_time": "2024-08-08T23:36:10.744926Z",
            "yes_price": 20,
            "no_price": 80,
            "taker_side": "no"
        },
        {
            "trade_id": "606c2e26-fb64-443f-be3f-d8768cf17f38",
            "ticker": "HIGHNY-24AUG08-B74.5",
            "count": 18,
            "created_time": "2024-08-08T23:36:10.744926Z",
            "yes_price": 22,
            "no_price": 78,
            "taker_side": "no"
        },
        {
            "trade_id": "dbbeed55-2119-4ff3-acdf-86ebb5c53c25",
            "ticker": "HIGHNY-24AUG08-B74.5",
            "count": 21,
            "created_time": "2024-08-08T23:16:10.735085Z",
            "yes_price": 23,
            "no_price": 77,
            "taker_side": "no"
        },
        {
            "trade_id": "31280a7c-292b-4442-813e-511bb6426169",
            "ticker": "HIGHNY-24AUG08-B74.5",
            "count": 10,
            "created_time": "2024-08-08T23:12:57.460531Z",
            "yes_price": 30,
            "no_price": 70,
            "taker_side": "yes"
        },
        {
            "trade_id": "182bc119-3467-4515-b69f-870d61448bc8",
            "ticker": "HIGHNY-24AUG08-B74.5",
            "count": 12,
            "created_time": "2024-08-08T22:34:40.256946Z",
            "yes_price": 24,
            "no_price": 76,
            "taker_side": "no"
        },
        {
            "trade_id": "a42cd7ed-b7c4-4348-af0e-42d16e4c5bf1",
            "ticker": "HIGHNY-24AUG08-B74.5",
            "count": 5,
            "created_time": "2024-08-08T22:34:09.748628Z",
            "yes_price": 32,
            "no_price": 68,
            "taker_side": "yes"
        },
        {
            "trade_id": "046f29cb-5737-4ed1-b666-f3f095b34183",
            "ticker": "HIGHNY-24AUG08-B74.5",
            "count": 10,
            "created_time": "2024-08-08T22:06:06.972113Z",
            "yes_price": 26,
            "no_price": 74,
            "taker_side": "no"
        },
        {
            "trade_id": "790b36d7-34b5-4427-98fa-fe7762b36c89",
            "ticker": "HIGHNY-24AUG08-B74.5",
            "count": 84,
            "created_time": "2024-08-08T22:00:50.094433Z",
            "yes_price": 27,
            "no_price": 73,
            "taker_side": "no"
        },
        {
            "trade_id": "8aa551ce-12ed-404e-8ae7-cba5ad5c5d34",
            "ticker": "HIGHNY-24AUG08-B74.5",
            "count": 18,
            "created_time": "2024-08-08T21:59:16.497628Z",
            "yes_price": 28,
            "no_price": 72,
            "taker_side": "no"
        },
        {
            "trade_id": "d2ccbf36-58bf-46b8-aed1-290b12e1f6dc",
            "ticker": "HIGHNY-24AUG08-B74.5",
            "count": 72,
            "created_time": "2024-08-08T21:53:57.991215Z",
            "yes_price": 28,
            "no_price": 72,
            "taker_side": "no"
        },
        {
            "trade_id": "82254723-2d97-4cb8-bcdb-a32837250c96",
            "ticker": "HIGHNY-24AUG08-B74.5",
            "count": 12,
            "created_time": "2024-08-08T21:01:42.008345Z",
            "yes_price": 21,
            "no_price": 79,
            "taker_side": "no"
        },
        {
            "trade_id": "f56f7c97-7e1a-40fd-b062-c8b82b6051d7",
            "ticker": "HIGHNY-24AUG08-B74.5",
            "count": 22,
            "created_time": "2024-08-08T20:48:09.652272Z",
            "yes_price": 27,
            "no_price": 73,
            "taker_side": "no"
        },
        {
            "trade_id": "772e2c49-1550-459e-b80c-8082dec105a9",
            "ticker": "HIGHNY-24AUG08-B74.5",
            "count": 84,
            "created_time": "2024-08-08T20:48:09.652272Z",
            "yes_price": 21,
            "no_price": 79,
            "taker_side": "no"
        },
        {
            "trade_id": "12b14079-0ed1-4130-b586-6ae1f41abe82",
            "ticker": "HIGHNY-24AUG08-B74.5",
            "count": 22,
            "created_time": "2024-08-08T20:48:09.652272Z",
            "yes_price": 28,
            "no_price": 72,
            "taker_side": "no"
        },
        {
            "trade_id": "e931f6c6-703e-4437-af35-0c0e931cda0f",
            "ticker": "HIGHNY-24AUG08-B74.5",
            "count": 80,
            "created_time": "2024-08-08T20:45:39.352725Z",
            "yes_price": 34,
            "no_price": 66,
            "taker_side": "no"
        },
        {
            "trade_id": "a85e427f-906c-4af7-8327-3eef8136fc48",
            "ticker": "HIGHNY-24AUG08-B74.5",
            "count": 10,
            "created_time": "2024-08-08T20:45:39.352725Z",
            "yes_price": 21,
            "no_price": 79,
            "taker_side": "no"
        },
        {
            "trade_id": "8b9803c6-804c-4bb2-b010-cb8ac87b4a55",
            "ticker": "HIGHNY-24AUG08-B74.5",
            "count": 200,
            "created_time": "2024-08-08T20:45:39.352725Z",
            "yes_price": 30,
            "no_price": 70,
            "taker_side": "no"
        },
        {
            "trade_id": "32f25fbe-83bf-413f-91f3-cff0da309263",
            "ticker": "HIGHNY-24AUG08-B74.5",
            "count": 200,
            "created_time": "2024-08-08T20:45:39.352725Z",
            "yes_price": 32,
            "no_price": 68,
            "taker_side": "no"
        },
        {
            "trade_id": "b6d7973d-2b8a-4bd7-a178-b6068ca34de9",
            "ticker": "HIGHNY-24AUG08-B74.5",
            "count": 200,
            "created_time": "2024-08-08T20:20:25.034776Z",
            "yes_price": 37,
            "no_price": 63,
            "taker_side": "yes"
        },
        {
            "trade_id": "b304122c-3045-439d-8e88-16e2ed1f0a1a",
            "ticker": "HIGHNY-24AUG08-B74.5",
            "count": 50,
            "created_time": "2024-08-08T20:20:25.034776Z",
            "yes_price": 99,
            "no_price": 1,
            "taker_side": "yes"
        },
        {
            "trade_id": "aaa5165d-7132-4101-bc5e-829e9c00bc96",
            "ticker": "HIGHNY-24AUG08-B74.5",
            "count": 200,
            "created_time": "2024-08-08T20:20:25.034776Z",
            "yes_price": 35,
            "no_price": 65,
            "taker_side": "yes"
        },
        {
            "trade_id": "12d9bfee-9cd2-4fab-be78-a40f6e44c9bd",
            "ticker": "HIGHNY-24AUG08-B74.5",
            "count": 40,
            "created_time": "2024-08-08T20:20:25.034776Z",
            "yes_price": 33,
            "no_price": 67,
            "taker_side": "yes"
        },
        {
            "trade_id": "a4c3e040-54cd-4661-b3dd-62dfd98ee751",
            "ticker": "HIGHNY-24AUG08-B74.5",
            "count": 25,
            "created_time": "2024-08-08T19:55:32.338727Z",
            "yes_price": 28,
            "no_price": 72,
            "taker_side": "no"
        },
        {
            "trade_id": "fc2d48fc-774f-4a28-aa45-e6db80fff772",
            "ticker": "HIGHNY-24AUG08-B74.5",
            "count": 25,
            "created_time": "2024-08-08T19:40:44.110006Z",
            "yes_price": 28,
            "no_price": 72,
            "taker_side": "no"
        },
        {
            "trade_id": "d5df6138-308f-4493-a709-431a077357ac",
            "ticker": "HIGHNY-24AUG08-B74.5",
            "count": 1,
            "created_time": "2024-08-08T19:40:27.65014Z",
            "yes_price": 28,
            "no_price": 72,
            "taker_side": "no"
        },
        {
            "trade_id": "8d94948b-a97a-483b-bfbe-20890f96385f",
            "ticker": "HIGHNY-24AUG08-B74.5",
            "count": 25,
            "created_time": "2024-08-08T19:27:50.014677Z",
            "yes_price": 28,
            "no_price": 72,
            "taker_side": "no"
        },
        {
            "trade_id": "d49c091d-3850-4cc8-9f48-7a0121caafb0",
            "ticker": "HIGHNY-24AUG08-B74.5",
            "count": 24,
            "created_time": "2024-08-08T19:26:12.422136Z",
            "yes_price": 28,
            "no_price": 72,
            "taker_side": "no"
        },
        {
            "trade_id": "ffefc52a-483b-4df2-a09d-3c13f6b4e931",
            "ticker": "HIGHNY-24AUG08-B74.5",
            "count": 80,
            "created_time": "2024-08-08T19:09:39.243774Z",
            "yes_price": 32,
            "no_price": 68,
            "taker_side": "yes"
        },
        {
            "trade_id": "06086058-9f38-4f0d-b061-3e017595ead7",
            "ticker": "HIGHNY-24AUG08-B74.5",
            "count": 70,
            "created_time": "2024-08-08T19:09:39.243774Z",
            "yes_price": 34,
            "no_price": 66,
            "taker_side": "yes"
        },
        {
            "trade_id": "78d2a079-8af5-4732-8924-4e5271e17b68",
            "ticker": "HIGHNY-24AUG08-B74.5",
            "count": 25,
            "created_time": "2024-08-08T19:09:18.059933Z",
            "yes_price": 33,
            "no_price": 67,
            "taker_side": "yes"
        },
        {
            "trade_id": "7cc9587c-36a6-4f7b-af51-22bb4a745216",
            "ticker": "HIGHNY-24AUG08-B74.5",
            "count": 100,
            "created_time": "2024-08-08T19:09:18.024337Z",
            "yes_price": 31,
            "no_price": 69,
            "taker_side": "yes"
        },
        {
            "trade_id": "f0538bd1-86c9-406b-941e-52adae1a145f",
            "ticker": "HIGHNY-24AUG08-B74.5",
            "count": 25,
            "created_time": "2024-08-08T19:04:36.032493Z",
            "yes_price": 27,
            "no_price": 73,
            "taker_side": "no"
        },
        {
            "trade_id": "d70be7f9-6c53-4bd3-a273-d6df37ad754a",
            "ticker": "HIGHNY-24AUG08-B74.5",
            "count": 200,
            "created_time": "2024-08-08T19:04:22.347817Z",
            "yes_price": 30,
            "no_price": 70,
            "taker_side": "no"
        },
        {
            "trade_id": "a6bfb1d1-c3f0-4d14-93a7-3506d2d063dd",
            "ticker": "HIGHNY-24AUG08-B74.5",
            "count": 20,
            "created_time": "2024-08-08T19:04:22.347817Z",
            "yes_price": 32,
            "no_price": 68,
            "taker_side": "no"
        },
        {
            "trade_id": "54514c6e-bb81-4477-aba0-bd3d36a3e22c",
            "ticker": "HIGHNY-24AUG08-B74.5",
            "count": 200,
            "created_time": "2024-08-08T19:04:22.347817Z",
            "yes_price": 28,
            "no_price": 72,
            "taker_side": "no"
        },
        {
            "trade_id": "3e3ba5b1-267f-4205-bcff-ab4153c8493a",
            "ticker": "HIGHNY-24AUG08-B74.5",
            "count": 97,
            "created_time": "2024-08-08T19:04:22.347817Z",
            "yes_price": 21,
            "no_price": 79,
            "taker_side": "no"
        },
        {
            "trade_id": "9c096ea3-464f-4e71-a30d-b11abbdf7315",
            "ticker": "HIGHNY-24AUG08-B74.5",
            "count": 50,
            "created_time": "2024-08-08T18:59:11.746389Z",
            "yes_price": 33,
            "no_price": 67,
            "taker_side": "yes"
        },
        {
            "trade_id": "bee55478-a499-4577-a00b-f888fa1ef50d",
            "ticker": "HIGHNY-24AUG08-B74.5",
            "count": 52,
            "created_time": "2024-08-08T18:45:31.404695Z",
            "yes_price": 33,
            "no_price": 67,
            "taker_side": "no"
        },
        {
            "trade_id": "bbd8e8a2-5897-4255-a0dd-ed50fd645db5",
            "ticker": "HIGHNY-24AUG08-B74.5",
            "count": 200,
            "created_time": "2024-08-08T18:45:31.404695Z",
            "yes_price": 35,
            "no_price": 65,
            "taker_side": "no"
        },
        {
            "trade_id": "9068918e-56f5-46ee-8090-a7ac827fb0ba",
            "ticker": "HIGHNY-24AUG08-B74.5",
            "count": 40,
            "created_time": "2024-08-08T18:45:31.404695Z",
            "yes_price": 37,
            "no_price": 63,
            "taker_side": "no"
        },
        {
            "trade_id": "dea871f4-e63a-465a-a3ee-971f5c7eb05b",
            "ticker": "HIGHNY-24AUG08-B74.5",
            "count": 10,
            "created_time": "2024-08-08T18:21:24.178055Z",
            "yes_price": 36,
            "no_price": 64,
            "taker_side": "no"
        },
        {
            "trade_id": "552e351f-9f34-44ad-973d-31a42dda9919",
            "ticker": "HIGHNY-24AUG08-B74.5",
            "count": 40,
            "created_time": "2024-08-08T18:21:24.178055Z",
            "yes_price": 38,
            "no_price": 62,
            "taker_side": "no"
        },
        {
            "trade_id": "6eafecbe-422e-4bfb-97de-a297fa0976c7",
            "ticker": "HIGHNY-24AUG08-B74.5",
            "count": 40,
            "created_time": "2024-08-08T18:12:54.699096Z",
            "yes_price": 44,
            "no_price": 56,
            "taker_side": "yes"
        },
        {
            "trade_id": "31a8c772-160a-43be-8bc7-f3cd47133951",
            "ticker": "HIGHNY-24AUG08-B74.5",
            "count": 40,
            "created_time": "2024-08-08T18:12:54.699096Z",
            "yes_price": 44,
            "no_price": 56,
            "taker_side": "yes"
        },
        {
            "trade_id": "77bf559b-52ef-40bd-8ec3-2112a96f221d",
            "ticker": "HIGHNY-24AUG08-B74.5",
            "count": 50,
            "created_time": "2024-08-08T18:11:16.949626Z",
            "yes_price": 38,
            "no_price": 62,
            "taker_side": "no"
        },
        {
            "trade_id": "99b8a8a1-371d-4164-a593-104af2256056",
            "ticker": "HIGHNY-24AUG08-B74.5",
            "count": 25,
            "created_time": "2024-08-08T18:03:48.345606Z",
            "yes_price": 38,
            "no_price": 62,
            "taker_side": "no"
        },
        {
            "trade_id": "2f54bae4-95ac-4a92-973b-a143d55c3c53",
            "ticker": "HIGHNY-24AUG08-B74.5",
            "count": 25,
            "created_time": "2024-08-08T17:56:21.316209Z",
            "yes_price": 39,
            "no_price": 61,
            "taker_side": "no"
        },
        {
            "trade_id": "9714255a-bf4f-4203-bef7-af717a1f99ba",
            "ticker": "HIGHNY-24AUG08-B74.5",
            "count": 40,
            "created_time": "2024-08-08T17:56:04.52479Z",
            "yes_price": 40,
            "no_price": 60,
            "taker_side": "no"
        },
        {
            "trade_id": "180aab3a-9235-430a-95bc-b904717c8819",
            "ticker": "HIGHNY-24AUG08-B74.5",
            "count": 10,
            "created_time": "2024-08-08T17:56:04.52479Z",
            "yes_price": 38,
            "no_price": 62,
            "taker_side": "no"
        },
        {
            "trade_id": "b5d420a8-43cf-4746-8193-c8ab4ebf2637",
            "ticker": "HIGHNY-24AUG08-B74.5",
            "count": 40,
            "created_time": "2024-08-08T17:15:36.211982Z",
            "yes_price": 46,
            "no_price": 54,
            "taker_side": "yes"
        },
        {
            "trade_id": "5aff66f2-4693-49d4-a748-533a0325b840",
            "ticker": "HIGHNY-24AUG08-B74.5",
            "count": 1,
            "created_time": "2024-08-08T17:15:36.211982Z",
            "yes_price": 49,
            "no_price": 51,
            "taker_side": "yes"
        },
        {
            "trade_id": "8cb8bec8-f7e2-4c93-b292-d0de8b4d23b1",
            "ticker": "HIGHNY-24AUG08-B74.5",
            "count": 30,
            "created_time": "2024-08-08T16:54:11.308746Z",
            "yes_price": 42,
            "no_price": 58,
            "taker_side": "yes"
        },
        {
            "trade_id": "805d4528-2496-4d8c-a94b-d365a2fb1ab5",
            "ticker": "HIGHNY-24AUG08-B74.5",
            "count": 50,
            "created_time": "2024-08-08T16:50:02.44574Z",
            "yes_price": 41,
            "no_price": 59,
            "taker_side": "no"
        },
        {
            "trade_id": "a3ee2d45-4a24-4ccc-8c5b-b2fff825776d",
            "ticker": "HIGHNY-24AUG08-B74.5",
            "count": 20,
            "created_time": "2024-08-08T15:38:51.563498Z",
            "yes_price": 44,
            "no_price": 56,
            "taker_side": "yes"
        },
        {
            "trade_id": "4f22a784-627a-4e03-bc1a-ac44570fa451",
            "ticker": "HIGHNY-24AUG08-B74.5",
            "count": 10,
            "created_time": "2024-08-08T15:38:51.563498Z",
            "yes_price": 46,
            "no_price": 54,
            "taker_side": "yes"
        },
        {
            "trade_id": "a2240a55-bbe6-4793-bb84-3a9f04577fa6",
            "ticker": "HIGHNY-24AUG08-B74.5",
            "count": 65,
            "created_time": "2024-08-08T15:37:20.597669Z",
            "yes_price": 47,
            "no_price": 53,
            "taker_side": "yes"
        },
        {
            "trade_id": "93fc9a3d-50f6-4385-a7c7-205137764f28",
            "ticker": "HIGHNY-24AUG08-B74.5",
            "count": 40,
            "created_time": "2024-08-08T15:37:20.597669Z",
            "yes_price": 44,
            "no_price": 56,
            "taker_side": "yes"
        },
        {
            "trade_id": "eca2136f-3b85-41ca-bfe3-e6eeb78820f0",
            "ticker": "HIGHNY-24AUG08-B74.5",
            "count": 150,
            "created_time": "2024-08-08T15:33:36.010033Z",
            "yes_price": 43,
            "no_price": 57,
            "taker_side": "yes"
        },
        {
            "trade_id": "3140f8d5-b85f-44ce-aa68-66b59b36f2c2",
            "ticker": "HIGHNY-24AUG08-B74.5",
            "count": 100,
            "created_time": "2024-08-08T15:33:36.010033Z",
            "yes_price": 40,
            "no_price": 60,
            "taker_side": "yes"
        },
        {
            "trade_id": "8a04310c-a515-44e1-a7a2-cc03effbb306",
            "ticker": "HIGHNY-24AUG08-B74.5",
            "count": 3,
            "created_time": "2024-08-08T15:23:04.238808Z",
            "yes_price": 36,
            "no_price": 64,
            "taker_side": "no"
        },
        {
            "trade_id": "4a7c349c-ed50-4d81-a87c-d85d2d7b7dd7",
            "ticker": "HIGHNY-24AUG08-B74.5",
            "count": 17,
            "created_time": "2024-08-08T15:00:20.416141Z",
            "yes_price": 37,
            "no_price": 63,
            "taker_side": "no"
        },
        {
            "trade_id": "84c5a4f7-69bf-4343-8446-c97dfcdcf893",
            "ticker": "HIGHNY-24AUG08-B74.5",
            "count": 120,
            "created_time": "2024-08-08T14:54:12.955002Z",
            "yes_price": 40,
            "no_price": 60,
            "taker_side": "yes"
        },
        {
            "trade_id": "366fe76f-b6f6-4fd5-bac7-0ca1b008bbcd",
            "ticker": "HIGHNY-24AUG08-B74.5",
            "count": 23,
            "created_time": "2024-08-08T14:49:35.883325Z",
            "yes_price": 41,
            "no_price": 59,
            "taker_side": "yes"
        },
        {
            "trade_id": "e6e8bde7-56c1-4b77-9048-640a16a172d5",
            "ticker": "HIGHNY-24AUG08-B74.5",
            "count": 14,
            "created_time": "2024-08-08T14:16:07.174949Z",
            "yes_price": 38,
            "no_price": 62,
            "taker_side": "no"
        },
        {
            "trade_id": "a94fb17e-e269-4f55-8cd9-319d4824b483",
            "ticker": "HIGHNY-24AUG08-B74.5",
            "count": 60,
            "created_time": "2024-08-08T13:53:35.251588Z",
            "yes_price": 38,
            "no_price": 62,
            "taker_side": "yes"
        },
        {
            "trade_id": "411c2696-2eec-4716-9473-0c128b8e7548",
            "ticker": "HIGHNY-24AUG08-B74.5",
            "count": 200,
            "created_time": "2024-08-08T13:53:35.251588Z",
            "yes_price": 40,
            "no_price": 60,
            "taker_side": "yes"
        },
        {
            "trade_id": "92c3f1aa-3f2c-4091-8b3e-7c47dfe5ab3c",
            "ticker": "HIGHNY-24AUG08-B74.5",
            "count": 50,
            "created_time": "2024-08-08T13:33:11.57183Z",
            "yes_price": 44,
            "no_price": 56,
            "taker_side": "yes"
        },
        {
            "trade_id": "63fec8c9-9fc3-4465-b7a9-8c5b6724d022",
            "ticker": "HIGHNY-24AUG08-B74.5",
            "count": 11,
            "created_time": "2024-08-08T13:22:06.761152Z",
            "yes_price": 43,
            "no_price": 57,
            "taker_side": "yes"
        },
        {
            "trade_id": "1c2bccd1-a2d6-4c54-8c33-16e2630fefd1",
            "ticker": "HIGHNY-24AUG08-B74.5",
            "count": 6,
            "created_time": "2024-08-08T13:21:31.06746Z",
            "yes_price": 43,
            "no_price": 57,
            "taker_side": "yes"
        },
        {
            "trade_id": "c0ec4eac-6a87-43a1-a9d3-3e2c27a689d4",
            "ticker": "HIGHNY-24AUG08-B74.5",
            "count": 6,
            "created_time": "2024-08-08T13:13:16.314027Z",
            "yes_price": 43,
            "no_price": 57,
            "taker_side": "yes"
        },
        {
            "trade_id": "0e6c13dc-cfbb-4147-9613-60177fc87d35",
            "ticker": "HIGHNY-24AUG08-B74.5",
            "count": 30,
            "created_time": "2024-08-08T12:59:01.330852Z",
            "yes_price": 40,
            "no_price": 60,
            "taker_side": "yes"
        },
        {
            "trade_id": "0a27245d-b737-4665-ac71-51357a6f38e2",
            "ticker": "HIGHNY-24AUG08-B74.5",
            "count": 20,
            "created_time": "2024-08-08T12:44:49.978549Z",
            "yes_price": 41,
            "no_price": 59,
            "taker_side": "yes"
        },
        {
            "trade_id": "5cf00267-0feb-412d-9939-54899c724573",
            "ticker": "HIGHNY-24AUG08-B74.5",
            "count": 20,
            "created_time": "2024-08-08T12:36:42.76933Z",
            "yes_price": 41,
            "no_price": 59,
            "taker_side": "yes"
        },
        {
            "trade_id": "a7c9c98f-0d34-41ac-b454-76f386bf5771",
            "ticker": "HIGHNY-24AUG08-B74.5",
            "count": 25,
            "created_time": "2024-08-08T12:00:07.811199Z",
            "yes_price": 49,
            "no_price": 51,
            "taker_side": "yes"
        },
        {
            "trade_id": "04067890-0a61-43e3-bf00-71f8cb020659",
            "ticker": "HIGHNY-24AUG08-B74.5",
            "count": 1,
            "created_time": "2024-08-08T12:00:07.811199Z",
            "yes_price": 48,
            "no_price": 52,
            "taker_side": "yes"
        },
        {
            "trade_id": "f7b05d00-c40f-44d7-b636-51dfe8a500f7",
            "ticker": "HIGHNY-24AUG08-B74.5",
            "count": 78,
            "created_time": "2024-08-08T12:00:03.435335Z",
            "yes_price": 35,
            "no_price": 65,
            "taker_side": "no"
        },
        {
            "trade_id": "ffde48ec-07be-4941-8e5c-cbc286aa1e1d",
            "ticker": "HIGHNY-24AUG08-B74.5",
            "count": 50,
            "created_time": "2024-08-08T12:00:03.310589Z",
            "yes_price": 35,
            "no_price": 65,
            "taker_side": "no"
        },
        {
            "trade_id": "0accf430-abe9-4443-b603-47aad5b62e38",
            "ticker": "HIGHNY-24AUG08-B74.5",
            "count": 8,
            "created_time": "2024-08-08T03:08:47.927483Z",
            "yes_price": 39,
            "no_price": 61,
            "taker_side": "yes"
        },
        {
            "trade_id": "0345a714-e402-40f7-8528-68d3262f9024",
            "ticker": "HIGHNY-24AUG08-B74.5",
            "count": 200,
            "created_time": "2024-08-08T03:08:47.927483Z",
            "yes_price": 40,
            "no_price": 60,
            "taker_side": "yes"
        },
        {
            "trade_id": "36b527f4-3587-4083-bec8-eb01229b7a27",
            "ticker": "HIGHNY-24AUG08-B74.5",
            "count": 4,
            "created_time": "2024-08-08T03:08:38.08144Z",
            "yes_price": 37,
            "no_price": 63,
            "taker_side": "yes"
        },
        {
            "trade_id": "15e8decd-2598-4517-b3a6-7b6ed603a7d9",
            "ticker": "HIGHNY-24AUG08-B74.5",
            "count": 20,
            "created_time": "2024-08-08T03:08:38.08144Z",
            "yes_price": 38,
            "no_price": 62,
            "taker_side": "yes"
        },
        {
            "trade_id": "ef82357a-c5f6-4927-82ed-3c27db48fda2",
            "ticker": "HIGHNY-24AUG08-B74.5",
            "count": 4,
            "created_time": "2024-08-08T03:04:19.557635Z",
            "yes_price": 37,
            "no_price": 63,
            "taker_side": "yes"
        },
        {
            "trade_id": "5e493286-f173-4855-b40b-c4a925db1b00",
            "ticker": "HIGHNY-24AUG08-B74.5",
            "count": 13,
            "created_time": "2024-08-08T03:04:19.557635Z",
            "yes_price": 38,
            "no_price": 62,
            "taker_side": "yes"
        },
        {
            "trade_id": "55e5c2cc-a9be-456b-a236-ffe0c78ff6a7",
            "ticker": "HIGHNY-24AUG08-B74.5",
            "count": 3,
            "created_time": "2024-08-08T02:58:37.224342Z",
            "yes_price": 36,
            "no_price": 64,
            "taker_side": "no"
        },
        {
            "trade_id": "8775915c-e2a1-420b-b171-f37a5835c532",
            "ticker": "HIGHNY-24AUG08-B74.5",
            "count": 20,
            "created_time": "2024-08-08T02:58:28.711801Z",
            "yes_price": 38,
            "no_price": 62,
            "taker_side": "yes"
        },
        {
            "trade_id": "6927ef5e-f1dd-4512-a6c9-a0f5d9d3b135",
            "ticker": "HIGHNY-24AUG08-B74.5",
            "count": 4,
            "created_time": "2024-08-08T02:58:28.711801Z",
            "yes_price": 37,
            "no_price": 63,
            "taker_side": "yes"
        },
        {
            "trade_id": "61f9e6b7-196f-455b-a46f-2cad94b07cbb",
            "ticker": "HIGHNY-24AUG08-B74.5",
            "count": 5,
            "created_time": "2024-08-08T02:58:28.711801Z",
            "yes_price": 37,
            "no_price": 63,
            "taker_side": "yes"
        },
        {
            "trade_id": "adce9027-2a3b-4811-8c74-e24b56c333c7",
            "ticker": "HIGHNY-24AUG08-B74.5",
            "count": 2,
            "created_time": "2024-08-08T02:58:14.367701Z",
            "yes_price": 36,
            "no_price": 64,
            "taker_side": "no"
        },
        {
            "trade_id": "cd5d10eb-fd10-47e3-ae88-ae03e1dad033",
            "ticker": "HIGHNY-24AUG08-B74.5",
            "count": 2,
            "created_time": "2024-08-08T02:57:44.225373Z",
            "yes_price": 36,
            "no_price": 64,
            "taker_side": "no"
        },
        {
            "trade_id": "13ff1596-2a1f-458e-81ef-61842449f83a",
            "ticker": "HIGHNY-24AUG08-B74.5",
            "count": 2,
            "created_time": "2024-08-08T02:57:14.011833Z",
            "yes_price": 36,
            "no_price": 64,
            "taker_side": "no"
        },
        {
            "trade_id": "1893e5cb-a34d-479a-b642-15c76ac7a791",
            "ticker": "HIGHNY-24AUG08-B74.5",
            "count": 2,
            "created_time": "2024-08-08T02:56:45.163798Z",
            "yes_price": 36,
            "no_price": 64,
            "taker_side": "no"
        },
        {
            "trade_id": "1a07a5ce-3122-4642-a5c6-637c55e33301",
            "ticker": "HIGHNY-24AUG08-B74.5",
            "count": 2,
            "created_time": "2024-08-08T02:56:13.942774Z",
            "yes_price": 36,
            "no_price": 64,
            "taker_side": "no"
        },
        {
            "trade_id": "3b530faa-53ea-4bd8-87d0-84bc7260b03f",
            "ticker": "HIGHNY-24AUG08-B74.5",
            "count": 2,
            "created_time": "2024-08-08T02:55:43.840372Z",
            "yes_price": 36,
            "no_price": 64,
            "taker_side": "no"
        },
        {
            "trade_id": "704c582b-4ffa-4a13-ab02-ec2cfbb75723",
            "ticker": "HIGHNY-24AUG08-B74.5",
            "count": 2,
            "created_time": "2024-08-08T02:55:14.756951Z",
            "yes_price": 36,
            "no_price": 64,
            "taker_side": "no"
        },
        {
            "trade_id": "274eeb0c-6d6d-4e19-af6e-34e2e953b3fc",
            "ticker": "HIGHNY-24AUG08-B74.5",
            "count": 2,
            "created_time": "2024-08-08T02:54:42.010461Z",
