{
    "HIGHNY-24JAN04-T41": [],
    "HIGHNY-24JAN04-B41.5": [
        {
            "trade_id": "26f211d9-0304-44d1-a059-aaa37b1b4eef",
            "ticker": "HIGHNY-24JAN04-B41.5",
            "count": 502,
            "created_time": "2024-01-04T23:11:54.924288Z",
            "yes_price": 1,
            "no_price": 99,
            "taker_side": "yes"
        },
        {
            "trade_id": "0a970e66-66e9-4503-9242-e8c321405ddb",
            "ticker": "HIGHNY-24JAN04-B41.5",
            "count": 1,
            "created_time": "2024-01-04T16:53:06.559098Z",
            "yes_price": 2,
            "no_price": 98,
            "taker_side": "no"
        },
        {
            "trade_id": "b7522625-2fbb-4884-97d4-fee7e232d60b",
            "ticker": "HIGHNY-24JAN04-B41.5",
            "count": 65,
            "created_time": "2024-01-04T04:51:05.445267Z",
            "yes_price": 15,
            "no_price": 85,
            "taker_side": "yes"
        },
        {
            "trade_id": "378be560-215a-4472-ad5b-30bd09eeb988",
            "ticker": "HIGHNY-24JAN04-B41.5",
            "count": 2,
            "created_time": "2024-01-04T04:51:05.445267Z",
            "yes_price": 14,
            "no_price": 86,
            "taker_side": "yes"
        },
        {
            "trade_id": "b10b3b00-bc1a-4dc1-b010-1c235081744e",
            "ticker": "HIGHNY-24JAN04-B41.5",
            "count": 21,
            "created_time": "2024-01-04T04:26:44.552417Z",
            "yes_price": 10,
            "no_price": 90,
            "taker_side": "no"
        },
        {
            "trade_id": "0c286448-c32a-4d5c-b8a7-b0f308485235",
            "ticker": "HIGHNY-24JAN04-B41.5",
            "count": 114,
            "created_time": "2024-01-04T04:26:44.552417Z",
            "yes_price": 9,
            "no_price": 91,
            "taker_side": "no"
        },
        {
            "trade_id": "84f8001c-7c6b-4039-af3e-09a8117cbfc9",
            "ticker": "HIGHNY-24JAN04-B41.5",
            "count": 1,
            "created_time": "2024-01-04T04:26:01.730684Z",
            "yes_price": 11,
            "no_price": 89,
            "taker_side": "no"
        },
        {
            "trade_id": "234c5914-ed37-408f-b8f1-cb20db8354a6",
            "ticker": "HIGHNY-24JAN04-B41.5",
            "count": 109,
            "created_time": "2024-01-04T04:26:01.730684Z",
            "yes_price": 10,
            "no_price": 90,
            "taker_side": "no"
        },
        {
            "trade_id": "912fe9be-3e10-4ea3-9df8-bed5346bb58f",
            "ticker": "HIGHNY-24JAN04-B41.5",
            "count": 105,
            "created_time": "2024-01-04T01:28:12.352281Z",
            "yes_price": 11,
            "no_price": 89,
            "taker_side": "no"
        },
        {
            "trade_id": "a7a0f69a-b625-4d40-9beb-df2cccaebc06",
            "ticker": "HIGHNY-24JAN04-B41.5",
            "count": 35,
            "created_time": "2024-01-04T01:27:49.603506Z",
            "yes_price": 13,
            "no_price": 87,
            "taker_side": "no"
        },
        {
            "trade_id": "5741f0b0-e633-4283-bfc9-641f549e3c8f",
            "ticker": "HIGHNY-24JAN04-B41.5",
            "count": 116,
            "created_time": "2024-01-04T01:27:49.603506Z",
            "yes_price": 11,
            "no_price": 89,
            "taker_side": "no"
        },
        {
            "trade_id": "30bb199f-3a82-4ee1-ab69-0ed80c0c8320",
            "ticker": "HIGHNY-24JAN04-B41.5",
            "count": 1,
            "created_time": "2024-01-04T01:27:49.603506Z",
            "yes_price": 14,
            "no_price": 86,
            "taker_side": "no"
        },
        {
            "trade_id": "f18c12e8-34ee-49c8-a53e-611558fbcb9b",
            "ticker": "HIGHNY-24JAN04-B41.5",
            "count": 99,
            "created_time": "2024-01-04T00:57:35.448353Z",
            "yes_price": 14,
            "no_price": 86,
            "taker_side": "yes"
        },
        {
            "trade_id": "9bb60421-6d49-44b5-b6c4-86c8a93cabf8",
            "ticker": "HIGHNY-24JAN04-B41.5",
            "count": 1,
            "created_time": "2024-01-04T00:57:35.448353Z",
            "yes_price": 14,
            "no_price": 86,
            "taker_side": "yes"
        },
        {
            "trade_id": "da5f4d4f-da81-40bd-a0f3-dfc39420a17c",
            "ticker": "HIGHNY-24JAN04-B41.5",
            "count": 1,
            "created_time": "2024-01-04T00:44:53.773827Z",
            "yes_price": 14,
            "no_price": 86,
            "taker_side": "no"
        },
        {
            "trade_id": "66b40a65-f820-418d-8235-d6402852f307",
            "ticker": "HIGHNY-24JAN04-B41.5",
            "count": 44,
            "created_time": "2024-01-04T00:23:19.776105Z",
            "yes_price": 19,
            "no_price": 81,
            "taker_side": "yes"
        },
        {
            "trade_id": "a90f0a47-2496-4a47-b3c5-b2c1ae6b33e4",
            "ticker": "HIGHNY-24JAN04-B41.5",
            "count": 44,
            "created_time": "2024-01-04T00:22:58.37298Z",
            "yes_price": 18,
            "no_price": 82,
            "taker_side": "yes"
        },
        {
            "trade_id": "26e2ecf7-6c52-47ed-901c-3b7987b122ae",
            "ticker": "HIGHNY-24JAN04-B41.5",
            "count": 44,
            "created_time": "2024-01-04T00:22:11.554039Z",
            "yes_price": 17,
            "no_price": 83,
            "taker_side": "yes"
        },
        {
            "trade_id": "b8843ee7-e9b8-455b-aac1-ee331ebdae98",
            "ticker": "HIGHNY-24JAN04-B41.5",
            "count": 44,
            "created_time": "2024-01-04T00:21:45.672152Z",
            "yes_price": 16,
            "no_price": 84,
            "taker_side": "yes"
        },
        {
            "trade_id": "316e64ab-73e5-40ff-913e-10c7de6f789a",
            "ticker": "HIGHNY-24JAN04-B41.5",
            "count": 50,
            "created_time": "2024-01-04T00:21:37.680598Z",
            "yes_price": 15,
            "no_price": 85,
            "taker_side": "yes"
        },
        {
            "trade_id": "c8255454-173c-405c-8ec3-98c03d167b45",
            "ticker": "HIGHNY-24JAN04-B41.5",
            "count": 56,
            "created_time": "2024-01-04T00:21:25.356872Z",
            "yes_price": 13,
            "no_price": 87,
            "taker_side": "yes"
        },
        {
            "trade_id": "88250e47-7ac7-4619-93c7-2c513fbc366c",
            "ticker": "HIGHNY-24JAN04-B41.5",
            "count": 56,
            "created_time": "2024-01-04T00:21:25.356872Z",
            "yes_price": 14,
            "no_price": 86,
            "taker_side": "yes"
        }
    ],
    "HIGHNY-24JAN04-B43.5": [
        {
            "trade_id": "9df1033a-d50c-4b93-88e8-ddd8c0833126",
            "ticker": "HIGHNY-24JAN04-B43.5",
            "count": 39,
            "created_time": "2024-01-04T21:45:48.206241Z",
            "yes_price": 24,
            "no_price": 76,
            "taker_side": "yes"
        },
        {
            "trade_id": "0684ac79-0eeb-4ee9-840d-c8befa792722",
            "ticker": "HIGHNY-24JAN04-B43.5",
            "count": 164,
            "created_time": "2024-01-04T20:48:25.903891Z",
            "yes_price": 29,
            "no_price": 71,
            "taker_side": "yes"
        },
        {
            "trade_id": "e41e9478-7c24-4371-8037-89874c410d4e",
            "ticker": "HIGHNY-24JAN04-B43.5",
            "count": 99,
            "created_time": "2024-01-04T19:06:55.488261Z",
            "yes_price": 33,
            "no_price": 67,
            "taker_side": "no"
        },
        {
            "trade_id": "f5eb6413-e954-4ff4-859a-918925f521c9",
            "ticker": "HIGHNY-24JAN04-B43.5",
            "count": 1,
            "created_time": "2024-01-04T17:20:55.485365Z",
            "yes_price": 60,
            "no_price": 40,
            "taker_side": "no"
        },
        {
            "trade_id": "6fad73fa-fc87-4790-8849-2620dde6d0e0",
            "ticker": "HIGHNY-24JAN04-B43.5",
            "count": 20,
            "created_time": "2024-01-04T15:53:43.029065Z",
            "yes_price": 80,
            "no_price": 20,
            "taker_side": "yes"
        },
        {
            "trade_id": "6aa1f87c-fe27-4c50-ae98-4f1b7b308a4c",
            "ticker": "HIGHNY-24JAN04-B43.5",
            "count": 1,
            "created_time": "2024-01-04T15:53:43.029065Z",
            "yes_price": 73,
            "no_price": 27,
            "taker_side": "yes"
        },
        {
            "trade_id": "f472aaa4-79e5-429a-bfa1-becb62535785",
            "ticker": "HIGHNY-24JAN04-B43.5",
            "count": 109,
            "created_time": "2024-01-04T04:27:08.211752Z",
            "yes_price": 54,
            "no_price": 46,
            "taker_side": "yes"
        },
        {
            "trade_id": "a44df642-170a-4b8c-a0cf-54738fdc334c",
            "ticker": "HIGHNY-24JAN04-B43.5",
            "count": 21,
            "created_time": "2024-01-04T04:27:08.211752Z",
            "yes_price": 52,
            "no_price": 48,
            "taker_side": "yes"
        },
        {
            "trade_id": "7853f687-a394-4447-b85a-2f8d00b83e0f",
            "ticker": "HIGHNY-24JAN04-B43.5",
            "count": 11,
            "created_time": "2024-01-04T01:28:03.326411Z",
            "yes_price": 44,
            "no_price": 56,
            "taker_side": "yes"
        },
        {
            "trade_id": "2fd3a229-ba7e-4f7d-81c6-6d36dc495e02",
            "ticker": "HIGHNY-24JAN04-B43.5",
            "count": 116,
            "created_time": "2024-01-04T01:28:03.326411Z",
            "yes_price": 46,
            "no_price": 54,
            "taker_side": "yes"
        },
        {
            "trade_id": "8e9ecea3-ea3e-4704-ae64-ccdba69a87c7",
            "ticker": "HIGHNY-24JAN04-B43.5",
            "count": 12,
            "created_time": "2024-01-03T20:57:46.439423Z",
            "yes_price": 40,
            "no_price": 60,
            "taker_side": "yes"
        },
        {
            "trade_id": "250207f5-c4d3-429d-a782-31ae3dc87c84",
            "ticker": "HIGHNY-24JAN04-B43.5",
            "count": 41,
            "created_time": "2024-01-03T20:57:46.439423Z",
            "yes_price": 43,
            "no_price": 57,
            "taker_side": "yes"
        },
        {
            "trade_id": "8c0e3b21-12b5-4314-86b2-4fe1255b5279",
            "ticker": "HIGHNY-24JAN04-B43.5",
            "count": 62,
            "created_time": "2024-01-03T20:55:04.496234Z",
            "yes_price": 32,
            "no_price": 68,
            "taker_side": "yes"
        },
        {
            "trade_id": "72b902a7-b0b3-4b56-a867-68c5585fa45a",
            "ticker": "HIGHNY-24JAN04-B43.5",
            "count": 125,
            "created_time": "2024-01-03T20:55:04.496234Z",
            "yes_price": 36,
            "no_price": 64,
            "taker_side": "yes"
        },
        {
            "trade_id": "49f0dbb4-18ae-45d1-944c-2e6d15d5ecff",
            "ticker": "HIGHNY-24JAN04-B43.5",
            "count": 1,
            "created_time": "2024-01-03T20:55:04.496234Z",
            "yes_price": 31,
            "no_price": 69,
            "taker_side": "yes"
        },
        {
            "trade_id": "45ccd47e-1d26-4de3-8c47-656fbbdfdb44",
            "ticker": "HIGHNY-24JAN04-B43.5",
            "count": 125,
            "created_time": "2024-01-03T20:55:04.496234Z",
            "yes_price": 34,
            "no_price": 66,
            "taker_side": "yes"
        },
        {
            "trade_id": "0403b24c-a36a-4f9e-9c0d-04befe8854d9",
            "ticker": "HIGHNY-24JAN04-B43.5",
            "count": 1,
            "created_time": "2024-01-03T17:30:16.694624Z",
            "yes_price": 27,
            "no_price": 73,
            "taker_side": "no"
        },
        {
            "trade_id": "c4576e20-7301-49a0-af29-dd718a8a8969",
            "ticker": "HIGHNY-24JAN04-B43.5",
            "count": 25,
            "created_time": "2024-01-03T16:33:22.055368Z",
            "yes_price": 38,
            "no_price": 62,
            "taker_side": "yes"
        }
    ],
    "HIGHNY-24JAN04-B45.5": [
        {
            "trade_id": "c5cf9f61-6b36-45e5-99d1-3f9a2276c8ac",
            "ticker": "HIGHNY-24JAN04-B45.5",
            "count": 10,
            "created_time": "2024-01-04T21:51:40.946677Z",
            "yes_price": 51,
            "no_price": 49,
            "taker_side": "no"
        },
        {
            "trade_id": "f3392565-59d0-43f8-a960-bd530fd6679d",
            "ticker": "HIGHNY-24JAN04-B45.5",
            "count": 8,
            "created_time": "2024-01-04T21:45:57.406002Z",
            "yes_price": 51,
            "no_price": 49,
            "taker_side": "no"
        },
        {
            "trade_id": "fc66ae8f-1eb0-4345-a0b6-2742e72d02c5",
            "ticker": "HIGHNY-24JAN04-B45.5",
            "count": 1,
            "created_time": "2024-01-04T15:58:24.129567Z",
            "yes_price": 26,
            "no_price": 74,
            "taker_side": "yes"
        },
        {
            "trade_id": "2ec7b28d-f920-4f0a-bd6a-1157d560bc52",
            "ticker": "HIGHNY-24JAN04-B45.5",
            "count": 1,
            "created_time": "2024-01-04T15:53:50.56124Z",
            "yes_price": 20,
            "no_price": 80,
            "taker_side": "no"
        },
        {
            "trade_id": "b318c7ab-da6a-47ec-90d8-7d08b7342156",
            "ticker": "HIGHNY-24JAN04-B45.5",
            "count": 15,
            "created_time": "2024-01-04T14:53:55.75334Z",
            "yes_price": 23,
            "no_price": 77,
            "taker_side": "no"
        },
        {
            "trade_id": "7db518db-f4e8-4b37-ba8d-0ee41c5a7af4",
            "ticker": "HIGHNY-24JAN04-B45.5",
            "count": 37,
            "created_time": "2024-01-04T14:53:55.75334Z",
            "yes_price": 21,
            "no_price": 79,
            "taker_side": "no"
        },
        {
            "trade_id": "682a410c-945c-481c-9a0b-edbe31dadbd4",
            "ticker": "HIGHNY-24JAN04-B45.5",
            "count": 37,
            "created_time": "2024-01-04T14:53:55.75334Z",
            "yes_price": 19,
            "no_price": 81,
            "taker_side": "no"
        },
        {
            "trade_id": "d3af5f1e-1b9d-4c16-a117-5c6be91f9932",
            "ticker": "HIGHNY-24JAN04-B45.5",
            "count": 37,
            "created_time": "2024-01-04T14:53:43.110218Z",
            "yes_price": 23,
            "no_price": 77,
            "taker_side": "no"
        },
        {
            "trade_id": "72b4336c-ab4d-4c03-ae1e-665652455533",
            "ticker": "HIGHNY-24JAN04-B45.5",
            "count": 11,
            "created_time": "2024-01-04T14:53:43.110218Z",
            "yes_price": 27,
            "no_price": 73,
            "taker_side": "no"
        },
        {
            "trade_id": "2f8b039d-bac0-46e7-8e1c-eb4ac618c8d0",
            "ticker": "HIGHNY-24JAN04-B45.5",
            "count": 37,
            "created_time": "2024-01-04T14:53:43.110218Z",
            "yes_price": 25,
            "no_price": 75,
            "taker_side": "no"
        },
        {
            "trade_id": "caa22f25-8091-4db4-b07c-0ff38af1ce38",
            "ticker": "HIGHNY-24JAN04-B45.5",
            "count": 109,
            "created_time": "2024-01-04T04:26:24.892519Z",
            "yes_price": 24,
            "no_price": 76,
            "taker_side": "no"
        },
        {
            "trade_id": "60a324c8-0478-434c-84e6-4f9c7c799fe9",
            "ticker": "HIGHNY-24JAN04-B45.5",
            "count": 50,
            "created_time": "2024-01-04T04:26:24.892519Z",
            "yes_price": 24,
            "no_price": 76,
            "taker_side": "no"
        },
        {
            "trade_id": "5b18ff91-f8f8-482a-9405-79c0243af841",
            "ticker": "HIGHNY-24JAN04-B45.5",
            "count": 10,
            "created_time": "2024-01-04T04:26:24.892519Z",
            "yes_price": 26,
            "no_price": 74,
            "taker_side": "no"
        },
        {
            "trade_id": "c0fb4d64-ebbf-404f-9a3f-18cd6252ae87",
            "ticker": "HIGHNY-24JAN04-B45.5",
            "count": 3,
            "created_time": "2024-01-04T03:59:07.181471Z",
            "yes_price": 25,
            "no_price": 75,
            "taker_side": "no"
        },
        {
            "trade_id": "d335ac31-3f62-487d-a01f-ac73ddf6cc68",
            "ticker": "HIGHNY-24JAN04-B45.5",
            "count": 24,
            "created_time": "2024-01-03T22:12:15.474092Z",
            "yes_price": 25,
            "no_price": 75,
            "taker_side": "no"
        },
        {
            "trade_id": "d6e83885-fc31-4fee-93ec-136841c59be2",
            "ticker": "HIGHNY-24JAN04-B45.5",
            "count": 20,
            "created_time": "2024-01-03T22:10:25.727399Z",
            "yes_price": 26,
            "no_price": 74,
            "taker_side": "no"
        },
        {
            "trade_id": "ab992030-b830-46a6-8e2e-c6c5b03ac971",
            "ticker": "HIGHNY-24JAN04-B45.5",
            "count": 125,
            "created_time": "2024-01-03T20:55:46.352073Z",
            "yes_price": 28,
            "no_price": 72,
            "taker_side": "no"
        },
        {
            "trade_id": "997a546d-b9b7-4dac-83b8-28972b733eb5",
            "ticker": "HIGHNY-24JAN04-B45.5",
            "count": 125,
            "created_time": "2024-01-03T20:55:46.352073Z",
            "yes_price": 27,
            "no_price": 73,
            "taker_side": "no"
        },
        {
            "trade_id": "96830c3f-8773-4d00-8f49-f2d30db3eb06",
            "ticker": "HIGHNY-24JAN04-B45.5",
            "count": 75,
            "created_time": "2024-01-03T20:55:46.352073Z",
            "yes_price": 31,
            "no_price": 69,
            "taker_side": "no"
        },
        {
            "trade_id": "95d70994-4265-43bc-a7be-46387451d9d0",
            "ticker": "HIGHNY-24JAN04-B45.5",
            "count": 50,
            "created_time": "2024-01-03T20:55:46.352073Z",
            "yes_price": 26,
            "no_price": 74,
            "taker_side": "no"
        },
        {
            "trade_id": "12095f37-4c5d-41ee-b70d-6d59a8f83598",
            "ticker": "HIGHNY-24JAN04-B45.5",
            "count": 4,
            "created_time": "2024-01-03T18:59:46.218985Z",
            "yes_price": 33,
            "no_price": 67,
            "taker_side": "no"
        },
        {
            "trade_id": "2ec4d9e4-2b73-4f2b-a9c5-2141a917f22c",
            "ticker": "HIGHNY-24JAN04-B45.5",
            "count": 1,
            "created_time": "2024-01-03T17:30:17.250574Z",
            "yes_price": 33,
            "no_price": 67,
            "taker_side": "no"
        }
    ],
    "HIGHNY-24JAN04-B47.5": [
        {
            "trade_id": "56b6a3c9-26ec-4362-b032-2280861a0a82",
            "ticker": "HIGHNY-24JAN04-B47.5",
            "count": 275,
            "created_time": "2024-01-04T23:12:10.398169Z",
            "yes_price": 1,
            "no_price": 99,
            "taker_side": "yes"
        },
        {
            "trade_id": "a07da5d4-7133-4629-8ca9-62a4c56775a4",
            "ticker": "HIGHNY-24JAN04-B47.5",
            "count": 150,
            "created_time": "2024-01-04T18:35:55.331218Z",
            "yes_price": 10,
            "no_price": 90,
            "taker_side": "no"
        },
        {
            "trade_id": "bc278579-3fa5-4e49-b884-f0db16acbad2",
            "ticker": "HIGHNY-24JAN04-B47.5",
            "count": 25,
            "created_time": "2024-01-04T17:20:49.307695Z",
            "yes_price": 9,
            "no_price": 91,
            "taker_side": "yes"
        },
        {
            "trade_id": "006bb621-5253-4f24-9caa-0546a60618f4",
            "ticker": "HIGHNY-24JAN04-B47.5",
            "count": 23,
            "created_time": "2024-01-04T01:56:39.267707Z",
            "yes_price": 9,
            "no_price": 91,
            "taker_side": "yes"
        },
        {
            "trade_id": "64156567-dd8c-498b-aa40-6b9c791b4557",
            "ticker": "HIGHNY-24JAN04-B47.5",
            "count": 23,
            "created_time": "2024-01-04T01:44:38.707631Z",
            "yes_price": 9,
            "no_price": 91,
            "taker_side": "yes"
        },
        {
            "trade_id": "fc794f36-bdf7-42fe-882e-399a2efc5707",
            "ticker": "HIGHNY-24JAN04-B47.5",
            "count": 23,
            "created_time": "2024-01-04T01:27:54.726384Z",
            "yes_price": 9,
            "no_price": 91,
            "taker_side": "yes"
        },
        {
            "trade_id": "fa1a7502-1375-4213-8928-20bf207988a9",
            "ticker": "HIGHNY-24JAN04-B47.5",
            "count": 23,
            "created_time": "2024-01-04T01:20:36.588336Z",
            "yes_price": 9,
            "no_price": 91,
            "taker_side": "yes"
        },
        {
            "trade_id": "718f3079-cbda-43b0-b820-4714e93513ca",
            "ticker": "HIGHNY-24JAN04-B47.5",
            "count": 1,
            "created_time": "2024-01-04T00:46:20.408207Z",
            "yes_price": 8,
            "no_price": 92,
            "taker_side": "no"
        },
        {
            "trade_id": "4b71c574-8f10-473a-b6a6-eea1383b1354",
            "ticker": "HIGHNY-24JAN04-B47.5",
            "count": 22,
            "created_time": "2024-01-04T00:44:48.569989Z",
            "yes_price": 9,
            "no_price": 91,
            "taker_side": "yes"
        },
        {
            "trade_id": "a1fc7577-3c22-47a3-94a2-cd50e06eaf8d",
            "ticker": "HIGHNY-24JAN04-B47.5",
            "count": 41,
            "created_time": "2024-01-04T00:44:41.506724Z",
            "yes_price": 9,
            "no_price": 91,
            "taker_side": "no"
        },
        {
            "trade_id": "e34cc50a-9dc9-4c65-bf51-b61639cd7fab",
            "ticker": "HIGHNY-24JAN04-B47.5",
            "count": 37,
            "created_time": "2024-01-03T22:12:27.33872Z",
            "yes_price": 12,
            "no_price": 88,
            "taker_side": "no"
        },
        {
            "trade_id": "08e56565-c759-4f75-8e67-f3e993425f7e",
            "ticker": "HIGHNY-24JAN04-B47.5",
            "count": 29,
            "created_time": "2024-01-03T22:09:58.923375Z",
            "yes_price": 13,
            "no_price": 87,
            "taker_side": "no"
        },
        {
            "trade_id": "84d68964-0c63-480d-a755-e3ad6dd5d7fc",
            "ticker": "HIGHNY-24JAN04-B47.5",
            "count": 125,
            "created_time": "2024-01-03T20:56:08.187626Z",
            "yes_price": 14,
            "no_price": 86,
            "taker_side": "no"
        },
        {
            "trade_id": "6a6a93f6-0be8-4f77-b9f3-9171f9588dc2",
            "ticker": "HIGHNY-24JAN04-B47.5",
            "count": 125,
            "created_time": "2024-01-03T20:56:08.187626Z",
            "yes_price": 15,
            "no_price": 85,
            "taker_side": "no"
        },
        {
            "trade_id": "41c65a2a-a6fb-4df4-afac-75098da119f0",
            "ticker": "HIGHNY-24JAN04-B47.5",
            "count": 25,
            "created_time": "2024-01-03T20:56:08.187626Z",
            "yes_price": 17,
            "no_price": 83,
            "taker_side": "no"
        },
        {
            "trade_id": "0c19eff0-8ae8-4351-b5b5-6a9870411393",
            "ticker": "HIGHNY-24JAN04-B47.5",
            "count": 14,
            "created_time": "2024-01-03T17:08:49.148155Z",
            "yes_price": 16,
            "no_price": 84,
            "taker_side": "no"
        }
    ],
    "HIGHNY-24JAN04-T48": []
}