{
    "HIGHNY-24APR08-T60": [],
    "HIGHNY-24APR08-B60.5": [
        {
            "trade_id": "c3bfdcbd-44bc-45ed-b5d6-26a6c7ceccb5",
            "ticker": "HIGHNY-24APR08-B60.5",
            "count": 5,
            "created_time": "2024-04-08T00:39:08.091654Z",
            "yes_price": 1,
            "no_price": 99,
            "taker_side": "no"
        },
        {
            "trade_id": "9b749b76-3224-46b7-847b-09ba5bc7c935",
            "ticker": "HIGHNY-24APR08-B60.5",
            "count": 3,
            "created_time": "2024-04-08T00:12:43.366776Z",
            "yes_price": 2,
            "no_price": 98,
            "taker_side": "no"
        },
        {
            "trade_id": "30cb3387-1f3f-4f3f-ac3e-399c45689cd3",
            "ticker": "HIGHNY-24APR08-B60.5",
            "count": 5,
            "created_time": "2024-04-07T22:49:08.718516Z",
            "yes_price": 2,
            "no_price": 98,
            "taker_side": "no"
        }
    ],
    "HIGHNY-24APR08-B62.5": [
        {
            "trade_id": "ee39b1db-de87-4468-80ae-2f4902886f91",
            "ticker": "HIGHNY-24APR08-B62.5",
            "count": 935,
            "created_time": "2024-04-08T20:56:38.510051Z",
            "yes_price": 1,
            "no_price": 99,
            "taker_side": "yes"
        },
        {
            "trade_id": "33677b06-1b25-45e5-a862-cc1f45b6f59e",
            "ticker": "HIGHNY-24APR08-B62.5",
            "count": 93,
            "created_time": "2024-04-08T20:04:23.401302Z",
            "yes_price": 1,
            "no_price": 99,
            "taker_side": "yes"
        },
        {
            "trade_id": "f7acf8ef-aac2-4193-bf05-6f20c8ff5647",
            "ticker": "HIGHNY-24APR08-B62.5",
            "count": 93,
            "created_time": "2024-04-08T20:03:30.80533Z",
            "yes_price": 1,
            "no_price": 99,
            "taker_side": "yes"
        },
        {
            "trade_id": "4f38669b-63c6-4452-ad66-cadd04f76f32",
            "ticker": "HIGHNY-24APR08-B62.5",
            "count": 174,
            "created_time": "2024-04-08T16:53:03.62838Z",
            "yes_price": 1,
            "no_price": 99,
            "taker_side": "no"
        },
        {
            "trade_id": "450f724a-984b-4374-95fe-ad5579f1959e",
            "ticker": "HIGHNY-24APR08-B62.5",
            "count": 5,
            "created_time": "2024-04-08T14:51:37.51815Z",
            "yes_price": 1,
            "no_price": 99,
            "taker_side": "no"
        },
        {
            "trade_id": "6956c614-b059-40e7-81ad-740da5cc215d",
            "ticker": "HIGHNY-24APR08-B62.5",
            "count": 13,
            "created_time": "2024-04-08T14:34:59.290382Z",
            "yes_price": 1,
            "no_price": 99,
            "taker_side": "no"
        },
        {
            "trade_id": "1cadc137-b33f-4d25-b9a9-e1f65834070b",
            "ticker": "HIGHNY-24APR08-B62.5",
            "count": 10,
            "created_time": "2024-04-08T14:23:24.868583Z",
            "yes_price": 1,
            "no_price": 99,
            "taker_side": "no"
        },
        {
            "trade_id": "9e59bb53-d1b8-460a-b4a3-3f80b911703d",
            "ticker": "HIGHNY-24APR08-B62.5",
            "count": 1,
            "created_time": "2024-04-08T14:01:37.102637Z",
            "yes_price": 20,
            "no_price": 80,
            "taker_side": "no"
        },
        {
            "trade_id": "79e7ad6b-1c98-46d0-a821-011967988c96",
            "ticker": "HIGHNY-24APR08-B62.5",
            "count": 3,
            "created_time": "2024-04-08T13:31:10.487454Z",
            "yes_price": 19,
            "no_price": 81,
            "taker_side": "no"
        },
        {
            "trade_id": "c86b3b61-1e1d-4475-9170-226749fa6c37",
            "ticker": "HIGHNY-24APR08-B62.5",
            "count": 31,
            "created_time": "2024-04-08T12:14:25.041169Z",
            "yes_price": 17,
            "no_price": 83,
            "taker_side": "no"
        },
        {
            "trade_id": "8d30e879-cfd3-4f46-81a3-2de82e6e7bf3",
            "ticker": "HIGHNY-24APR08-B62.5",
            "count": 31,
            "created_time": "2024-04-08T12:14:25.041169Z",
            "yes_price": 18,
            "no_price": 82,
            "taker_side": "no"
        },
        {
            "trade_id": "6972ee3f-7c9b-4632-a1ea-9a309d63ade4",
            "ticker": "HIGHNY-24APR08-B62.5",
            "count": 15,
            "created_time": "2024-04-08T12:14:25.041169Z",
            "yes_price": 20,
            "no_price": 80,
            "taker_side": "no"
        },
        {
            "trade_id": "8ff1ac18-74b2-4645-8703-b8f3e091782f",
            "ticker": "HIGHNY-24APR08-B62.5",
            "count": 37,
            "created_time": "2024-04-08T12:13:35.131299Z",
            "yes_price": 22,
            "no_price": 78,
            "taker_side": "no"
        },
        {
            "trade_id": "eef5dc7c-b780-42bb-aa65-398b5e1aa3c3",
            "ticker": "HIGHNY-24APR08-B62.5",
            "count": 56,
            "created_time": "2024-04-08T12:13:24.668905Z",
            "yes_price": 26,
            "no_price": 74,
            "taker_side": "no"
        },
        {
            "trade_id": "d223b288-27d7-4510-8d89-25983ba959e2",
            "ticker": "HIGHNY-24APR08-B62.5",
            "count": 93,
            "created_time": "2024-04-08T12:13:24.668905Z",
            "yes_price": 24,
            "no_price": 76,
            "taker_side": "no"
        },
        {
            "trade_id": "16f46723-b3a9-431c-ae5c-2870799998ff",
            "ticker": "HIGHNY-24APR08-B62.5",
            "count": 93,
            "created_time": "2024-04-08T12:13:24.668905Z",
            "yes_price": 22,
            "no_price": 78,
            "taker_side": "no"
        },
        {
            "trade_id": "e57ccc6a-9eb7-4ad7-97fa-05839627f51b",
            "ticker": "HIGHNY-24APR08-B62.5",
            "count": 2,
            "created_time": "2024-04-08T12:12:10.494877Z",
            "yes_price": 25,
            "no_price": 75,
            "taker_side": "no"
        },
        {
            "trade_id": "ec6f9090-7a8c-4f25-b45b-071e1073bdc7",
            "ticker": "HIGHNY-24APR08-B62.5",
            "count": 15,
            "created_time": "2024-04-08T12:03:59.423412Z",
            "yes_price": 32,
            "no_price": 68,
            "taker_side": "yes"
        },
        {
            "trade_id": "b17a3250-f1f7-4cc0-ba7c-ad77dfe6f8cb",
            "ticker": "HIGHNY-24APR08-B62.5",
            "count": 28,
            "created_time": "2024-04-08T12:01:32.270962Z",
            "yes_price": 28,
            "no_price": 72,
            "taker_side": "no"
        },
        {
            "trade_id": "4ccf5cda-c920-4c1f-bf0e-e7c0bb77752b",
            "ticker": "HIGHNY-24APR08-B62.5",
            "count": 1,
            "created_time": "2024-04-08T12:01:25.398653Z",
            "yes_price": 28,
            "no_price": 72,
            "taker_side": "no"
        },
        {
            "trade_id": "b96e3669-637b-4cca-a512-b55c3f98d70a",
            "ticker": "HIGHNY-24APR08-B62.5",
            "count": 6,
            "created_time": "2024-04-08T12:01:14.27641Z",
            "yes_price": 28,
            "no_price": 72,
            "taker_side": "no"
        },
        {
            "trade_id": "ef9844cb-7c71-44a2-a8a8-ad5a5ebd7447",
            "ticker": "HIGHNY-24APR08-B62.5",
            "count": 1,
            "created_time": "2024-04-08T12:01:12.540537Z",
            "yes_price": 28,
            "no_price": 72,
            "taker_side": "no"
        },
        {
            "trade_id": "7dd79582-07fc-433f-ab65-c01853525091",
            "ticker": "HIGHNY-24APR08-B62.5",
            "count": 97,
            "created_time": "2024-04-08T03:40:52.945901Z",
            "yes_price": 17,
            "no_price": 83,
            "taker_side": "no"
        },
        {
            "trade_id": "dfd435cd-7aa9-48f5-b059-879a925c9606",
            "ticker": "HIGHNY-24APR08-B62.5",
            "count": 12,
            "created_time": "2024-04-08T03:40:25.618507Z",
            "yes_price": 18,
            "no_price": 82,
            "taker_side": "no"
        },
        {
            "trade_id": "86e815cd-5285-45d4-b321-893b3f10d424",
            "ticker": "HIGHNY-24APR08-B62.5",
            "count": 7,
            "created_time": "2024-04-08T03:40:06.391585Z",
            "yes_price": 24,
            "no_price": 76,
            "taker_side": "yes"
        },
        {
            "trade_id": "132475d4-8101-43e0-8710-861bb49fe3a9",
            "ticker": "HIGHNY-24APR08-B62.5",
            "count": 12,
            "created_time": "2024-04-08T03:39:38.14863Z",
            "yes_price": 18,
            "no_price": 82,
            "taker_side": "no"
        },
        {
            "trade_id": "6dc1de1b-143c-4527-a457-be545782f3f2",
            "ticker": "HIGHNY-24APR08-B62.5",
            "count": 61,
            "created_time": "2024-04-08T03:39:10.391872Z",
            "yes_price": 18,
            "no_price": 82,
            "taker_side": "no"
        },
        {
            "trade_id": "cec951ae-8302-4440-93ac-0b6ee72cf11d",
            "ticker": "HIGHNY-24APR08-B62.5",
            "count": 73,
            "created_time": "2024-04-08T03:38:54.515488Z",
            "yes_price": 19,
            "no_price": 81,
            "taker_side": "no"
        },
        {
            "trade_id": "45ba304c-2dc0-4640-96d0-18e7da6cc152",
            "ticker": "HIGHNY-24APR08-B62.5",
            "count": 61,
            "created_time": "2024-04-08T03:38:36.170754Z",
            "yes_price": 20,
            "no_price": 80,
            "taker_side": "no"
        },
        {
            "trade_id": "aebeba18-62b6-4439-9367-a4610f44fbde",
            "ticker": "HIGHNY-24APR08-B62.5",
            "count": 12,
            "created_time": "2024-04-08T03:38:33.043148Z",
            "yes_price": 20,
            "no_price": 80,
            "taker_side": "no"
        },
        {
            "trade_id": "e73b9983-ce97-44b2-bf04-1d44ff8cf83d",
            "ticker": "HIGHNY-24APR08-B62.5",
            "count": 49,
            "created_time": "2024-04-08T03:38:22.335001Z",
            "yes_price": 21,
            "no_price": 79,
            "taker_side": "no"
        },
        {
            "trade_id": "43017094-a6e1-4ad7-8dcf-e33acf7b70e2",
            "ticker": "HIGHNY-24APR08-B62.5",
            "count": 36,
            "created_time": "2024-04-08T03:38:18.058247Z",
            "yes_price": 21,
            "no_price": 79,
            "taker_side": "no"
        },
        {
            "trade_id": "24b96c65-ce87-46d1-b98d-bc02b960e814",
            "ticker": "HIGHNY-24APR08-B62.5",
            "count": 53,
            "created_time": "2024-04-08T03:38:11.935029Z",
            "yes_price": 22,
            "no_price": 78,
            "taker_side": "no"
        },
        {
            "trade_id": "7f448d31-b870-4311-a96f-a88d864862a1",
            "ticker": "HIGHNY-24APR08-B62.5",
            "count": 8,
            "created_time": "2024-04-08T03:37:42.828821Z",
            "yes_price": 22,
            "no_price": 78,
            "taker_side": "no"
        },
        {
            "trade_id": "7cc90c8e-98cf-43a5-b6e4-b2f40d2f2fed",
            "ticker": "HIGHNY-24APR08-B62.5",
            "count": 12,
            "created_time": "2024-04-08T02:44:11.671338Z",
            "yes_price": 22,
            "no_price": 78,
            "taker_side": "no"
        },
        {
            "trade_id": "c685bcac-9090-42fc-81ea-de2338771dab",
            "ticker": "HIGHNY-24APR08-B62.5",
            "count": 3,
            "created_time": "2024-04-08T00:12:43.340356Z",
            "yes_price": 22,
            "no_price": 78,
            "taker_side": "no"
        },
        {
            "trade_id": "d283d734-a3d0-4063-8343-62bdf470855a",
            "ticker": "HIGHNY-24APR08-B62.5",
            "count": 5,
            "created_time": "2024-04-07T22:49:08.719842Z",
            "yes_price": 25,
            "no_price": 75,
            "taker_side": "no"
        },
        {
            "trade_id": "a4febfaf-b5bf-4295-8b88-b42b00f3676b",
            "ticker": "HIGHNY-24APR08-B62.5",
            "count": 6,
            "created_time": "2024-04-07T22:49:06.999847Z",
            "yes_price": 25,
            "no_price": 75,
            "taker_side": "no"
        },
        {
            "trade_id": "bcd55815-6c21-4b81-9504-1042a60b8bc4",
            "ticker": "HIGHNY-24APR08-B62.5",
            "count": 28,
            "created_time": "2024-04-07T22:41:15.062557Z",
            "yes_price": 18,
            "no_price": 82,
            "taker_side": "yes"
        },
        {
            "trade_id": "aa02f3a4-c7a6-4aed-a746-653d502795c5",
            "ticker": "HIGHNY-24APR08-B62.5",
            "count": 5,
            "created_time": "2024-04-07T22:15:10.595793Z",
            "yes_price": 18,
            "no_price": 82,
            "taker_side": "yes"
        },
        {
            "trade_id": "69389a75-ef63-469c-8ef0-27227b23fbca",
            "ticker": "HIGHNY-24APR08-B62.5",
            "count": 21,
            "created_time": "2024-04-07T19:20:02.145525Z",
            "yes_price": 22,
            "no_price": 78,
            "taker_side": "yes"
        },
        {
            "trade_id": "3c7afc37-2b6e-4c2b-b5aa-0045f84f05f0",
            "ticker": "HIGHNY-24APR08-B62.5",
            "count": 94,
            "created_time": "2024-04-07T18:23:09.703568Z",
            "yes_price": 21,
            "no_price": 79,
            "taker_side": "yes"
        },
        {
            "trade_id": "46fc398f-2825-4000-a2c3-9208dd71379c",
            "ticker": "HIGHNY-24APR08-B62.5",
            "count": 94,
            "created_time": "2024-04-07T18:23:00.525506Z",
            "yes_price": 20,
            "no_price": 80,
            "taker_side": "yes"
        },
        {
            "trade_id": "eaac41bb-8ba0-47ef-b324-c67b73e3bf1b",
            "ticker": "HIGHNY-24APR08-B62.5",
            "count": 108,
            "created_time": "2024-04-07T18:22:52.010172Z",
            "yes_price": 19,
            "no_price": 81,
            "taker_side": "yes"
        },
        {
            "trade_id": "a84cc3fe-e155-4310-8877-c88b49c5d06b",
            "ticker": "HIGHNY-24APR08-B62.5",
            "count": 10,
            "created_time": "2024-04-07T14:18:07.935203Z",
            "yes_price": 33,
            "no_price": 67,
            "taker_side": "no"
        }
    ],
    "HIGHNY-24APR08-B64.5": [
        {
            "trade_id": "6d7887b6-34bf-4fad-86cd-28851a467c0f",
            "ticker": "HIGHNY-24APR08-B64.5",
            "count": 45,
            "created_time": "2024-04-08T23:49:34.240273Z",
            "yes_price": 2,
            "no_price": 98,
            "taker_side": "yes"
        },
        {
            "trade_id": "27708e54-f45f-4e60-b7f8-5095ebad3425",
            "ticker": "HIGHNY-24APR08-B64.5",
            "count": 1,
            "created_time": "2024-04-08T23:49:34.240273Z",
            "yes_price": 1,
            "no_price": 99,
            "taker_side": "yes"
        },
        {
            "trade_id": "f875e707-9c7a-4299-a921-3dd21fae7863",
            "ticker": "HIGHNY-24APR08-B64.5",
            "count": 74,
            "created_time": "2024-04-08T22:50:10.682081Z",
            "yes_price": 3,
            "no_price": 97,
            "taker_side": "yes"
        },
        {
            "trade_id": "54cad415-293a-4d84-8922-191f1c1fbc08",
            "ticker": "HIGHNY-24APR08-B64.5",
            "count": 1,
            "created_time": "2024-04-08T22:50:10.682081Z",
            "yes_price": 2,
            "no_price": 98,
            "taker_side": "yes"
        },
        {
            "trade_id": "1ef3770d-4cfe-472b-8e51-317688db9938",
            "ticker": "HIGHNY-24APR08-B64.5",
            "count": 1,
            "created_time": "2024-04-08T22:50:10.682081Z",
            "yes_price": 1,
            "no_price": 99,
            "taker_side": "yes"
        },
        {
            "trade_id": "2914cf55-7bb7-49a8-9fb8-2c9dc5571d50",
            "ticker": "HIGHNY-24APR08-B64.5",
            "count": 2081,
            "created_time": "2024-04-08T21:24:25.299757Z",
            "yes_price": 1,
            "no_price": 99,
            "taker_side": "yes"
        },
        {
            "trade_id": "0d792262-c786-410b-beb4-a720f5bae948",
            "ticker": "HIGHNY-24APR08-B64.5",
            "count": 1615,
            "created_time": "2024-04-08T21:24:25.299757Z",
            "yes_price": 3,
            "no_price": 97,
            "taker_side": "yes"
        },
        {
            "trade_id": "c99298ac-c67e-4275-9e60-627b2d70180a",
            "ticker": "HIGHNY-24APR08-B64.5",
            "count": 5,
            "created_time": "2024-04-08T21:18:50.501583Z",
            "yes_price": 98,
            "no_price": 2,
            "taker_side": "yes"
        },
        {
            "trade_id": "adc3d254-a6f5-4018-a357-34c38ef719f9",
            "ticker": "HIGHNY-24APR08-B64.5",
            "count": 8656,
            "created_time": "2024-04-08T21:18:50.501583Z",
            "yes_price": 1,
            "no_price": 99,
            "taker_side": "yes"
        },
        {
            "trade_id": "4f27a01b-770a-4250-b7d4-195ececfc225",
            "ticker": "HIGHNY-24APR08-B64.5",
            "count": 202,
            "created_time": "2024-04-08T21:18:50.501583Z",
            "yes_price": 1,
            "no_price": 99,
            "taker_side": "yes"
        },
        {
            "trade_id": "79ff0c66-0a32-401e-9f54-48eec0bcc3f5",
            "ticker": "HIGHNY-24APR08-B64.5",
            "count": 935,
            "created_time": "2024-04-08T20:56:14.961904Z",
            "yes_price": 1,
            "no_price": 99,
            "taker_side": "yes"
        },
        {
            "trade_id": "e3d7c6b5-62ca-4e1c-8038-17329a97be2e",
            "ticker": "HIGHNY-24APR08-B64.5",
            "count": 93,
            "created_time": "2024-04-08T20:02:22.508129Z",
            "yes_price": 1,
            "no_price": 99,
            "taker_side": "yes"
        },
        {
            "trade_id": "6f1b89c2-40ab-42e8-8e29-0470277ade69",
            "ticker": "HIGHNY-24APR08-B64.5",
            "count": 93,
            "created_time": "2024-04-08T20:00:36.647073Z",
            "yes_price": 1,
            "no_price": 99,
            "taker_side": "yes"
        },
        {
            "trade_id": "7b4c165f-ace6-4d28-95d8-d97789f78f26",
            "ticker": "HIGHNY-24APR08-B64.5",
            "count": 205,
            "created_time": "2024-04-08T17:53:06.730236Z",
            "yes_price": 1,
            "no_price": 99,
            "taker_side": "no"
        },
        {
            "trade_id": "9aaf7ef1-2d16-4bf4-af7f-3dfd9b197b29",
            "ticker": "HIGHNY-24APR08-B64.5",
            "count": 85,
            "created_time": "2024-04-08T17:10:13.657084Z",
            "yes_price": 69,
            "no_price": 31,
            "taker_side": "yes"
        },
        {
            "trade_id": "54db8799-7f1e-4706-9754-184b2d5774fc",
            "ticker": "HIGHNY-24APR08-B64.5",
            "count": 15,
            "created_time": "2024-04-08T17:10:13.657084Z",
            "yes_price": 65,
            "no_price": 35,
            "taker_side": "yes"
        },
        {
            "trade_id": "47f54490-6402-4266-9cef-80a788ac44f5",
            "ticker": "HIGHNY-24APR08-B64.5",
            "count": 5,
            "created_time": "2024-04-08T14:51:37.467641Z",
            "yes_price": 70,
            "no_price": 30,
            "taker_side": "yes"
        },
        {
            "trade_id": "ca0148a9-7f2e-42c4-8ecf-dba89dfde870",
            "ticker": "HIGHNY-24APR08-B64.5",
            "count": 13,
            "created_time": "2024-04-08T14:34:59.287321Z",
            "yes_price": 1,
            "no_price": 99,
            "taker_side": "no"
        },
        {
            "trade_id": "03a843d4-5673-47d4-a9a8-615674562376",
            "ticker": "HIGHNY-24APR08-B64.5",
            "count": 10,
            "created_time": "2024-04-08T14:23:24.798962Z",
            "yes_price": 91,
            "no_price": 9,
            "taker_side": "yes"
        },
        {
            "trade_id": "c4d64f79-58b9-4c89-b6c6-37b19f898e0c",
            "ticker": "HIGHNY-24APR08-B64.5",
            "count": 2,
            "created_time": "2024-04-08T14:06:27.453263Z",
            "yes_price": 42,
            "no_price": 58,
            "taker_side": "no"
        },
        {
            "trade_id": "a09370ea-ccb8-458b-946d-73314deccaf8",
            "ticker": "HIGHNY-24APR08-B64.5",
            "count": 8,
            "created_time": "2024-04-08T14:01:37.035251Z",
            "yes_price": 51,
            "no_price": 49,
            "taker_side": "yes"
        },
        {
            "trade_id": "3dc5ba9a-fa77-4c0f-bffb-ae8b54f5f82a",
            "ticker": "HIGHNY-24APR08-B64.5",
            "count": 10,
            "created_time": "2024-04-08T14:01:37.035251Z",
            "yes_price": 49,
            "no_price": 51,
            "taker_side": "yes"
        },
        {
            "trade_id": "206b173c-3907-4153-ad4f-f6462758e3da",
            "ticker": "HIGHNY-24APR08-B64.5",
            "count": 1,
            "created_time": "2024-04-08T14:01:37.035251Z",
            "yes_price": 48,
            "no_price": 52,
            "taker_side": "yes"
        },
        {
            "trade_id": "badbaaf7-1425-4923-94fb-a68cb1400e42",
            "ticker": "HIGHNY-24APR08-B64.5",
            "count": 3,
            "created_time": "2024-04-08T13:31:10.424792Z",
            "yes_price": 51,
            "no_price": 49,
            "taker_side": "yes"
        },
        {
            "trade_id": "41dd1af7-fe0d-48a6-9d22-c58c967b1752",
            "ticker": "HIGHNY-24APR08-B64.5",
            "count": 2,
            "created_time": "2024-04-08T12:12:10.40724Z",
            "yes_price": 47,
            "no_price": 53,
            "taker_side": "yes"
        },
        {
            "trade_id": "a27eddfd-bdb7-4249-a31c-9e7b69969226",
            "ticker": "HIGHNY-24APR08-B64.5",
            "count": 15,
            "created_time": "2024-04-08T12:03:59.492566Z",
            "yes_price": 42,
            "no_price": 58,
            "taker_side": "no"
        },
        {
            "trade_id": "eab25654-0fa7-48c9-b9e1-b72b527e5480",
            "ticker": "HIGHNY-24APR08-B64.5",
            "count": 28,
            "created_time": "2024-04-08T12:01:32.249412Z",
            "yes_price": 45,
            "no_price": 55,
            "taker_side": "no"
        },
        {
            "trade_id": "5387ec41-2525-496d-88b1-e10a1fe7cc22",
            "ticker": "HIGHNY-24APR08-B64.5",
            "count": 1,
            "created_time": "2024-04-08T12:01:25.412386Z",
            "yes_price": 45,
            "no_price": 55,
            "taker_side": "no"
        },
        {
            "trade_id": "8105b104-f9cd-4ad2-96a8-04b520dc9c87",
            "ticker": "HIGHNY-24APR08-B64.5",
            "count": 6,
            "created_time": "2024-04-08T12:01:14.243992Z",
            "yes_price": 45,
            "no_price": 55,
            "taker_side": "no"
        },
        {
            "trade_id": "c5aa76fe-f086-4ea9-8fb9-75e1637fcf6c",
            "ticker": "HIGHNY-24APR08-B64.5",
            "count": 2,
            "created_time": "2024-04-08T12:01:13.268648Z",
            "yes_price": 45,
            "no_price": 55,
            "taker_side": "no"
        },
        {
            "trade_id": "97c9a575-e078-4b6c-bd0a-eece4be0cb9c",
            "ticker": "HIGHNY-24APR08-B64.5",
            "count": 12,
            "created_time": "2024-04-08T03:50:05.884029Z",
            "yes_price": 41,
            "no_price": 59,
            "taker_side": "no"
        },
        {
            "trade_id": "2648ac8f-fc1e-4e13-bb53-0dbbe8c38bfd",
            "ticker": "HIGHNY-24APR08-B64.5",
            "count": 48,
            "created_time": "2024-04-08T03:39:29.640237Z",
            "yes_price": 41,
            "no_price": 59,
            "taker_side": "no"
        },
        {
            "trade_id": "bc488257-ae15-4b7d-952f-0e5bee16036b",
            "ticker": "HIGHNY-24APR08-B64.5",
            "count": 12,
            "created_time": "2024-04-08T03:38:33.061072Z",
            "yes_price": 42,
            "no_price": 58,
            "taker_side": "no"
        },
        {
            "trade_id": "0aacda5c-f8fe-4062-be3c-184f444d6b3d",
            "ticker": "HIGHNY-24APR08-B64.5",
            "count": 36,
            "created_time": "2024-04-08T03:38:18.079741Z",
            "yes_price": 42,
            "no_price": 58,
            "taker_side": "no"
        },
        {
            "trade_id": "6e86af37-88e4-495d-b1d0-493095193677",
            "ticker": "HIGHNY-24APR08-B64.5",
            "count": 8,
            "created_time": "2024-04-08T03:37:42.811329Z",
            "yes_price": 42,
            "no_price": 58,
            "taker_side": "no"
        },
        {
            "trade_id": "28f1656c-bb81-40fe-8a60-43562bd29c91",
            "ticker": "HIGHNY-24APR08-B64.5",
            "count": 3,
            "created_time": "2024-04-08T00:12:43.352971Z",
            "yes_price": 40,
            "no_price": 60,
            "taker_side": "no"
        },
        {
            "trade_id": "2aa03d79-4e17-49e7-95c6-da9b2621377b",
            "ticker": "HIGHNY-24APR08-B64.5",
            "count": 5,
            "created_time": "2024-04-07T22:49:08.698468Z",
            "yes_price": 39,
            "no_price": 61,
            "taker_side": "no"
        },
        {
            "trade_id": "3062105f-4a95-42d0-b7ee-aa2a22686dc7",
            "ticker": "HIGHNY-24APR08-B64.5",
            "count": 12,
            "created_time": "2024-04-07T22:40:56.414044Z",
            "yes_price": 39,
            "no_price": 61,
            "taker_side": "yes"
        },
        {
            "trade_id": "4426f6dd-e61f-4774-bb1a-5bf7f7d04f48",
            "ticker": "HIGHNY-24APR08-B64.5",
            "count": 1,
            "created_time": "2024-04-07T22:40:19.956197Z",
            "yes_price": 38,
            "no_price": 62,
            "taker_side": "yes"
        },
        {
            "trade_id": "8298e8cf-e625-473c-a4cd-383fd420df3e",
            "ticker": "HIGHNY-24APR08-B64.5",
            "count": 11,
            "created_time": "2024-04-07T21:16:44.352187Z",
            "yes_price": 43,
            "no_price": 57,
            "taker_side": "yes"
        },
        {
            "trade_id": "11e624b5-412d-4c2e-ac43-b60480440e6f",
            "ticker": "HIGHNY-24APR08-B64.5",
            "count": 10,
            "created_time": "2024-04-07T16:58:05.965182Z",
            "yes_price": 44,
            "no_price": 56,
            "taker_side": "yes"
        },
        {
            "trade_id": "976f8cd8-9f9d-4e9e-acc1-3fa5fdca323f",
            "ticker": "HIGHNY-24APR08-B64.5",
            "count": 35,
            "created_time": "2024-04-07T16:11:02.403373Z",
            "yes_price": 44,
            "no_price": 56,
            "taker_side": "yes"
        },
        {
            "trade_id": "9f2ff511-934c-492f-9724-30ec256c093f",
            "ticker": "HIGHNY-24APR08-B64.5",
            "count": 10,
            "created_time": "2024-04-07T14:18:08.206322Z",
            "yes_price": 33,
            "no_price": 67,
            "taker_side": "no"
        }
    ],
    "HIGHNY-24APR08-B66.5": [
        {
            "trade_id": "b621da3a-acb8-451e-90ad-49795d0ca63e",
            "ticker": "HIGHNY-24APR08-B66.5",
            "count": 100,
            "created_time": "2024-04-09T02:51:20.586029Z",
            "yes_price": 1,
            "no_price": 99,
            "taker_side": "yes"
        },
        {
            "trade_id": "01babbea-abdd-4c55-9062-faaece50a928",
            "ticker": "HIGHNY-24APR08-B66.5",
            "count": 31,
            "created_time": "2024-04-08T21:42:26.24595Z",
            "yes_price": 3,
            "no_price": 97,
            "taker_side": "yes"
        },
        {
            "trade_id": "292487cf-dae1-4a77-afef-698a9be36b75",
            "ticker": "HIGHNY-24APR08-B66.5",
            "count": 31,
            "created_time": "2024-04-08T21:26:49.932463Z",
            "yes_price": 3,
            "no_price": 97,
            "taker_side": "yes"
        },
        {
            "trade_id": "bb50cfff-fbcf-402b-8436-b38607cc369e",
            "ticker": "HIGHNY-24APR08-B66.5",
            "count": 31,
            "created_time": "2024-04-08T21:17:18.137285Z",
            "yes_price": 3,
            "no_price": 97,
            "taker_side": "yes"
        },
        {
            "trade_id": "e6bcda93-41c4-4ece-be91-bc4412b4a056",
            "ticker": "HIGHNY-24APR08-B66.5",
            "count": 225,
            "created_time": "2024-04-08T20:54:13.652657Z",
            "yes_price": 3,
            "no_price": 97,
            "taker_side": "yes"
        },
        {
            "trade_id": "9fc7c83f-5ec3-4ea8-97f2-ed806b8fc2d5",
            "ticker": "HIGHNY-24APR08-B66.5",
            "count": 16,
            "created_time": "2024-04-08T20:54:13.652657Z",
            "yes_price": 1,
            "no_price": 99,
            "taker_side": "yes"
        },
        {
            "trade_id": "187a461f-bce9-4de4-823a-593b1d22d7bf",
            "ticker": "HIGHNY-24APR08-B66.5",
            "count": 244,
            "created_time": "2024-04-08T20:54:13.652657Z",
            "yes_price": 1,
            "no_price": 99,
            "taker_side": "yes"
        },
        {
            "trade_id": "e05a520d-2596-4fb9-b214-60220686b17a",
            "ticker": "HIGHNY-24APR08-B66.5",
            "count": 2,
            "created_time": "2024-04-08T20:46:56.914393Z",
            "yes_price": 1,
            "no_price": 99,
            "taker_side": "no"
        },
        {
            "trade_id": "5d35fcba-0983-4fb4-8816-00a6f2bf4d57",
            "ticker": "HIGHNY-24APR08-B66.5",
            "count": 3,
            "created_time": "2024-04-08T20:46:22.229538Z",
            "yes_price": 3,
            "no_price": 97,
            "taker_side": "yes"
        },
        {
            "trade_id": "e108ff82-4fe7-42c5-b17b-fed3544e98dc",
            "ticker": "HIGHNY-24APR08-B66.5",
            "count": 35,
            "created_time": "2024-04-08T18:19:56.114867Z",
            "yes_price": 20,
            "no_price": 80,
            "taker_side": "no"
        },
        {
            "trade_id": "6d2c9469-90ec-4b9f-a587-b70be7fc5738",
            "ticker": "HIGHNY-24APR08-B66.5",
            "count": 13,
            "created_time": "2024-04-08T18:19:56.114867Z",
            "yes_price": 21,
            "no_price": 79,
            "taker_side": "no"
        },
        {
            "trade_id": "964b0de8-b573-4a3a-8dfa-f24f6b65c0ba",
            "ticker": "HIGHNY-24APR08-B66.5",
            "count": 73,
            "created_time": "2024-04-08T15:10:49.448664Z",
            "yes_price": 50,
            "no_price": 50,
            "taker_side": "no"
        },
        {
            "trade_id": "56d04ed4-cc5e-4231-9060-2ea1182d9f13",
            "ticker": "HIGHNY-24APR08-B66.5",
            "count": 14,
            "created_time": "2024-04-08T15:08:54.661667Z",
            "yes_price": 50,
            "no_price": 50,
            "taker_side": "no"
        },
        {
            "trade_id": "43eb274b-4633-478c-bf6c-3e8a0a7aa5a1",
            "ticker": "HIGHNY-24APR08-B66.5",
            "count": 5,
            "created_time": "2024-04-08T14:51:37.52327Z",
            "yes_price": 20,
            "no_price": 80,
            "taker_side": "no"
        },
        {
            "trade_id": "84c05f59-4f99-451b-9b33-e6034889c403",
            "ticker": "HIGHNY-24APR08-B66.5",
            "count": 13,
            "created_time": "2024-04-08T14:34:59.233094Z",
            "yes_price": 97,
            "no_price": 3,
            "taker_side": "yes"
        },
        {
            "trade_id": "d25a6a38-2776-440d-9eca-4053259e2fe8",
            "ticker": "HIGHNY-24APR08-B66.5",
            "count": 10,
            "created_time": "2024-04-08T14:23:24.860091Z",
            "yes_price": 23,
            "no_price": 77,
            "taker_side": "no"
        },
        {
            "trade_id": "a5315e72-469a-41d7-b3c5-ba75ec4fd634",
            "ticker": "HIGHNY-24APR08-B66.5",
            "count": 10,
            "created_time": "2024-04-08T14:06:08.905943Z",
            "yes_price": 26,
            "no_price": 74,
            "taker_side": "yes"
        },
        {
            "trade_id": "ad584e03-9242-4988-93a3-c9b44dccdd81",
            "ticker": "HIGHNY-24APR08-B66.5",
            "count": 1,
            "created_time": "2024-04-08T14:01:37.129953Z",
            "yes_price": 25,
            "no_price": 75,
            "taker_side": "no"
        },
        {
            "trade_id": "a79edffc-9f94-489d-a0de-f1a903887f27",
            "ticker": "HIGHNY-24APR08-B66.5",
            "count": 3,
            "created_time": "2024-04-08T13:31:10.505208Z",
            "yes_price": 25,
            "no_price": 75,
            "taker_side": "no"
        },
        {
            "trade_id": "d14a440a-81e9-4f4c-bee9-c9fa52f4b131",
            "ticker": "HIGHNY-24APR08-B66.5",
            "count": 93,
            "created_time": "2024-04-08T12:14:11.338453Z",
            "yes_price": 28,
            "no_price": 72,
            "taker_side": "yes"
        },
        {
            "trade_id": "85d4132f-208a-418d-baee-8a5c3a9036fa",
            "ticker": "HIGHNY-24APR08-B66.5",
            "count": 18,
            "created_time": "2024-04-08T12:14:11.338453Z",
            "yes_price": 24,
            "no_price": 76,
            "taker_side": "yes"
        },
        {
            "trade_id": "0c9920a3-80c4-4e44-9b85-b8b48ec17bcc",
            "ticker": "HIGHNY-24APR08-B66.5",
            "count": 93,
            "created_time": "2024-04-08T12:14:11.338453Z",
            "yes_price": 26,
            "no_price": 74,
            "taker_side": "yes"
        },
        {
            "trade_id": "830e2479-81b8-4b0d-a702-b0f01d025dab",
            "ticker": "HIGHNY-24APR08-B66.5",
            "count": 2,
            "created_time": "2024-04-08T12:12:10.492215Z",
            "yes_price": 18,
            "no_price": 82,
            "taker_side": "no"
        },
        {
            "trade_id": "75711cfa-f140-4890-bffe-9fcf712a113f",
            "ticker": "HIGHNY-24APR08-B66.5",
            "count": 15,
            "created_time": "2024-04-08T12:03:59.482837Z",
            "yes_price": 18,
            "no_price": 82,
            "taker_side": "no"
        },
        {
            "trade_id": "fdff6042-bb7e-4274-a528-7d8bd17b997d",
            "ticker": "HIGHNY-24APR08-B66.5",
            "count": 94,
            "created_time": "2024-04-08T12:01:32.144613Z",
            "yes_price": 21,
            "no_price": 79,
            "taker_side": "yes"
        },
        {
            "trade_id": "ce304e97-9c8e-4f03-a997-5d9e6864055f",
            "ticker": "HIGHNY-24APR08-B66.5",
            "count": 18,
            "created_time": "2024-04-08T12:01:32.144613Z",
            "yes_price": 18,
            "no_price": 82,
            "taker_side": "yes"
        },
        {
            "trade_id": "831f3295-d34d-4a29-9eec-79c8c5a99d2d",
            "ticker": "HIGHNY-24APR08-B66.5",
            "count": 94,
            "created_time": "2024-04-08T12:01:32.144613Z",
            "yes_price": 20,
            "no_price": 80,
            "taker_side": "yes"
        },
        {
            "trade_id": "7e2304b3-56df-4eaf-9cc9-9bb198507ca3",
            "ticker": "HIGHNY-24APR08-B66.5",
            "count": 28,
            "created_time": "2024-04-08T12:01:32.144613Z",
            "yes_price": 17,
            "no_price": 83,
            "taker_side": "yes"
        },
        {
            "trade_id": "fe538dd6-8305-438b-85b5-4217ee69d1b5",
            "ticker": "HIGHNY-24APR08-B66.5",
            "count": 94,
            "created_time": "2024-04-08T12:01:25.295809Z",
            "yes_price": 21,
            "no_price": 79,
            "taker_side": "yes"
        },
        {
            "trade_id": "947b288f-9877-4912-803c-22d6e6952771",
            "ticker": "HIGHNY-24APR08-B66.5",
            "count": 94,
            "created_time": "2024-04-08T12:01:25.295809Z",
            "yes_price": 20,
            "no_price": 80,
            "taker_side": "yes"
        },
        {
            "trade_id": "6485b47d-0e2f-47f9-adda-b03d5c490f61",
            "ticker": "HIGHNY-24APR08-B66.5",
            "count": 37,
            "created_time": "2024-04-08T12:01:25.295809Z",
            "yes_price": 18,
            "no_price": 82,
            "taker_side": "yes"
        },
        {
            "trade_id": "1b6ac917-b5d4-4692-85fb-6b6163c08fb7",
            "ticker": "HIGHNY-24APR08-B66.5",
            "count": 1,
            "created_time": "2024-04-08T12:01:25.295809Z",
            "yes_price": 17,
            "no_price": 83,
            "taker_side": "yes"
        },
        {
            "trade_id": "66e4bcdd-1546-48ac-af8b-65479b191703",
            "ticker": "HIGHNY-24APR08-B66.5",
            "count": 6,
            "created_time": "2024-04-08T12:01:14.176549Z",
            "yes_price": 17,
            "no_price": 83,
            "taker_side": "yes"
        },
        {
            "trade_id": "207aa3f6-27dd-4ded-b728-4538fd7e00a0",
            "ticker": "HIGHNY-24APR08-B66.5",
            "count": 73,
            "created_time": "2024-04-08T03:38:51.409563Z",
            "yes_price": 29,
            "no_price": 71,
            "taker_side": "yes"
        },
        {
            "trade_id": "f7104943-9d03-4fed-9af8-14a54d17e15d",
            "ticker": "HIGHNY-24APR08-B66.5",
            "count": 12,
            "created_time": "2024-04-08T03:38:45.298303Z",
            "yes_price": 28,
            "no_price": 72,
            "taker_side": "yes"
        },
        {
            "trade_id": "fb956683-3233-454e-8fc4-a567b1013cf9",
            "ticker": "HIGHNY-24APR08-B66.5",
            "count": 12,
            "created_time": "2024-04-08T03:38:32.952325Z",
            "yes_price": 27,
            "no_price": 73,
            "taker_side": "yes"
        },
        {
            "trade_id": "8312f916-94f5-4713-b923-3d1640c6bad8",
            "ticker": "HIGHNY-24APR08-B66.5",
            "count": 36,
            "created_time": "2024-04-08T03:38:32.952325Z",
            "yes_price": 27,
            "no_price": 73,
            "taker_side": "yes"
        },
        {
            "trade_id": "00855e6f-dbba-4d66-80b8-dae49d9729f6",
            "ticker": "HIGHNY-24APR08-B66.5",
            "count": 36,
            "created_time": "2024-04-08T03:38:18.006691Z",
            "yes_price": 26,
            "no_price": 74,
            "taker_side": "yes"
        },
        {
            "trade_id": "b283f539-8824-4b73-ae96-6abfd0c9a22a",
            "ticker": "HIGHNY-24APR08-B66.5",
            "count": 61,
            "created_time": "2024-04-08T03:37:42.713663Z",
            "yes_price": 26,
            "no_price": 74,
            "taker_side": "yes"
        },
        {
            "trade_id": "ab51c08c-0ecd-4c52-9894-d3fcd121c6b9",
            "ticker": "HIGHNY-24APR08-B66.5",
            "count": 8,
            "created_time": "2024-04-08T03:37:42.713663Z",
            "yes_price": 25,
            "no_price": 75,
            "taker_side": "yes"
        },
        {
            "trade_id": "f27d5113-7bea-4169-adf2-a06759eaaa0b",
            "ticker": "HIGHNY-24APR08-B66.5",
            "count": 25,
            "created_time": "2024-04-08T01:11:41.735585Z",
            "yes_price": 26,
            "no_price": 74,
            "taker_side": "yes"
        },
        {
            "trade_id": "64988768-7d76-4aa0-89af-6fe92600d616",
            "ticker": "HIGHNY-24APR08-B66.5",
            "count": 39,
            "created_time": "2024-04-08T00:12:43.219064Z",
            "yes_price": 26,
            "no_price": 74,
            "taker_side": "yes"
        },
        {
            "trade_id": "250c2fb0-da44-40d1-82f1-3179f3c52b8b",
            "ticker": "HIGHNY-24APR08-B66.5",
            "count": 3,
            "created_time": "2024-04-08T00:12:43.219064Z",
            "yes_price": 26,
            "no_price": 74,
            "taker_side": "yes"
        },
        {
            "trade_id": "b4dc3c13-65a2-4a4d-8a2e-ee25e6fb7099",
            "ticker": "HIGHNY-24APR08-B66.5",
            "count": 5,
            "created_time": "2024-04-07T22:49:08.645119Z",
            "yes_price": 22,
            "no_price": 78,
            "taker_side": "yes"
        },
        {
            "trade_id": "39fdbe86-a403-4ca6-9258-0b940c09cac1",
            "ticker": "HIGHNY-24APR08-B66.5",
            "count": 1,
            "created_time": "2024-04-07T22:15:10.910378Z",
            "yes_price": 31,
            "no_price": 69,
            "taker_side": "no"
        },
        {
            "trade_id": "d498300a-0a3a-4bcc-ab71-c168dfc5ae6a",
            "ticker": "HIGHNY-24APR08-B66.5",
            "count": 10,
            "created_time": "2024-04-07T17:30:18.969247Z",
            "yes_price": 28,
            "no_price": 72,
            "taker_side": "no"
        },
        {
            "trade_id": "ae2648be-1c07-4f36-be25-3e4929c85372",
            "ticker": "HIGHNY-24APR08-B66.5",
            "count": 5,
            "created_time": "2024-04-07T16:58:25.864273Z",
            "yes_price": 34,
            "no_price": 66,
            "taker_side": "yes"
        },
        {
            "trade_id": "45e5906f-6344-4541-889b-6be4c0bf2d67",
            "ticker": "HIGHNY-24APR08-B66.5",
            "count": 10,
            "created_time": "2024-04-07T16:48:29.605137Z",
            "yes_price": 25,
            "no_price": 75,
            "taker_side": "yes"
        },
        {
            "trade_id": "6048c1c2-9f10-4b14-b3af-db496c96e26c",
            "ticker": "HIGHNY-24APR08-B66.5",
            "count": 46,
            "created_time": "2024-04-07T15:08:29.700462Z",
            "yes_price": 14,
            "no_price": 86,
            "taker_side": "yes"
        },
        {
            "trade_id": "6352c3a2-5d2b-4507-8627-e30fdab3646f",
            "ticker": "HIGHNY-24APR08-B66.5",
            "count": 54,
            "created_time": "2024-04-07T15:08:25.930906Z",
            "yes_price": 14,
            "no_price": 86,
            "taker_side": "no"
        }
    ],
    "HIGHNY-24APR08-T67": [
        {
            "trade_id": "29cf98aa-9ce1-47fb-be2c-411bd16855cf",
            "ticker": "HIGHNY-24APR08-T67",
            "count": 100,
            "created_time": "2024-04-09T02:51:48.818507Z",
            "yes_price": 99,
            "no_price": 1,
            "taker_side": "no"
        },
        {
            "trade_id": "96aa97b8-c1c0-4e19-9022-9cef86b6f5bb",
            "ticker": "HIGHNY-24APR08-T67",
            "count": 45,
            "created_time": "2024-04-08T23:49:34.294461Z",
            "yes_price": 99,
            "no_price": 1,
            "taker_side": "no"
        },
        {
            "trade_id": "b397c79e-1c5a-4aee-9d48-cf87a922d3b6",
            "ticker": "HIGHNY-24APR08-T67",
            "count": 5,
            "created_time": "2024-04-08T21:18:50.553946Z",
            "yes_price": 97,
            "no_price": 3,
            "taker_side": "no"
        },
        {
            "trade_id": "4af3b0c6-3483-4c7b-adb2-856e7c34d4b0",
            "ticker": "HIGHNY-24APR08-T67",
            "count": 37,
            "created_time": "2024-04-08T21:03:19.196998Z",
            "yes_price": 98,
            "no_price": 2,
            "taker_side": "no"
        },
        {
            "trade_id": "38fa4ef6-965a-443c-8164-6c610caa64a8",
            "ticker": "HIGHNY-24APR08-T67",
            "count": 131,
            "created_time": "2024-04-08T21:03:19.196998Z",
            "yes_price": 97,
            "no_price": 3,
            "taker_side": "no"
        },
        {
            "trade_id": "41513d9e-7e54-41ad-bf20-d4b6a1bc5600",
            "ticker": "HIGHNY-24APR08-T67",
            "count": 463,
            "created_time": "2024-04-08T20:56:22.127052Z",
            "yes_price": 98,
            "no_price": 2,
            "taker_side": "no"
        },
        {
            "trade_id": "023896be-b240-4095-8e0d-705ee9914cba",
            "ticker": "HIGHNY-24APR08-T67",
            "count": 9,
            "created_time": "2024-04-08T20:56:22.127052Z",
            "yes_price": 99,
            "no_price": 1,
            "taker_side": "no"
        },
        {
            "trade_id": "78bc8698-4c84-4863-aa99-ee003dba25d5",
            "ticker": "HIGHNY-24APR08-T67",
            "count": 2,
            "created_time": "2024-04-08T20:47:12.419638Z",
            "yes_price": 99,
            "no_price": 1,
            "taker_side": "yes"
        },
        {
            "trade_id": "860415ce-a106-47ab-8f47-e0553c96223b",
            "ticker": "HIGHNY-24APR08-T67",
            "count": 2,
            "created_time": "2024-04-08T20:46:23.393306Z",
            "yes_price": 97,
            "no_price": 3,
            "taker_side": "no"
        },
        {
            "trade_id": "3de51a0f-091a-46e2-ac8b-6d08e6e81bfd",
            "ticker": "HIGHNY-24APR08-T67",
            "count": 10,
            "created_time": "2024-04-08T20:19:17.796082Z",
            "yes_price": 40,
            "no_price": 60,
            "taker_side": "no"
        },
        {
            "trade_id": "56e5c647-95cc-4536-a7dc-ea4b3dded112",
            "ticker": "HIGHNY-24APR08-T67",
            "count": 96,
            "created_time": "2024-04-08T20:02:33.174991Z",
            "yes_price": 25,
            "no_price": 75,
            "taker_side": "no"
        },
        {
            "trade_id": "2b318653-6493-4e88-aa91-17c130d3230a",
            "ticker": "HIGHNY-24APR08-T67",
            "count": 188,
            "created_time": "2024-04-08T20:02:33.174991Z",
            "yes_price": 26,
            "no_price": 74,
            "taker_side": "no"
        },
        {
            "trade_id": "a9533689-f0f1-4c75-98e1-82e86dab1332",
            "ticker": "HIGHNY-24APR08-T67",
            "count": 12,
            "created_time": "2024-04-08T19:59:36.636008Z",
            "yes_price": 26,
            "no_price": 74,
            "taker_side": "no"
        },
        {
            "trade_id": "8948b434-4e22-4ce5-af84-cad82f944d98",
            "ticker": "HIGHNY-24APR08-T67",
            "count": 1,
            "created_time": "2024-04-08T19:59:36.636008Z",
            "yes_price": 27,
            "no_price": 73,
            "taker_side": "no"
        },
        {
            "trade_id": "558e4706-8312-45a8-8d32-15e1e8b258d3",
            "ticker": "HIGHNY-24APR08-T67",
            "count": 9,
            "created_time": "2024-04-08T19:04:49.678073Z",
            "yes_price": 27,
            "no_price": 73,
            "taker_side": "no"
        },
        {
            "trade_id": "2ccf0371-e1d9-4b33-b907-698dd9e43fc4",
            "ticker": "HIGHNY-24APR08-T67",
            "count": 10,
            "created_time": "2024-04-08T17:54:00.045456Z",
            "yes_price": 40,
            "no_price": 60,
            "taker_side": "yes"
        },
        {
            "trade_id": "1fb2e982-20ca-438f-b053-ba2f4c835aaa",
            "ticker": "HIGHNY-24APR08-T67",
            "count": 17,
            "created_time": "2024-04-08T17:54:00.045456Z",
            "yes_price": 39,
            "no_price": 61,
            "taker_side": "yes"
        },
        {
            "trade_id": "b9eb4946-4253-4d03-8b99-f156b6e8ee0a",
            "ticker": "HIGHNY-24APR08-T67",
            "count": 5,
            "created_time": "2024-04-08T14:51:37.51988Z",
            "yes_price": 13,
            "no_price": 87,
            "taker_side": "no"
        },
        {
            "trade_id": "99744c78-0994-4ce0-89a6-0b136e44916f",
            "ticker": "HIGHNY-24APR08-T67",
            "count": 13,
            "created_time": "2024-04-08T14:34:59.283604Z",
            "yes_price": 14,
            "no_price": 86,
            "taker_side": "no"
        },
        {
            "trade_id": "fca40cd2-36ec-44ae-ac00-59b8c2da9c0a",
            "ticker": "HIGHNY-24APR08-T67",
            "count": 10,
            "created_time": "2024-04-08T14:23:24.865732Z",
            "yes_price": 14,
            "no_price": 86,
            "taker_side": "no"
        },
        {
            "trade_id": "5ae94664-748a-4638-921c-db4a3c5faa7f",
            "ticker": "HIGHNY-24APR08-T67",
            "count": 1,
            "created_time": "2024-04-08T14:01:37.125201Z",
            "yes_price": 14,
            "no_price": 86,
            "taker_side": "no"
        },
        {
            "trade_id": "5399ea1f-8939-4977-9b22-e99547742e41",
            "ticker": "HIGHNY-24APR08-T67",
            "count": 3,
            "created_time": "2024-04-08T13:31:10.505967Z",
            "yes_price": 13,
            "no_price": 87,
            "taker_side": "no"
        },
        {
            "trade_id": "872618ec-be26-4824-baab-97d4c0c9561c",
            "ticker": "HIGHNY-24APR08-T67",
            "count": 22,
            "created_time": "2024-04-08T12:14:43.353749Z",
            "yes_price": 13,
            "no_price": 87,
            "taker_side": "no"
        },
        {
            "trade_id": "944c7e81-1438-4cd4-b465-8c3097471ad4",
            "ticker": "HIGHNY-24APR08-T67",
            "count": 2,
            "created_time": "2024-04-08T12:12:10.48961Z",
            "yes_price": 13,
            "no_price": 87,
            "taker_side": "no"
        },
        {
            "trade_id": "fb34190f-124a-4a53-8502-ae823d2c896e",
            "ticker": "HIGHNY-24APR08-T67",
            "count": 15,
            "created_time": "2024-04-08T12:03:59.48767Z",
            "yes_price": 13,
            "no_price": 87,
            "taker_side": "no"
        },
        {
            "trade_id": "127679d8-f686-4604-9b44-75a194ea7563",
            "ticker": "HIGHNY-24APR08-T67",
            "count": 28,
            "created_time": "2024-04-08T12:01:32.245241Z",
            "yes_price": 13,
            "no_price": 87,
            "taker_side": "no"
        },
        {
            "trade_id": "879ee6de-cc4f-4964-b349-9df1ed32c3d3",
            "ticker": "HIGHNY-24APR08-T67",
            "count": 1,
            "created_time": "2024-04-08T12:01:25.425496Z",
            "yes_price": 14,
            "no_price": 86,
            "taker_side": "no"
        },
        {
            "trade_id": "f3edbf25-fb4b-4cbb-b241-32d3ba338ec3",
            "ticker": "HIGHNY-24APR08-T67",
            "count": 6,
            "created_time": "2024-04-08T12:01:14.271363Z",
            "yes_price": 14,
            "no_price": 86,
            "taker_side": "no"
        },
        {
            "trade_id": "7f552290-c4e7-4516-aaa6-7ac385b51c16",
            "ticker": "HIGHNY-24APR08-T67",
            "count": 12,
            "created_time": "2024-04-08T03:38:33.059724Z",
            "yes_price": 13,
            "no_price": 87,
            "taker_side": "no"
        },
        {
            "trade_id": "bace9af9-8251-4345-92b0-6dbd29e92bd0",
            "ticker": "HIGHNY-24APR08-T67",
            "count": 36,
            "created_time": "2024-04-08T03:38:18.076562Z",
            "yes_price": 13,
            "no_price": 87,
            "taker_side": "no"
        },
        {
            "trade_id": "f4bbb8d3-90e6-4928-8d18-af080cd12776",
            "ticker": "HIGHNY-24APR08-T67",
            "count": 8,
            "created_time": "2024-04-08T03:37:42.808242Z",
            "yes_price": 13,
            "no_price": 87,
            "taker_side": "no"
        },
        {
            "trade_id": "4302fb0f-5f46-4fb0-a235-ae3ddcf3e71e",
            "ticker": "HIGHNY-24APR08-T67",
            "count": 3,
            "created_time": "2024-04-08T00:12:43.365942Z",
            "yes_price": 15,
            "no_price": 85,
            "taker_side": "no"
        },
        {
            "trade_id": "48d41543-f640-4fa2-ad3b-4180d4b51acc",
            "ticker": "HIGHNY-24APR08-T67",
            "count": 5,
            "created_time": "2024-04-07T22:49:08.741114Z",
            "yes_price": 15,
            "no_price": 85,
            "taker_side": "no"
        },
        {
            "trade_id": "1b87c80c-9ded-4bcf-b981-4cba3d6b9a0f",
            "ticker": "HIGHNY-24APR08-T67",
            "count": 1,
            "created_time": "2024-04-07T22:06:00.993181Z",
            "yes_price": 15,
            "no_price": 85,
            "taker_side": "yes"
        },
        {
            "trade_id": "8cd44042-2230-45c5-8dbd-e4b7515e67d1",
            "ticker": "HIGHNY-24APR08-T67",
            "count": 75,
            "created_time": "2024-04-07T21:29:20.621279Z",
            "yes_price": 15,
            "no_price": 85,
            "taker_side": "yes"
        },
        {
            "trade_id": "56c7779c-f3d5-44d5-a9bb-e6eb5556c136",
            "ticker": "HIGHNY-24APR08-T67",
            "count": 46,
            "created_time": "2024-04-07T21:28:42.605754Z",
            "yes_price": 15,
            "no_price": 85,
            "taker_side": "no"
        },
        {
            "trade_id": "87b0de6c-6608-4aad-b93c-cc267eed3212",
            "ticker": "HIGHNY-24APR08-T67",
            "count": 54,
            "created_time": "2024-04-07T21:28:36.224135Z",
            "yes_price": 15,
            "no_price": 85,
            "taker_side": "no"
        }
    ]
}