{
    "HIGHNY-24JUL13-T82": [
        {
            "trade_id": "c69cbbbe-9dfd-4302-b52e-5066fc4659ce",
            "ticker": "HIGHNY-24JUL13-T82",
            "count": 300,
            "created_time": "2024-07-13T17:19:11.87518Z",
            "yes_price": 1,
            "no_price": 99,
            "taker_side": "no"
        },
        {
            "trade_id": "b47f0200-aec3-4a66-ac8e-85609cea9b9e",
            "ticker": "HIGHNY-24JUL13-T82",
            "count": 53,
            "created_time": "2024-07-13T17:19:11.87518Z",
            "yes_price": 1,
            "no_price": 99,
            "taker_side": "no"
        },
        {
            "trade_id": "4343307c-59ba-485a-8765-916485d32042",
            "ticker": "HIGHNY-24JUL13-T82",
            "count": 23,
            "created_time": "2024-07-13T16:38:06.567837Z",
            "yes_price": 1,
            "no_price": 99,
            "taker_side": "no"
        },
        {
            "trade_id": "36cc0469-1840-455d-a423-2f75fc7a23ef",
            "ticker": "HIGHNY-24JUL13-T82",
            "count": 74,
            "created_time": "2024-07-13T16:28:08.631385Z",
            "yes_price": 1,
            "no_price": 99,
            "taker_side": "no"
        },
        {
            "trade_id": "225b5f06-4137-42d2-9c4f-62fdc6e936a1",
            "ticker": "HIGHNY-24JUL13-T82",
            "count": 25,
            "created_time": "2024-07-13T16:28:08.631385Z",
            "yes_price": 1,
            "no_price": 99,
            "taker_side": "no"
        },
        {
            "trade_id": "94b3174a-aee6-4c36-91a0-64f21b96d42b",
            "ticker": "HIGHNY-24JUL13-T82",
            "count": 1,
            "created_time": "2024-07-13T15:40:52.0621Z",
            "yes_price": 63,
            "no_price": 37,
            "taker_side": "yes"
        },
        {
            "trade_id": "6ed431a3-c3e6-4158-a544-8f1b254268b3",
            "ticker": "HIGHNY-24JUL13-T82",
            "count": 17,
            "created_time": "2024-07-12T23:53:04.237944Z",
            "yes_price": 6,
            "no_price": 94,
            "taker_side": "no"
        },
        {
            "trade_id": "39a55906-e640-468a-a8f9-dafd76b2fc05",
            "ticker": "HIGHNY-24JUL13-T82",
            "count": 20,
            "created_time": "2024-07-12T23:38:08.286742Z",
            "yes_price": 6,
            "no_price": 94,
            "taker_side": "no"
        },
        {
            "trade_id": "9034b492-9641-44eb-b7f7-4f8f3f6c9764",
            "ticker": "HIGHNY-24JUL13-T82",
            "count": 60,
            "created_time": "2024-07-12T22:59:14.904725Z",
            "yes_price": 17,
            "no_price": 83,
            "taker_side": "yes"
        },
        {
            "trade_id": "3d5ef15a-6b69-41a3-b0b0-d55c2c1a23e6",
            "ticker": "HIGHNY-24JUL13-T82",
            "count": 150,
            "created_time": "2024-07-12T22:59:14.904725Z",
            "yes_price": 18,
            "no_price": 82,
            "taker_side": "yes"
        },
        {
            "trade_id": "177f12fa-07f7-4448-ab70-273a349c7b6d",
            "ticker": "HIGHNY-24JUL13-T82",
            "count": 90,
            "created_time": "2024-07-12T18:50:34.187056Z",
            "yes_price": 12,
            "no_price": 88,
            "taker_side": "no"
        },
        {
            "trade_id": "f7eb435a-8aa4-4217-a718-84e56d65bd5c",
            "ticker": "HIGHNY-24JUL13-T82",
            "count": 120,
            "created_time": "2024-07-12T17:22:35.475949Z",
            "yes_price": 15,
            "no_price": 85,
            "taker_side": "yes"
        },
        {
            "trade_id": "cd305cf5-70a4-432a-abbd-cf66e5afac98",
            "ticker": "HIGHNY-24JUL13-T82",
            "count": 150,
            "created_time": "2024-07-12T17:22:35.475949Z",
            "yes_price": 17,
            "no_price": 83,
            "taker_side": "yes"
        },
        {
            "trade_id": "2d2a5df0-503b-4e9d-915b-46c06a91e9a5",
            "ticker": "HIGHNY-24JUL13-T82",
            "count": 150,
            "created_time": "2024-07-12T17:22:35.475949Z",
            "yes_price": 16,
            "no_price": 84,
            "taker_side": "yes"
        },
        {
            "trade_id": "29d49f81-0f3a-4662-bc90-9cd43d8e10ff",
            "ticker": "HIGHNY-24JUL13-T82",
            "count": 44,
            "created_time": "2024-07-12T17:22:35.475949Z",
            "yes_price": 13,
            "no_price": 87,
            "taker_side": "yes"
        }
    ],
    "HIGHNY-24JUL13-B82.5": [
        {
            "trade_id": "6e2a7da3-33be-4289-908c-64e054751109",
            "ticker": "HIGHNY-24JUL13-B82.5",
            "count": 187,
            "created_time": "2024-07-13T23:48:27.108944Z",
            "yes_price": 1,
            "no_price": 99,
            "taker_side": "yes"
        },
        {
            "trade_id": "1a013327-d940-4093-9e58-c95785b6f8dc",
            "ticker": "HIGHNY-24JUL13-B82.5",
            "count": 91,
            "created_time": "2024-07-13T20:52:57.889569Z",
            "yes_price": 1,
            "no_price": 99,
            "taker_side": "yes"
        },
        {
            "trade_id": "5b5fedf3-12b8-40be-9cf4-58a01879fd59",
            "ticker": "HIGHNY-24JUL13-B82.5",
            "count": 366,
            "created_time": "2024-07-13T20:44:11.950758Z",
            "yes_price": 1,
            "no_price": 99,
            "taker_side": "yes"
        },
        {
            "trade_id": "9d080ac7-ace7-4b78-a698-5a7217b064a4",
            "ticker": "HIGHNY-24JUL13-B82.5",
            "count": 21,
            "created_time": "2024-07-13T17:58:10.243085Z",
            "yes_price": 1,
            "no_price": 99,
            "taker_side": "yes"
        },
        {
            "trade_id": "081ee120-62ac-4c0e-ab7f-47cf5d9e5cf7",
            "ticker": "HIGHNY-24JUL13-B82.5",
            "count": 25,
            "created_time": "2024-07-13T17:52:55.171325Z",
            "yes_price": 1,
            "no_price": 99,
            "taker_side": "no"
        },
        {
            "trade_id": "eb2b6482-1fc7-4c7c-8a51-25a2e5241485",
            "ticker": "HIGHNY-24JUL13-B82.5",
            "count": 23,
            "created_time": "2024-07-13T16:38:06.564118Z",
            "yes_price": 14,
            "no_price": 86,
            "taker_side": "no"
        },
        {
            "trade_id": "4915e6ea-5550-4dd4-8896-49895f7cd5de",
            "ticker": "HIGHNY-24JUL13-B82.5",
            "count": 99,
            "created_time": "2024-07-13T16:28:08.636142Z",
            "yes_price": 14,
            "no_price": 86,
            "taker_side": "no"
        },
        {
            "trade_id": "f7b3f051-7c90-4234-b667-ee95c065316f",
            "ticker": "HIGHNY-24JUL13-B82.5",
            "count": 1,
            "created_time": "2024-07-13T15:40:52.137878Z",
            "yes_price": 20,
            "no_price": 80,
            "taker_side": "no"
        },
        {
            "trade_id": "d6b37895-70d4-4057-91cd-7d75c7ce8328",
            "ticker": "HIGHNY-24JUL13-B82.5",
            "count": 19,
            "created_time": "2024-07-13T14:48:49.472558Z",
            "yes_price": 30,
            "no_price": 70,
            "taker_side": "yes"
        },
        {
            "trade_id": "86fcdaa8-57c6-411e-9787-75c7784a18ba",
            "ticker": "HIGHNY-24JUL13-B82.5",
            "count": 30,
            "created_time": "2024-07-13T14:48:49.472558Z",
            "yes_price": 28,
            "no_price": 72,
            "taker_side": "yes"
        },
        {
            "trade_id": "eb2b32ca-bc02-44a5-a358-a3eec5e43405",
            "ticker": "HIGHNY-24JUL13-B82.5",
            "count": 32,
            "created_time": "2024-07-13T14:48:33.225861Z",
            "yes_price": 28,
            "no_price": 72,
            "taker_side": "yes"
        },
        {
            "trade_id": "67dcbbdc-bfc4-4718-879d-3beff8bb2604",
            "ticker": "HIGHNY-24JUL13-B82.5",
            "count": 100,
            "created_time": "2024-07-13T14:44:26.336564Z",
            "yes_price": 31,
            "no_price": 69,
            "taker_side": "no"
        },
        {
            "trade_id": "c9afe2eb-199b-4f3b-98f2-cd4afaf4c9eb",
            "ticker": "HIGHNY-24JUL13-B82.5",
            "count": 4,
            "created_time": "2024-07-13T14:14:20.09562Z",
            "yes_price": 39,
            "no_price": 61,
            "taker_side": "yes"
        },
        {
            "trade_id": "727f0689-8fca-4dc6-9ddd-759a4fc3de9b",
            "ticker": "HIGHNY-24JUL13-B82.5",
            "count": 21,
            "created_time": "2024-07-13T14:12:08.808629Z",
            "yes_price": 31,
            "no_price": 69,
            "taker_side": "no"
        },
        {
            "trade_id": "36d0ffb6-fc0a-4395-9486-8514e93b7c0d",
            "ticker": "HIGHNY-24JUL13-B82.5",
            "count": 1,
            "created_time": "2024-07-13T14:01:56.043694Z",
            "yes_price": 39,
            "no_price": 61,
            "taker_side": "yes"
        },
        {
            "trade_id": "faaefa26-bdda-419e-82e6-be5ff4699860",
            "ticker": "HIGHNY-24JUL13-B82.5",
            "count": 32,
            "created_time": "2024-07-13T13:30:49.854088Z",
            "yes_price": 28,
            "no_price": 72,
            "taker_side": "no"
        },
        {
            "trade_id": "3247ca87-1397-4e84-a9c9-a1c95aa68d4f",
            "ticker": "HIGHNY-24JUL13-B82.5",
            "count": 15,
            "created_time": "2024-07-13T13:30:49.854088Z",
            "yes_price": 31,
            "no_price": 69,
            "taker_side": "no"
        },
        {
            "trade_id": "d3ee75eb-7394-4951-90aa-883522a593b1",
            "ticker": "HIGHNY-24JUL13-B82.5",
            "count": 1,
            "created_time": "2024-07-13T12:56:35.121426Z",
            "yes_price": 30,
            "no_price": 70,
            "taker_side": "yes"
        },
        {
            "trade_id": "ec4265c3-4e6a-44ac-9ca3-8f17f5b12a2f",
            "ticker": "HIGHNY-24JUL13-B82.5",
            "count": 3,
            "created_time": "2024-07-13T12:39:17.203882Z",
            "yes_price": 30,
            "no_price": 70,
            "taker_side": "yes"
        },
        {
            "trade_id": "8b48c8a2-1697-4462-ab89-e0523879af34",
            "ticker": "HIGHNY-24JUL13-B82.5",
            "count": 70,
            "created_time": "2024-07-13T03:39:01.567917Z",
            "yes_price": 19,
            "no_price": 81,
            "taker_side": "no"
        },
        {
            "trade_id": "c6c6d94f-33a0-4034-ab07-3555cde82544",
            "ticker": "HIGHNY-24JUL13-B82.5",
            "count": 45,
            "created_time": "2024-07-13T03:36:51.62492Z",
            "yes_price": 20,
            "no_price": 80,
            "taker_side": "no"
        },
        {
            "trade_id": "bcfb9efc-b469-4ba8-ac79-d4f5ca8511f7",
            "ticker": "HIGHNY-24JUL13-B82.5",
            "count": 37,
            "created_time": "2024-07-13T03:35:07.745364Z",
            "yes_price": 21,
            "no_price": 79,
            "taker_side": "no"
        },
        {
            "trade_id": "ac862124-cb31-4597-9162-d09f1331ce50",
            "ticker": "HIGHNY-24JUL13-B82.5",
            "count": 3,
            "created_time": "2024-07-13T03:35:07.745364Z",
            "yes_price": 21,
            "no_price": 79,
            "taker_side": "no"
        },
        {
            "trade_id": "bc4df1e0-7c62-4418-9631-a001ec6abce9",
            "ticker": "HIGHNY-24JUL13-B82.5",
            "count": 18,
            "created_time": "2024-07-13T03:33:17.02043Z",
            "yes_price": 26,
            "no_price": 74,
            "taker_side": "yes"
        },
        {
            "trade_id": "c571a569-e1f0-47d3-b357-aaf1c2773df9",
            "ticker": "HIGHNY-24JUL13-B82.5",
            "count": 105,
            "created_time": "2024-07-13T03:29:41.577679Z",
            "yes_price": 21,
            "no_price": 79,
            "taker_side": "no"
        },
        {
            "trade_id": "de1fd08f-16c7-47f1-bf13-dd5a741b3290",
            "ticker": "HIGHNY-24JUL13-B82.5",
            "count": 105,
            "created_time": "2024-07-13T03:29:26.417699Z",
            "yes_price": 22,
            "no_price": 78,
            "taker_side": "no"
        },
        {
            "trade_id": "61e4d560-4c9b-477f-a972-65d0dd56939c",
            "ticker": "HIGHNY-24JUL13-B82.5",
            "count": 1,
            "created_time": "2024-07-13T03:29:26.417699Z",
            "yes_price": 24,
            "no_price": 76,
            "taker_side": "no"
        },
        {
            "trade_id": "61a0078a-6787-4f40-85ca-9ec835d47a31",
            "ticker": "HIGHNY-24JUL13-B82.5",
            "count": 85,
            "created_time": "2024-07-13T01:00:33.923047Z",
            "yes_price": 21,
            "no_price": 79,
            "taker_side": "no"
        },
        {
            "trade_id": "0b3557e8-eb4d-4424-9956-8163db6cadc3",
            "ticker": "HIGHNY-24JUL13-B82.5",
            "count": 90,
            "created_time": "2024-07-13T00:56:44.887019Z",
            "yes_price": 21,
            "no_price": 79,
            "taker_side": "no"
        },
        {
            "trade_id": "5dd4c00e-23af-44c3-a02d-69afda0e230a",
            "ticker": "HIGHNY-24JUL13-B82.5",
            "count": 30,
            "created_time": "2024-07-13T00:52:32.532232Z",
            "yes_price": 21,
            "no_price": 79,
            "taker_side": "no"
        },
        {
            "trade_id": "f24d8931-4337-4f35-a856-8a4a49305359",
            "ticker": "HIGHNY-24JUL13-B82.5",
            "count": 95,
            "created_time": "2024-07-12T23:53:04.298686Z",
            "yes_price": 21,
            "no_price": 79,
            "taker_side": "no"
        },
        {
            "trade_id": "f52a4b9b-97ed-46a3-9a6a-851e425698a4",
            "ticker": "HIGHNY-24JUL13-B82.5",
            "count": 75,
            "created_time": "2024-07-12T19:03:44.660711Z",
            "yes_price": 26,
            "no_price": 74,
            "taker_side": "no"
        },
        {
            "trade_id": "04cd92c3-cae5-48b6-b13b-cffb115a767d",
            "ticker": "HIGHNY-24JUL13-B82.5",
            "count": 16,
            "created_time": "2024-07-12T19:03:44.660711Z",
            "yes_price": 24,
            "no_price": 76,
            "taker_side": "no"
        },
        {
            "trade_id": "46d91b5a-f0eb-40ed-9bb8-db5d6f0acd97",
            "ticker": "HIGHNY-24JUL13-B82.5",
            "count": 90,
            "created_time": "2024-07-12T17:23:40.57533Z",
            "yes_price": 25,
            "no_price": 75,
            "taker_side": "yes"
        },
        {
            "trade_id": "ce1658ff-e337-4904-ac79-de9c2b7b24b1",
            "ticker": "HIGHNY-24JUL13-B82.5",
            "count": 105,
            "created_time": "2024-07-12T17:23:22.522012Z",
            "yes_price": 24,
            "no_price": 76,
            "taker_side": "yes"
        },
        {
            "trade_id": "f981e439-b55c-493a-9522-d8b3f6417b24",
            "ticker": "HIGHNY-24JUL13-B82.5",
            "count": 105,
            "created_time": "2024-07-12T17:23:09.996288Z",
            "yes_price": 23,
            "no_price": 77,
            "taker_side": "yes"
        },
        {
            "trade_id": "0cffd8c5-44be-4e76-90f6-5a4dd193d9e3",
            "ticker": "HIGHNY-24JUL13-B82.5",
            "count": 15,
            "created_time": "2024-07-12T17:22:58.1328Z",
            "yes_price": 22,
            "no_price": 78,
            "taker_side": "yes"
        },
        {
            "trade_id": "4c8efbcc-3d90-48bf-8424-8fdd5e2e48b2",
            "ticker": "HIGHNY-24JUL13-B82.5",
            "count": 44,
            "created_time": "2024-07-12T14:36:08.47142Z",
            "yes_price": 15,
            "no_price": 85,
            "taker_side": "no"
        }
    ],
    "HIGHNY-24JUL13-B84.5": [
        {
            "trade_id": "641e2a62-aa3d-4cbc-9c30-9f983b0c897f",
            "ticker": "HIGHNY-24JUL13-B84.5",
            "count": 142,
            "created_time": "2024-07-13T21:42:15.170933Z",
            "yes_price": 1,
            "no_price": 99,
            "taker_side": "yes"
        },
        {
            "trade_id": "dab6c98d-fe17-4285-a037-4b976249b4f7",
            "ticker": "HIGHNY-24JUL13-B84.5",
            "count": 2,
            "created_time": "2024-07-13T21:22:55.544219Z",
            "yes_price": 1,
            "no_price": 99,
            "taker_side": "yes"
        },
        {
            "trade_id": "5f0c6b46-918e-4068-bda4-76ea1a28e4af",
            "ticker": "HIGHNY-24JUL13-B84.5",
            "count": 43,
            "created_time": "2024-07-13T20:44:39.574508Z",
            "yes_price": 1,
            "no_price": 99,
            "taker_side": "yes"
        },
        {
            "trade_id": "a913c89c-3fc0-426a-a242-f9ee000d4565",
            "ticker": "HIGHNY-24JUL13-B84.5",
            "count": 25,
            "created_time": "2024-07-13T19:54:10.816555Z",
            "yes_price": 1,
            "no_price": 99,
            "taker_side": "no"
        },
        {
            "trade_id": "e1d11292-5c57-4f34-8f95-e1aa9f7258b6",
            "ticker": "HIGHNY-24JUL13-B84.5",
            "count": 12,
            "created_time": "2024-07-13T19:53:46.794434Z",
            "yes_price": 30,
            "no_price": 70,
            "taker_side": "yes"
        },
        {
            "trade_id": "40e8848a-66df-46a0-b87c-293e9713dcd2",
            "ticker": "HIGHNY-24JUL13-B84.5",
            "count": 29,
            "created_time": "2024-07-13T19:53:46.794434Z",
            "yes_price": 60,
            "no_price": 40,
            "taker_side": "yes"
        },
        {
            "trade_id": "45d275e3-7798-4154-8d19-958e1e9fb500",
            "ticker": "HIGHNY-24JUL13-B84.5",
            "count": 90,
            "created_time": "2024-07-13T19:52:07.882098Z",
            "yes_price": 25,
            "no_price": 75,
            "taker_side": "no"
        },
        {
            "trade_id": "a120741d-e590-483b-b9f2-95528989f48d",
            "ticker": "HIGHNY-24JUL13-B84.5",
            "count": 60,
            "created_time": "2024-07-13T19:46:50.242745Z",
            "yes_price": 25,
            "no_price": 75,
            "taker_side": "no"
        },
        {
            "trade_id": "f46b5c35-ba57-44f5-8f95-ba0a068ef5bd",
            "ticker": "HIGHNY-24JUL13-B84.5",
            "count": 43,
            "created_time": "2024-07-13T19:33:55.291226Z",
            "yes_price": 50,
            "no_price": 50,
            "taker_side": "yes"
        },
        {
            "trade_id": "87e628c1-b420-407c-bc15-2df4e05f406b",
            "ticker": "HIGHNY-24JUL13-B84.5",
            "count": 60,
            "created_time": "2024-07-13T19:22:27.093477Z",
            "yes_price": 26,
            "no_price": 74,
            "taker_side": "no"
        },
        {
            "trade_id": "b9f7af4f-14c5-40a3-a5aa-c69e4762a74b",
            "ticker": "HIGHNY-24JUL13-B84.5",
            "count": 1,
            "created_time": "2024-07-13T18:02:49.593298Z",
            "yes_price": 98,
            "no_price": 2,
            "taker_side": "yes"
        },
        {
            "trade_id": "e8ca3eb5-ab81-428e-b629-c32d4626ea98",
            "ticker": "HIGHNY-24JUL13-B84.5",
            "count": 43,
            "created_time": "2024-07-13T17:55:36.841849Z",
            "yes_price": 64,
            "no_price": 36,
            "taker_side": "yes"
        },
        {
            "trade_id": "162348f3-888a-4743-b697-f19cfd63240f",
            "ticker": "HIGHNY-24JUL13-B84.5",
            "count": 21,
            "created_time": "2024-07-13T17:55:36.841849Z",
            "yes_price": 99,
            "no_price": 1,
            "taker_side": "yes"
        },
        {
            "trade_id": "87b3816b-64b5-4f76-9a05-3aef25bb09d2",
            "ticker": "HIGHNY-24JUL13-B84.5",
            "count": 13,
            "created_time": "2024-07-13T17:52:28.367988Z",
            "yes_price": 64,
            "no_price": 36,
            "taker_side": "yes"
        },
        {
            "trade_id": "045c9aa3-0c8f-4484-a30a-7d3372a2138f",
            "ticker": "HIGHNY-24JUL13-B84.5",
            "count": 1,
            "created_time": "2024-07-13T17:47:42.4522Z",
            "yes_price": 64,
            "no_price": 36,
            "taker_side": "yes"
        },
        {
            "trade_id": "30e8d4bc-3e32-484b-8225-c1fc35c21959",
            "ticker": "HIGHNY-24JUL13-B84.5",
            "count": 85,
            "created_time": "2024-07-13T17:21:09.030182Z",
            "yes_price": 57,
            "no_price": 43,
            "taker_side": "yes"
        },
        {
            "trade_id": "8334359f-6e63-4083-b340-624d9d973c4f",
            "ticker": "HIGHNY-24JUL13-B84.5",
            "count": 23,
            "created_time": "2024-07-13T16:38:06.508211Z",
            "yes_price": 89,
            "no_price": 11,
            "taker_side": "yes"
        },
        {
            "trade_id": "5074bb77-e49e-429a-804a-9051dc6d38c7",
            "ticker": "HIGHNY-24JUL13-B84.5",
            "count": 99,
            "created_time": "2024-07-13T16:28:08.558018Z",
            "yes_price": 99,
            "no_price": 1,
            "taker_side": "yes"
        },
        {
            "trade_id": "8111df3e-cdba-4129-9b90-4ec24a2f3067",
            "ticker": "HIGHNY-24JUL13-B84.5",
            "count": 1,
            "created_time": "2024-07-13T15:40:52.125907Z",
            "yes_price": 47,
            "no_price": 53,
            "taker_side": "no"
        },
        {
            "trade_id": "7100b56a-2485-420f-9a76-80c9acbfdd1f",
            "ticker": "HIGHNY-24JUL13-B84.5",
            "count": 69,
            "created_time": "2024-07-13T15:26:29.990723Z",
            "yes_price": 56,
            "no_price": 44,
            "taker_side": "yes"
        },
        {
            "trade_id": "4033c64a-94c0-4368-9865-5e642c973f96",
            "ticker": "HIGHNY-24JUL13-B84.5",
            "count": 36,
            "created_time": "2024-07-13T15:26:29.990723Z",
            "yes_price": 54,
            "no_price": 46,
            "taker_side": "yes"
        },
        {
            "trade_id": "8a1e1239-99a3-472d-b108-2e6462b73833",
            "ticker": "HIGHNY-24JUL13-B84.5",
            "count": 9,
            "created_time": "2024-07-13T15:24:26.469117Z",
            "yes_price": 54,
            "no_price": 46,
            "taker_side": "yes"
        },
        {
            "trade_id": "f9f3a066-5014-466f-b5a8-79342b653fef",
            "ticker": "HIGHNY-24JUL13-B84.5",
            "count": 8,
            "created_time": "2024-07-13T14:58:52.496757Z",
            "yes_price": 54,
            "no_price": 46,
            "taker_side": "yes"
        },
        {
            "trade_id": "21a3560f-11a8-4b8b-98c5-72e434aa3793",
            "ticker": "HIGHNY-24JUL13-B84.5",
            "count": 14,
            "created_time": "2024-07-13T14:54:03.565667Z",
            "yes_price": 56,
            "no_price": 44,
            "taker_side": "yes"
        },
        {
            "trade_id": "b68e7244-450b-452b-a343-ac0c5a32899c",
            "ticker": "HIGHNY-24JUL13-B84.5",
            "count": 150,
            "created_time": "2024-07-13T14:53:19.97511Z",
            "yes_price": 53,
            "no_price": 47,
            "taker_side": "yes"
        },
        {
            "trade_id": "ae2b663a-ccb8-4c68-a90f-0aa0fc99ddf5",
            "ticker": "HIGHNY-24JUL13-B84.5",
            "count": 150,
            "created_time": "2024-07-13T14:53:19.97511Z",
            "yes_price": 56,
            "no_price": 44,
            "taker_side": "yes"
        },
        {
            "trade_id": "5d5173c0-04a9-4d46-859e-9f32e9517c3c",
            "ticker": "HIGHNY-24JUL13-B84.5",
            "count": 30,
            "created_time": "2024-07-13T14:53:19.97511Z",
            "yes_price": 51,
            "no_price": 49,
            "taker_side": "yes"
        },
        {
            "trade_id": "704ebefc-38c5-4a8c-bb68-eecd0c846c18",
            "ticker": "HIGHNY-24JUL13-B84.5",
            "count": 18,
            "created_time": "2024-07-13T14:50:07.983339Z",
            "yes_price": 51,
            "no_price": 49,
            "taker_side": "yes"
        },
        {
            "trade_id": "ca50c63e-22d6-47c8-8cfe-fb6c5bd023aa",
            "ticker": "HIGHNY-24JUL13-B84.5",
            "count": 29,
            "created_time": "2024-07-13T14:48:54.343033Z",
            "yes_price": 43,
            "no_price": 57,
            "taker_side": "no"
        },
        {
            "trade_id": "30a72a00-f130-43e5-b479-72cd198a2df6",
            "ticker": "HIGHNY-24JUL13-B84.5",
            "count": 18,
            "created_time": "2024-07-13T14:47:59.935769Z",
            "yes_price": 42,
            "no_price": 58,
            "taker_side": "no"
        },
        {
            "trade_id": "284ce576-dfa1-4369-93e6-d0c3004c8f10",
            "ticker": "HIGHNY-24JUL13-B84.5",
            "count": 15,
            "created_time": "2024-07-13T14:47:59.935769Z",
            "yes_price": 44,
            "no_price": 56,
            "taker_side": "no"
        },
        {
            "trade_id": "7ff7f892-d8a3-4131-b707-9164df48d5a4",
            "ticker": "HIGHNY-24JUL13-B84.5",
            "count": 10,
            "created_time": "2024-07-13T14:35:06.46701Z",
            "yes_price": 48,
            "no_price": 52,
            "taker_side": "yes"
        },
        {
            "trade_id": "c23a291f-0b11-406c-9ce7-905b992f8f42",
            "ticker": "HIGHNY-24JUL13-B84.5",
            "count": 40,
            "created_time": "2024-07-13T14:34:45.389117Z",
            "yes_price": 48,
            "no_price": 52,
            "taker_side": "yes"
        },
        {
            "trade_id": "cfdc4be9-c0d2-4430-a24e-b7b885673371",
            "ticker": "HIGHNY-24JUL13-B84.5",
            "count": 25,
            "created_time": "2024-07-13T14:29:35.84754Z",
            "yes_price": 99,
            "no_price": 1,
            "taker_side": "yes"
        },
        {
            "trade_id": "4dd0eb36-008b-47a1-9dc5-7aa34f5b92cc",
            "ticker": "HIGHNY-24JUL13-B84.5",
            "count": 150,
            "created_time": "2024-07-13T14:29:35.84754Z",
            "yes_price": 48,
            "no_price": 52,
            "taker_side": "yes"
        },
        {
            "trade_id": "42d50340-d469-4d9b-9ebb-adf7a1ea1e8c",
            "ticker": "HIGHNY-24JUL13-B84.5",
            "count": 75,
            "created_time": "2024-07-13T14:29:35.84754Z",
            "yes_price": 45,
            "no_price": 55,
            "taker_side": "yes"
        },
        {
            "trade_id": "00fb4895-2ff9-4f7a-a06c-05c46079b483",
            "ticker": "HIGHNY-24JUL13-B84.5",
            "count": 150,
            "created_time": "2024-07-13T14:29:35.84754Z",
            "yes_price": 50,
            "no_price": 50,
            "taker_side": "yes"
        },
        {
            "trade_id": "0b27e499-b713-4fc5-b145-856a24526b21",
            "ticker": "HIGHNY-24JUL13-B84.5",
            "count": 30,
            "created_time": "2024-07-13T14:13:46.159063Z",
            "yes_price": 44,
            "no_price": 56,
            "taker_side": "yes"
        },
        {
            "trade_id": "3f7b7278-2d9f-4abf-9314-6649d644de37",
            "ticker": "HIGHNY-24JUL13-B84.5",
            "count": 1,
            "created_time": "2024-07-13T14:01:43.414661Z",
            "yes_price": 44,
            "no_price": 56,
            "taker_side": "yes"
        },
        {
            "trade_id": "c262c12a-a12a-4db0-ab85-5f472c233be6",
            "ticker": "HIGHNY-24JUL13-B84.5",
            "count": 20,
            "created_time": "2024-07-13T13:48:00.144381Z",
            "yes_price": 44,
            "no_price": 56,
            "taker_side": "yes"
        },
        {
            "trade_id": "6f4d2d89-a986-4ed9-a37e-2e3e6e3b0f2f",
            "ticker": "HIGHNY-24JUL13-B84.5",
            "count": 50,
            "created_time": "2024-07-13T13:39:49.093568Z",
            "yes_price": 44,
            "no_price": 56,
            "taker_side": "yes"
        },
        {
            "trade_id": "01801567-18a0-48ae-ac23-5e26d74b9d92",
            "ticker": "HIGHNY-24JUL13-B84.5",
            "count": 42,
            "created_time": "2024-07-13T13:35:38.728259Z",
            "yes_price": 45,
            "no_price": 55,
            "taker_side": "yes"
        },
        {
            "trade_id": "841e7825-60be-4396-ad09-a609c9517fdf",
            "ticker": "HIGHNY-24JUL13-B84.5",
            "count": 11,
            "created_time": "2024-07-13T13:30:10.149332Z",
            "yes_price": 45,
            "no_price": 55,
            "taker_side": "yes"
        },
        {
            "trade_id": "347ebc6f-4d16-41e1-be42-d95f690820fa",
            "ticker": "HIGHNY-24JUL13-B84.5",
            "count": 10,
            "created_time": "2024-07-13T13:21:43.377996Z",
            "yes_price": 44,
            "no_price": 56,
            "taker_side": "yes"
        },
        {
            "trade_id": "a0680303-73be-47e7-89d5-cd54e83af5b2",
            "ticker": "HIGHNY-24JUL13-B84.5",
            "count": 8,
            "created_time": "2024-07-13T13:14:14.48024Z",
            "yes_price": 44,
            "no_price": 56,
            "taker_side": "yes"
        },
        {
            "trade_id": "70ed2109-9a0c-402b-89e9-c03200f99730",
            "ticker": "HIGHNY-24JUL13-B84.5",
            "count": 23,
            "created_time": "2024-07-13T13:12:49.885712Z",
            "yes_price": 37,
            "no_price": 63,
            "taker_side": "no"
        },
        {
            "trade_id": "4b23d845-84f3-44e3-9dd1-c06916fb026e",
            "ticker": "HIGHNY-24JUL13-B84.5",
            "count": 43,
            "created_time": "2024-07-13T12:23:34.983975Z",
            "yes_price": 38,
            "no_price": 62,
            "taker_side": "no"
        },
        {
            "trade_id": "0e7a60bd-b193-42e8-a60d-ad4583e1c467",
            "ticker": "HIGHNY-24JUL13-B84.5",
            "count": 10,
            "created_time": "2024-07-13T12:16:02.729751Z",
            "yes_price": 45,
            "no_price": 55,
            "taker_side": "yes"
        },
        {
            "trade_id": "d61f7791-e30f-47f3-b1d2-1ce5e03e9341",
            "ticker": "HIGHNY-24JUL13-B84.5",
            "count": 75,
            "created_time": "2024-07-13T03:36:39.736196Z",
            "yes_price": 37,
            "no_price": 63,
            "taker_side": "yes"
        },
        {
            "trade_id": "c4912272-7715-4f7e-9893-0ca23e89a80a",
            "ticker": "HIGHNY-24JUL13-B84.5",
            "count": 12,
            "created_time": "2024-07-13T03:33:26.502669Z",
            "yes_price": 38,
            "no_price": 62,
            "taker_side": "yes"
        },
        {
            "trade_id": "3f2c7f8d-8eb9-4c85-a709-8928142b6adf",
            "ticker": "HIGHNY-24JUL13-B84.5",
            "count": 26,
            "created_time": "2024-07-13T00:46:36.352577Z",
            "yes_price": 36,
            "no_price": 64,
            "taker_side": "yes"
        },
        {
            "trade_id": "05275307-1ffd-41ca-b033-cba33c9c781e",
            "ticker": "HIGHNY-24JUL13-B84.5",
            "count": 26,
            "created_time": "2024-07-13T00:44:37.721081Z",
            "yes_price": 36,
            "no_price": 64,
            "taker_side": "yes"
        },
        {
            "trade_id": "99103adc-612a-4993-b505-259d477da8f4",
            "ticker": "HIGHNY-24JUL13-B84.5",
            "count": 12,
            "created_time": "2024-07-12T23:56:32.936255Z",
            "yes_price": 31,
            "no_price": 69,
            "taker_side": "yes"
        },
        {
            "trade_id": "7e39de4d-cf99-418f-96c7-0d13dcde6703",
            "ticker": "HIGHNY-24JUL13-B84.5",
            "count": 45,
            "created_time": "2024-07-12T23:53:04.357034Z",
            "yes_price": 31,
            "no_price": 69,
            "taker_side": "no"
        },
        {
            "trade_id": "2b37a29d-3fc7-44ce-8a65-17afa0b2cc12",
            "ticker": "HIGHNY-24JUL13-B84.5",
            "count": 30,
            "created_time": "2024-07-12T21:14:58.402304Z",
            "yes_price": 35,
            "no_price": 65,
            "taker_side": "yes"
        },
        {
            "trade_id": "a51dbe58-a5c5-4acc-bc4f-b2acaea94d85",
            "ticker": "HIGHNY-24JUL13-B84.5",
            "count": 90,
            "created_time": "2024-07-12T21:09:53.465097Z",
            "yes_price": 34,
            "no_price": 66,
            "taker_side": "yes"
        },
        {
            "trade_id": "38b3184a-9f53-42f4-b86c-0bc743db12a1",
            "ticker": "HIGHNY-24JUL13-B84.5",
            "count": 150,
            "created_time": "2024-07-12T21:09:53.465097Z",
            "yes_price": 36,
            "no_price": 64,
            "taker_side": "yes"
        },
        {
            "trade_id": "e41e1a22-5911-4eec-93b5-805d5c1fb4ad",
            "ticker": "HIGHNY-24JUL13-B84.5",
            "count": 22,
            "created_time": "2024-07-12T19:36:00.030064Z",
            "yes_price": 32,
            "no_price": 68,
            "taker_side": "yes"
        },
        {
            "trade_id": "2f795557-5a6d-4167-87cd-5e98fdae98ef",
            "ticker": "HIGHNY-24JUL13-B84.5",
            "count": 7,
            "created_time": "2024-07-12T19:36:00.030064Z",
            "yes_price": 32,
            "no_price": 68,
            "taker_side": "yes"
        },
        {
            "trade_id": "0cb97579-e508-4ee8-b859-e6b0c3c3202a",
            "ticker": "HIGHNY-24JUL13-B84.5",
            "count": 1,
            "created_time": "2024-07-12T18:35:20.471176Z",
            "yes_price": 27,
            "no_price": 73,
            "taker_side": "no"
        },
        {
            "trade_id": "c8a17c68-3d45-49bf-b870-ab12fa00551e",
            "ticker": "HIGHNY-24JUL13-B84.5",
            "count": 8,
            "created_time": "2024-07-12T18:05:31.419194Z",
            "yes_price": 32,
            "no_price": 68,
            "taker_side": "yes"
        },
        {
            "trade_id": "3f3096d5-8748-4afd-a2b8-73630a4c6edc",
            "ticker": "HIGHNY-24JUL13-B84.5",
            "count": 14,
            "created_time": "2024-07-12T16:18:42.820771Z",
            "yes_price": 32,
            "no_price": 68,
            "taker_side": "yes"
        }
    ],
    "HIGHNY-24JUL13-B86.5": [
        {
            "trade_id": "8d20dbfe-0d1d-4f2d-89be-2f2fc5bb3c68",
            "ticker": "HIGHNY-24JUL13-B86.5",
            "count": 83,
            "created_time": "2024-07-13T23:59:13.777537Z",
            "yes_price": 98,
            "no_price": 2,
            "taker_side": "no"
        },
        {
            "trade_id": "8fef3ce8-71db-4b72-b973-fd60b9c8b667",
            "ticker": "HIGHNY-24JUL13-B86.5",
            "count": 193,
            "created_time": "2024-07-13T23:54:20.148464Z",
            "yes_price": 99,
            "no_price": 1,
            "taker_side": "yes"
        },
        {
            "trade_id": "e292deea-67d4-465c-a8fa-887a260cfcef",
            "ticker": "HIGHNY-24JUL13-B86.5",
            "count": 193,
            "created_time": "2024-07-13T23:01:49.413701Z",
            "yes_price": 97,
            "no_price": 3,
            "taker_side": "no"
        },
        {
            "trade_id": "b8055a98-c36b-425d-bf87-3c3ec3829cb5",
            "ticker": "HIGHNY-24JUL13-B86.5",
            "count": 20,
            "created_time": "2024-07-13T23:00:53.064967Z",
            "yes_price": 99,
            "no_price": 1,
            "taker_side": "no"
        },
        {
            "trade_id": "fbbd0862-f85d-468f-a8fb-f34eb18cab05",
            "ticker": "HIGHNY-24JUL13-B86.5",
            "count": 37,
            "created_time": "2024-07-13T21:40:25.977287Z",
            "yes_price": 99,
            "no_price": 1,
            "taker_side": "yes"
        },
        {
            "trade_id": "e93327ee-8555-4edc-9df3-cda5e41bca8a",
            "ticker": "HIGHNY-24JUL13-B86.5",
            "count": 300,
            "created_time": "2024-07-13T21:40:25.977287Z",
            "yes_price": 99,
            "no_price": 1,
            "taker_side": "yes"
        },
        {
            "trade_id": "9353ce06-439f-40fd-bbfb-bdf679d14e8b",
            "ticker": "HIGHNY-24JUL13-B86.5",
            "count": 25,
            "created_time": "2024-07-13T21:40:25.977287Z",
            "yes_price": 99,
            "no_price": 1,
            "taker_side": "yes"
        },
        {
            "trade_id": "72a85edf-59d6-4feb-b2fb-19fa304063ad",
            "ticker": "HIGHNY-24JUL13-B86.5",
            "count": 22,
            "created_time": "2024-07-13T21:40:25.977287Z",
            "yes_price": 99,
            "no_price": 1,
            "taker_side": "yes"
        },
        {
            "trade_id": "2d56fc14-c938-44fb-a6b4-1a8844dd000a",
            "ticker": "HIGHNY-24JUL13-B86.5",
            "count": 37,
            "created_time": "2024-07-13T21:22:11.021477Z",
            "yes_price": 80,
            "no_price": 20,
            "taker_side": "no"
        },
        {
            "trade_id": "e3bdfdcc-95e8-4f6e-b4a8-f8c7ec4ba7a3",
            "ticker": "HIGHNY-24JUL13-B86.5",
            "count": 36,
            "created_time": "2024-07-13T21:05:22.959558Z",
            "yes_price": 88,
            "no_price": 12,
            "taker_side": "yes"
        },
        {
            "trade_id": "2a7fae21-d0d6-4735-a815-5b9d72494336",
            "ticker": "HIGHNY-24JUL13-B86.5",
            "count": 5,
            "created_time": "2024-07-13T20:34:37.832836Z",
            "yes_price": 88,
            "no_price": 12,
            "taker_side": "yes"
        },
        {
            "trade_id": "2ecf7cde-3cf3-4e31-b5f8-4081b071baea",
            "ticker": "HIGHNY-24JUL13-B86.5",
            "count": 1,
            "created_time": "2024-07-13T20:23:13.602513Z",
            "yes_price": 88,
            "no_price": 12,
            "taker_side": "yes"
        },
        {
            "trade_id": "03ea5164-c2e8-4e37-ba77-a3e328d35bc7",
            "ticker": "HIGHNY-24JUL13-B86.5",
            "count": 10,
            "created_time": "2024-07-13T19:57:36.019344Z",
            "yes_price": 44,
            "no_price": 56,
            "taker_side": "no"
        },
        {
            "trade_id": "84936ad3-5372-4426-90bb-a3555c8e977d",
            "ticker": "HIGHNY-24JUL13-B86.5",
            "count": 20,
            "created_time": "2024-07-13T19:34:12.830092Z",
            "yes_price": 45,
            "no_price": 55,
            "taker_side": "no"
        },
        {
            "trade_id": "49ec9520-0d6c-4c44-a29c-842129648e6a",
            "ticker": "HIGHNY-24JUL13-B86.5",
            "count": 44,
            "created_time": "2024-07-13T19:32:00.674651Z",
            "yes_price": 45,
            "no_price": 55,
            "taker_side": "yes"
        },
        {
            "trade_id": "263272e1-f190-485f-bc04-d9242dac18b2",
            "ticker": "HIGHNY-24JUL13-B86.5",
            "count": 14,
            "created_time": "2024-07-13T19:21:53.5741Z",
            "yes_price": 40,
            "no_price": 60,
            "taker_side": "yes"
        },
        {
            "trade_id": "8ebe96ef-a150-4796-885a-8d4dcae7082b",
            "ticker": "HIGHNY-24JUL13-B86.5",
            "count": 2,
            "created_time": "2024-07-13T19:21:25.6108Z",
            "yes_price": 40,
            "no_price": 60,
            "taker_side": "yes"
        },
        {
            "trade_id": "a6397162-9740-42de-8c46-1e11003323a9",
            "ticker": "HIGHNY-24JUL13-B86.5",
            "count": 1,
            "created_time": "2024-07-13T18:02:49.659376Z",
            "yes_price": 8,
            "no_price": 92,
            "taker_side": "no"
        },
        {
            "trade_id": "e5a7667e-dc51-4877-9ec4-1d2614ca1072",
            "ticker": "HIGHNY-24JUL13-B86.5",
            "count": 18,
            "created_time": "2024-07-13T16:54:34.477067Z",
            "yes_price": 12,
            "no_price": 88,
            "taker_side": "no"
        },
        {
            "trade_id": "de8c150d-99b8-4989-8407-b8686e6d7465",
            "ticker": "HIGHNY-24JUL13-B86.5",
            "count": 107,
            "created_time": "2024-07-13T16:54:34.477067Z",
            "yes_price": 11,
            "no_price": 89,
            "taker_side": "no"
        },
        {
            "trade_id": "a2d33c4c-fcde-42d5-ab99-ef5d19b88c8f",
            "ticker": "HIGHNY-24JUL13-B86.5",
            "count": 100,
            "created_time": "2024-07-13T16:54:34.477067Z",
            "yes_price": 12,
            "no_price": 88,
            "taker_side": "no"
        },
        {
            "trade_id": "19355674-06d2-4987-be06-c0417c20dad5",
            "ticker": "HIGHNY-24JUL13-B86.5",
            "count": 9,
            "created_time": "2024-07-13T16:49:55.15469Z",
            "yes_price": 12,
            "no_price": 88,
            "taker_side": "no"
        },
        {
            "trade_id": "8bdb6315-8aad-4dbc-816a-11678cdfc522",
            "ticker": "HIGHNY-24JUL13-B86.5",
            "count": 22,
            "created_time": "2024-07-13T16:38:06.566162Z",
            "yes_price": 12,
            "no_price": 88,
            "taker_side": "no"
        },
        {
            "trade_id": "1feac0bc-dd94-4f16-836b-f851065c56f5",
            "ticker": "HIGHNY-24JUL13-B86.5",
            "count": 1,
            "created_time": "2024-07-13T16:38:06.566162Z",
            "yes_price": 12,
            "no_price": 88,
            "taker_side": "no"
        },
        {
            "trade_id": "3a43dd82-8079-412d-b997-8b9502d965a2",
            "ticker": "HIGHNY-24JUL13-B86.5",
            "count": 99,
            "created_time": "2024-07-13T16:28:08.626524Z",
            "yes_price": 12,
            "no_price": 88,
            "taker_side": "no"
        },
        {
            "trade_id": "80f4a9c9-380f-4f2b-8f34-0c004cb48eb0",
            "ticker": "HIGHNY-24JUL13-B86.5",
            "count": 50,
            "created_time": "2024-07-13T16:17:20.162252Z",
            "yes_price": 12,
            "no_price": 88,
            "taker_side": "no"
        },
        {
            "trade_id": "ce90f483-c5c0-4663-ab47-ba2c9e461765",
            "ticker": "HIGHNY-24JUL13-B86.5",
            "count": 1,
            "created_time": "2024-07-13T15:40:52.136492Z",
            "yes_price": 21,
            "no_price": 79,
            "taker_side": "no"
        },
        {
            "trade_id": "03aff0b2-3ef8-4b74-a1e8-52d66e30238b",
            "ticker": "HIGHNY-24JUL13-B86.5",
            "count": 229,
            "created_time": "2024-07-13T14:54:50.083882Z",
            "yes_price": 21,
            "no_price": 79,
            "taker_side": "no"
        },
        {
            "trade_id": "50ef42cf-672a-48cc-b37a-d3a9805eb2f2",
            "ticker": "HIGHNY-24JUL13-B86.5",
            "count": 30,
            "created_time": "2024-07-13T14:14:17.049168Z",
            "yes_price": 21,
            "no_price": 79,
            "taker_side": "yes"
        },
        {
            "trade_id": "feb1185e-d2e9-4b3e-8e81-79b070b398b5",
            "ticker": "HIGHNY-24JUL13-B86.5",
            "count": 100,
            "created_time": "2024-07-13T13:55:21.218867Z",
            "yes_price": 15,
            "no_price": 85,
            "taker_side": "no"
        },
        {
            "trade_id": "8656434f-fd0c-4dfb-8824-3d8ebd9a03ca",
            "ticker": "HIGHNY-24JUL13-B86.5",
            "count": 124,
            "created_time": "2024-07-13T13:37:48.194359Z",
            "yes_price": 22,
            "no_price": 78,
            "taker_side": "yes"
        },
        {
            "trade_id": "3b5c1a2c-611b-4683-a8e1-ba28ea441462",
            "ticker": "HIGHNY-24JUL13-B86.5",
            "count": 105,
            "created_time": "2024-07-13T13:37:48.194359Z",
            "yes_price": 21,
            "no_price": 79,
            "taker_side": "yes"
        },
        {
            "trade_id": "b4b94afe-8986-430e-bae8-774f0b139306",
            "ticker": "HIGHNY-24JUL13-B86.5",
            "count": 45,
            "created_time": "2024-07-13T13:35:11.089122Z",
            "yes_price": 20,
            "no_price": 80,
            "taker_side": "yes"
        },
        {
            "trade_id": "763e6ed8-29f8-45b9-9c90-c19c24547086",
            "ticker": "HIGHNY-24JUL13-B86.5",
            "count": 38,
            "created_time": "2024-07-13T13:35:11.089122Z",
            "yes_price": 21,
            "no_price": 79,
            "taker_side": "yes"
        },
        {
            "trade_id": "9ebfe617-6f68-4bce-9b06-11ad71da4318",
            "ticker": "HIGHNY-24JUL13-B86.5",
            "count": 123,
            "created_time": "2024-07-13T12:55:43.300269Z",
            "yes_price": 23,
            "no_price": 77,
            "taker_side": "yes"
        },
        {
            "trade_id": "75c283e2-163f-4bf4-a3e5-10b892521ec5",
            "ticker": "HIGHNY-24JUL13-B86.5",
            "count": 90,
            "created_time": "2024-07-13T12:55:43.300269Z",
            "yes_price": 21,
            "no_price": 79,
            "taker_side": "yes"
        },
        {
            "trade_id": "3f116e56-aacc-419c-9efe-c1ad906953d3",
            "ticker": "HIGHNY-24JUL13-B86.5",
            "count": 11,
            "created_time": "2024-07-13T12:40:32.158546Z",
            "yes_price": 11,
            "no_price": 89,
            "taker_side": "no"
        },
        {
            "trade_id": "7ae3614a-05d6-4831-8285-13e4c94ccf38",
            "ticker": "HIGHNY-24JUL13-B86.5",
            "count": 75,
            "created_time": "2024-07-13T03:36:21.62925Z",
            "yes_price": 29,
            "no_price": 71,
            "taker_side": "yes"
        },
        {
            "trade_id": "e55eb046-faeb-4971-b147-24623e87e294",
            "ticker": "HIGHNY-24JUL13-B86.5",
            "count": 15,
            "created_time": "2024-07-13T03:33:46.098009Z",
            "yes_price": 28,
            "no_price": 72,
            "taker_side": "yes"
        },
        {
            "trade_id": "16faca0a-e237-4b3f-8e9b-cc16f3ba9bcf",
            "ticker": "HIGHNY-24JUL13-B86.5",
            "count": 1,
            "created_time": "2024-07-13T03:33:46.098009Z",
            "yes_price": 30,
            "no_price": 70,
            "taker_side": "yes"
        },
        {
            "trade_id": "e850fa57-3c65-40b2-b51b-455c08872cb6",
            "ticker": "HIGHNY-24JUL13-B86.5",
            "count": 60,
            "created_time": "2024-07-13T03:32:37.218657Z",
            "yes_price": 28,
            "no_price": 72,
            "taker_side": "yes"
        },
        {
            "trade_id": "724dcf49-e8ff-449b-a7da-44d08a01f730",
            "ticker": "HIGHNY-24JUL13-B86.5",
            "count": 15,
            "created_time": "2024-07-13T03:32:22.710769Z",
            "yes_price": 30,
            "no_price": 70,
            "taker_side": "yes"
        },
        {
            "trade_id": "6eb73d1f-1ac1-45cc-b89a-79161c7eed4f",
            "ticker": "HIGHNY-24JUL13-B86.5",
            "count": 150,
            "created_time": "2024-07-13T03:32:06.869193Z",
            "yes_price": 30,
            "no_price": 70,
            "taker_side": "yes"
        },
        {
            "trade_id": "41fe5b63-824b-4ccf-b9bf-6c01cba30d9a",
            "ticker": "HIGHNY-24JUL13-B86.5",
            "count": 60,
            "created_time": "2024-07-13T03:32:06.869193Z",
            "yes_price": 28,
            "no_price": 72,
            "taker_side": "yes"
        },
        {
            "trade_id": "dd6b6a54-023f-4cc8-8c7c-9cc8ddeadb37",
            "ticker": "HIGHNY-24JUL13-B86.5",
            "count": 90,
            "created_time": "2024-07-13T03:21:06.403142Z",
            "yes_price": 29,
            "no_price": 71,
            "taker_side": "yes"
        },
        {
            "trade_id": "4e8486fa-3149-4b20-b5a5-5f80f37ed0ec",
            "ticker": "HIGHNY-24JUL13-B86.5",
            "count": 30,
            "created_time": "2024-07-13T03:21:06.403142Z",
            "yes_price": 25,
            "no_price": 75,
            "taker_side": "yes"
        },
        {
            "trade_id": "229f17d1-eeea-45b5-b46e-be69ad3c8376",
            "ticker": "HIGHNY-24JUL13-B86.5",
            "count": 150,
            "created_time": "2024-07-13T03:21:06.403142Z",
            "yes_price": 27,
            "no_price": 73,
            "taker_side": "yes"
        },
        {
            "trade_id": "14571a34-70c0-4820-9716-a32be5e72f3a",
            "ticker": "HIGHNY-24JUL13-B86.5",
            "count": 30,
            "created_time": "2024-07-12T21:14:51.268716Z",
            "yes_price": 21,
            "no_price": 79,
            "taker_side": "no"
        },
        {
            "trade_id": "f1aa24a0-9fcf-4463-9275-c346f75feee9",
            "ticker": "HIGHNY-24JUL13-B86.5",
            "count": 150,
            "created_time": "2024-07-12T21:09:32.000924Z",
            "yes_price": 21,
            "no_price": 79,
            "taker_side": "no"
        },
        {
            "trade_id": "c7e8e9c1-26dd-4ce9-af4f-604f6ffb4d27",
            "ticker": "HIGHNY-24JUL13-B86.5",
            "count": 90,
            "created_time": "2024-07-12T21:09:32.000924Z",
            "yes_price": 23,
            "no_price": 77,
            "taker_side": "no"
        },
        {
            "trade_id": "77d7e6ae-2b01-4d9d-9579-1377da54a558",
            "ticker": "HIGHNY-24JUL13-B86.5",
            "count": 75,
            "created_time": "2024-07-12T18:49:29.478783Z",
            "yes_price": 23,
            "no_price": 77,
            "taker_side": "yes"
        },
        {
            "trade_id": "e05c4ea6-66d4-432d-ac43-708f7be0b277",
            "ticker": "HIGHNY-24JUL13-B86.5",
            "count": 15,
            "created_time": "2024-07-12T18:49:09.628385Z",
            "yes_price": 22,
            "no_price": 78,
            "taker_side": "yes"
        },
        {
            "trade_id": "fc8d0af7-8821-4866-898d-76a0d7b27850",
            "ticker": "HIGHNY-24JUL13-B86.5",
            "count": 50,
            "created_time": "2024-07-12T16:13:10.851178Z",
            "yes_price": 26,
            "no_price": 74,
            "taker_side": "yes"
        },
        {
            "trade_id": "16f2cf3d-6928-4884-81d9-9e2451236b63",
            "ticker": "HIGHNY-24JUL13-B86.5",
            "count": 15,
            "created_time": "2024-07-12T16:03:10.446858Z",
            "yes_price": 25,
            "no_price": 75,
            "taker_side": "yes"
        },
        {
            "trade_id": "b7920238-244f-4a81-9aea-b3e20d2a02df",
            "ticker": "HIGHNY-24JUL13-B86.5",
            "count": 30,
            "created_time": "2024-07-12T15:53:09.882117Z",
            "yes_price": 25,
            "no_price": 75,
            "taker_side": "yes"
        },
        {
            "trade_id": "d85706fe-1e56-4539-8196-1116e50ad2df",
            "ticker": "HIGHNY-24JUL13-B86.5",
            "count": 50,
            "created_time": "2024-07-12T15:43:10.683749Z",
            "yes_price": 25,
            "no_price": 75,
            "taker_side": "yes"
        },
        {
            "trade_id": "1a3db380-1a1d-4c9e-8a78-446a6dd540f3",
            "ticker": "HIGHNY-24JUL13-B86.5",
            "count": 30,
            "created_time": "2024-07-12T15:33:09.963146Z",
            "yes_price": 27,
            "no_price": 73,
            "taker_side": "yes"
        },
        {
            "trade_id": "1dcf9e60-f599-42a2-9a23-83d5c8f1492a",
            "ticker": "HIGHNY-24JUL13-B86.5",
            "count": 18,
            "created_time": "2024-07-12T15:23:10.110253Z",
            "yes_price": 28,
            "no_price": 72,
            "taker_side": "yes"
        }
    ],
    "HIGHNY-24JUL13-B88.5": [
        {
            "trade_id": "69107dad-aed6-482c-93a1-baf70cfe7b07",
            "ticker": "HIGHNY-24JUL13-B88.5",
            "count": 25,
            "created_time": "2024-07-13T21:40:30.208277Z",
            "yes_price": 1,
            "no_price": 99,
            "taker_side": "no"
        },
        {
            "trade_id": "80942301-f990-468d-ab12-84a747b57d28",
            "ticker": "HIGHNY-24JUL13-B88.5",
            "count": 149,
            "created_time": "2024-07-13T21:05:31.674291Z",
            "yes_price": 9,
            "no_price": 91,
            "taker_side": "no"
        },
        {
            "trade_id": "06d63e44-76a9-4ede-a13b-f3d79c633640",
            "ticker": "HIGHNY-24JUL13-B88.5",
            "count": 44,
            "created_time": "2024-07-13T20:00:11.634386Z",
            "yes_price": 48,
            "no_price": 52,
            "taker_side": "yes"
        },
        {
            "trade_id": "9c037622-890a-45d6-99b4-4ae0df635fdd",
            "ticker": "HIGHNY-24JUL13-B88.5",
            "count": 14,
            "created_time": "2024-07-13T19:23:30.797488Z",
            "yes_price": 40,
            "no_price": 60,
            "taker_side": "no"
        },
        {
            "trade_id": "06db301d-1bc0-46a3-93a0-19167243524d",
            "ticker": "HIGHNY-24JUL13-B88.5",
            "count": 2,
            "created_time": "2024-07-13T19:21:20.019292Z",
            "yes_price": 9,
            "no_price": 91,
            "taker_side": "yes"
        },
        {
            "trade_id": "75115547-dfcb-48a1-bb96-f02188236fd2",
            "ticker": "HIGHNY-24JUL13-B88.5",
            "count": 102,
            "created_time": "2024-07-13T18:18:03.889085Z",
            "yes_price": 3,
            "no_price": 97,
            "taker_side": "no"
        },
        {
            "trade_id": "a68287b1-6c50-4f81-8f7b-9a79158d5802",
            "ticker": "HIGHNY-24JUL13-B88.5",
            "count": 1,
            "created_time": "2024-07-13T18:02:49.661995Z",
            "yes_price": 3,
            "no_price": 97,
            "taker_side": "no"
        },
        {
            "trade_id": "b191455c-f12b-45e5-8d60-54e2fe8cd081",
            "ticker": "HIGHNY-24JUL13-B88.5",
            "count": 77,
            "created_time": "2024-07-13T16:54:50.220734Z",
            "yes_price": 5,
            "no_price": 95,
            "taker_side": "no"
        },
        {
            "trade_id": "4640b802-90ef-4c4a-add9-7a673c63e8e1",
            "ticker": "HIGHNY-24JUL13-B88.5",
            "count": 100,
            "created_time": "2024-07-13T16:54:50.220734Z",
            "yes_price": 4,
            "no_price": 96,
            "taker_side": "no"
        },
        {
            "trade_id": "6b65b3e4-b879-434b-b165-9319ad63cd78",
            "ticker": "HIGHNY-24JUL13-B88.5",
            "count": 23,
            "created_time": "2024-07-13T16:38:06.569164Z",
            "yes_price": 5,
            "no_price": 95,
            "taker_side": "no"
        },
        {
            "trade_id": "a70f141c-ac74-4d36-b8bd-12118060603b",
            "ticker": "HIGHNY-24JUL13-B88.5",
            "count": 99,
            "created_time": "2024-07-13T16:28:08.634743Z",
            "yes_price": 4,
            "no_price": 96,
            "taker_side": "no"
        },
        {
            "trade_id": "c1fbccb4-4878-4e42-9751-a1f66bbd17c9",
            "ticker": "HIGHNY-24JUL13-B88.5",
            "count": 1,
            "created_time": "2024-07-13T15:40:52.137302Z",
            "yes_price": 4,
            "no_price": 96,
            "taker_side": "no"
        },
        {
            "trade_id": "d60563d0-8952-4bf2-8e3b-737be0f1aeda",
            "ticker": "HIGHNY-24JUL13-B88.5",
            "count": 50,
            "created_time": "2024-07-13T13:59:39.610314Z",
            "yes_price": 3,
            "no_price": 97,
            "taker_side": "no"
        },
        {
            "trade_id": "2a22cb5a-9824-4376-8f80-031559b6b102",
            "ticker": "HIGHNY-24JUL13-B88.5",
            "count": 5,
            "created_time": "2024-07-12T23:56:32.986111Z",
            "yes_price": 14,
            "no_price": 86,
            "taker_side": "no"
        },
        {
            "trade_id": "417a28dc-62a2-41d2-8547-056670b93bae",
            "ticker": "HIGHNY-24JUL13-B88.5",
            "count": 1,
            "created_time": "2024-07-12T23:53:04.429559Z",
            "yes_price": 14,
            "no_price": 86,
            "taker_side": "yes"
        },
        {
            "trade_id": "2c647a6b-9ded-4e4b-8a6b-8790dbe87e2a",
            "ticker": "HIGHNY-24JUL13-B88.5",
            "count": 15,
            "created_time": "2024-07-12T23:53:04.429559Z",
            "yes_price": 14,
            "no_price": 86,
            "taker_side": "yes"
        },
        {
            "trade_id": "6c330c90-32b3-4846-8776-129b28135bae",
            "ticker": "HIGHNY-24JUL13-B88.5",
            "count": 1,
            "created_time": "2024-07-12T18:35:20.954891Z",
            "yes_price": 10,
            "no_price": 90,
            "taker_side": "no"
        }
    ],
    "HIGHNY-24JUL13-T89": [
        {
            "trade_id": "689d5e5a-5a1b-489b-be23-055e180f86b5",
            "ticker": "HIGHNY-24JUL13-T89",
            "count": 500,
            "created_time": "2024-07-13T20:55:23.094914Z",
            "yes_price": 3,
            "no_price": 97,
            "taker_side": "no"
        },
        {
            "trade_id": "60288286-57c4-4b59-b0f3-bd2537c34636",
            "ticker": "HIGHNY-24JUL13-T89",
            "count": 14,
            "created_time": "2024-07-13T19:21:43.65726Z",
            "yes_price": 13,
            "no_price": 87,
            "taker_side": "yes"
        },
        {
            "trade_id": "8d98e5d8-438b-4bc5-a34f-807d6f2c628e",
            "ticker": "HIGHNY-24JUL13-T89",
            "count": 2,
            "created_time": "2024-07-13T19:21:13.127477Z",
            "yes_price": 4,
            "no_price": 96,
            "taker_side": "yes"
        },
        {
            "trade_id": "eb97468f-edcd-4487-b2db-b3a416addd03",
            "ticker": "HIGHNY-24JUL13-T89",
            "count": 25,
            "created_time": "2024-07-13T13:55:37.90192Z",
            "yes_price": 1,
            "no_price": 99,
            "taker_side": "no"
        }
    ]
}