{
    "HIGHNY-24MAR08-T50": [],
    "HIGHNY-24MAR08-B50.5": [],
    "HIGHNY-24MAR08-B52.5": [
        {
            "trade_id": "14e7c568-eac7-4ee2-86b9-d37f69fa63f8",
            "ticker": "HIGHNY-24MAR08-B52.5",
            "count": 11,
            "created_time": "2024-03-08T17:52:58.764428Z",
            "yes_price": 1,
            "no_price": 99,
            "taker_side": "no"
        },
        {
            "trade_id": "1c6f6310-abae-4314-9356-b5c9ff6531cd",
            "ticker": "HIGHNY-24MAR08-B52.5",
            "count": 1,
            "created_time": "2024-03-08T15:31:52.74247Z",
            "yes_price": 21,
            "no_price": 79,
            "taker_side": "yes"
        },
        {
            "trade_id": "07267255-7d93-4702-bfeb-d03be443862a",
            "ticker": "HIGHNY-24MAR08-B52.5",
            "count": 5,
            "created_time": "2024-03-08T15:31:52.74247Z",
            "yes_price": 21,
            "no_price": 79,
            "taker_side": "yes"
        },
        {
            "trade_id": "321dd98a-93f9-43ce-909f-7a5d33eb4828",
            "ticker": "HIGHNY-24MAR08-B52.5",
            "count": 11,
            "created_time": "2024-03-08T15:00:52.229567Z",
            "yes_price": 5,
            "no_price": 95,
            "taker_side": "yes"
        },
        {
            "trade_id": "8245820a-8bf4-4fcd-b282-4de435ee7c3c",
            "ticker": "HIGHNY-24MAR08-B52.5",
            "count": 37,
            "created_time": "2024-03-08T15:00:44.26046Z",
            "yes_price": 5,
            "no_price": 95,
            "taker_side": "no"
        },
        {
            "trade_id": "0df28fba-a846-4209-a995-8fca3a1765b9",
            "ticker": "HIGHNY-24MAR08-B52.5",
            "count": 37,
            "created_time": "2024-03-08T15:00:44.26046Z",
            "yes_price": 6,
            "no_price": 94,
            "taker_side": "no"
        },
        {
            "trade_id": "e15a7ae9-69d5-40e2-a7a7-8e352789e1fc",
            "ticker": "HIGHNY-24MAR08-B52.5",
            "count": 37,
            "created_time": "2024-03-08T15:00:34.308659Z",
            "yes_price": 8,
            "no_price": 92,
            "taker_side": "no"
        },
        {
            "trade_id": "a5c3c3ec-2465-4c6f-9b03-9cc09636bbab",
            "ticker": "HIGHNY-24MAR08-B52.5",
            "count": 45,
            "created_time": "2024-03-08T15:00:34.308659Z",
            "yes_price": 9,
            "no_price": 91,
            "taker_side": "no"
        },
        {
            "trade_id": "7e10dad4-3aa2-4953-a6f6-48a7e2b775fd",
            "ticker": "HIGHNY-24MAR08-B52.5",
            "count": 37,
            "created_time": "2024-03-08T15:00:34.308659Z",
            "yes_price": 7,
            "no_price": 93,
            "taker_side": "no"
        },
        {
            "trade_id": "fd87cd57-2f1a-4054-b71c-9526b38c8474",
            "ticker": "HIGHNY-24MAR08-B52.5",
            "count": 10,
            "created_time": "2024-03-08T13:23:53.022631Z",
            "yes_price": 13,
            "no_price": 87,
            "taker_side": "yes"
        },
        {
            "trade_id": "53491e18-101e-4815-9a69-9ed31a6fcab7",
            "ticker": "HIGHNY-24MAR08-B52.5",
            "count": 21,
            "created_time": "2024-03-08T13:23:53.022631Z",
            "yes_price": 15,
            "no_price": 85,
            "taker_side": "yes"
        },
        {
            "trade_id": "28f75744-971a-4a03-8970-ffc1889c8e19",
            "ticker": "HIGHNY-24MAR08-B52.5",
            "count": 38,
            "created_time": "2024-03-08T13:23:53.022631Z",
            "yes_price": 13,
            "no_price": 87,
            "taker_side": "yes"
        }
    ],
    "HIGHNY-24MAR08-B54.5": [
        {
            "trade_id": "9b7dacd5-74da-4218-b35e-53df228eb15f",
            "ticker": "HIGHNY-24MAR08-B54.5",
            "count": 5,
            "created_time": "2024-03-08T15:31:52.79972Z",
            "yes_price": 55,
            "no_price": 45,
            "taker_side": "no"
        },
        {
            "trade_id": "8073b0df-9a78-460b-bf19-dd2745488405",
            "ticker": "HIGHNY-24MAR08-B54.5",
            "count": 7,
            "created_time": "2024-03-08T13:00:14.97314Z",
            "yes_price": 54,
            "no_price": 46,
            "taker_side": "yes"
        },
        {
            "trade_id": "9313026a-812a-4d48-a8e3-360babe5ac5e",
            "ticker": "HIGHNY-24MAR08-B54.5",
            "count": 23,
            "created_time": "2024-03-08T13:00:14.95317Z",
            "yes_price": 54,
            "no_price": 46,
            "taker_side": "yes"
        },
        {
            "trade_id": "573d326e-cc43-42b6-b79f-95b819f05a98",
            "ticker": "HIGHNY-24MAR08-B54.5",
            "count": 3,
            "created_time": "2024-03-08T00:56:03.542503Z",
            "yes_price": 46,
            "no_price": 54,
            "taker_side": "no"
        },
        {
            "trade_id": "6a4e0bd7-be65-49b0-be61-4740d0b2ebc1",
            "ticker": "HIGHNY-24MAR08-B54.5",
            "count": 10,
            "created_time": "2024-03-08T00:49:14.80024Z",
            "yes_price": 46,
            "no_price": 54,
            "taker_side": "no"
        },
        {
            "trade_id": "7eee8755-302d-4a77-b1b8-5d138156602f",
            "ticker": "HIGHNY-24MAR08-B54.5",
            "count": 42,
            "created_time": "2024-03-08T00:48:56.822576Z",
            "yes_price": 46,
            "no_price": 54,
            "taker_side": "no"
        },
        {
            "trade_id": "597c3511-5db5-4bad-bfa1-0b8cdc375ff6",
            "ticker": "HIGHNY-24MAR08-B54.5",
            "count": 10,
            "created_time": "2024-03-08T00:48:43.801047Z",
            "yes_price": 46,
            "no_price": 54,
            "taker_side": "no"
        },
        {
            "trade_id": "76a5142c-d689-4a9f-8ed3-402d8ff86d1d",
            "ticker": "HIGHNY-24MAR08-B54.5",
            "count": 42,
            "created_time": "2024-03-08T00:48:25.963912Z",
            "yes_price": 46,
            "no_price": 54,
            "taker_side": "no"
        },
        {
            "trade_id": "ec104727-27b6-4050-ab47-4db5e8f99bad",
            "ticker": "HIGHNY-24MAR08-B54.5",
            "count": 42,
            "created_time": "2024-03-08T00:48:08.870497Z",
            "yes_price": 47,
            "no_price": 53,
            "taker_side": "no"
        },
        {
            "trade_id": "cc13cf0c-1450-4923-93e5-484521e2f75b",
            "ticker": "HIGHNY-24MAR08-B54.5",
            "count": 22,
            "created_time": "2024-03-07T22:41:59.787123Z",
            "yes_price": 40,
            "no_price": 60,
            "taker_side": "yes"
        },
        {
            "trade_id": "5e228742-43df-4ca5-9442-380aaf6d3c29",
            "ticker": "HIGHNY-24MAR08-B54.5",
            "count": 111,
            "created_time": "2024-03-07T22:41:59.787123Z",
            "yes_price": 43,
            "no_price": 57,
            "taker_side": "yes"
        },
        {
            "trade_id": "a8aad23e-dac1-4306-ae83-a7988bb04a07",
            "ticker": "HIGHNY-24MAR08-B54.5",
            "count": 78,
            "created_time": "2024-03-07T20:43:52.544364Z",
            "yes_price": 44,
            "no_price": 56,
            "taker_side": "yes"
        },
        {
            "trade_id": "3872900f-d874-47e7-afb6-ab8667e79819",
            "ticker": "HIGHNY-24MAR08-B54.5",
            "count": 67,
            "created_time": "2024-03-07T20:43:52.544364Z",
            "yes_price": 41,
            "no_price": 59,
            "taker_side": "yes"
        },
        {
            "trade_id": "c2bddd5c-f231-4bf3-82d3-3373bb8ea993",
            "ticker": "HIGHNY-24MAR08-B54.5",
            "count": 22,
            "created_time": "2024-03-07T17:57:21.265555Z",
            "yes_price": 34,
            "no_price": 66,
            "taker_side": "yes"
        },
        {
            "trade_id": "c262f9f3-e684-4b6b-a666-2160318c7449",
            "ticker": "HIGHNY-24MAR08-B54.5",
            "count": 112,
            "created_time": "2024-03-07T17:57:21.265555Z",
            "yes_price": 36,
            "no_price": 64,
            "taker_side": "yes"
        },
        {
            "trade_id": "ca9ee45c-7166-4bd5-b6ec-fbe53571861e",
            "ticker": "HIGHNY-24MAR08-B54.5",
            "count": 9,
            "created_time": "2024-03-07T17:56:49.230853Z",
            "yes_price": 32,
            "no_price": 68,
            "taker_side": "yes"
        },
        {
            "trade_id": "a1ebe701-2884-4f1f-9bfc-37dd7f746e34",
            "ticker": "HIGHNY-24MAR08-B54.5",
            "count": 56,
            "created_time": "2024-03-07T17:56:49.230853Z",
            "yes_price": 33,
            "no_price": 67,
            "taker_side": "yes"
        },
        {
            "trade_id": "629350c6-fb24-49d9-964a-516ae6af381e",
            "ticker": "HIGHNY-24MAR08-B54.5",
            "count": 112,
            "created_time": "2024-03-07T17:56:49.230853Z",
            "yes_price": 35,
            "no_price": 65,
            "taker_side": "yes"
        },
        {
            "trade_id": "6c24e53f-cf23-4df7-9bd2-f98d40baa74d",
            "ticker": "HIGHNY-24MAR08-B54.5",
            "count": 1,
            "created_time": "2024-03-07T17:30:25.508513Z",
            "yes_price": 28,
            "no_price": 72,
            "taker_side": "no"
        },
        {
            "trade_id": "7da10078-ed70-44a7-8132-9d37efe2df41",
            "ticker": "HIGHNY-24MAR08-B54.5",
            "count": 5,
            "created_time": "2024-03-07T16:45:52.709475Z",
            "yes_price": 32,
            "no_price": 68,
            "taker_side": "yes"
        }
    ],
    "HIGHNY-24MAR08-B56.5": [
        {
            "trade_id": "e5229c86-4724-430a-a0f5-7dc39ba5581b",
            "ticker": "HIGHNY-24MAR08-B56.5",
            "count": 9,
            "created_time": "2024-03-08T15:53:21.379202Z",
            "yes_price": 47,
            "no_price": 53,
            "taker_side": "yes"
        },
        {
            "trade_id": "00f78261-dfc0-4d34-abb3-50d23478856e",
            "ticker": "HIGHNY-24MAR08-B56.5",
            "count": 5,
            "created_time": "2024-03-08T15:31:52.79823Z",
            "yes_price": 23,
            "no_price": 77,
            "taker_side": "no"
        },
        {
            "trade_id": "dc5b14be-7f90-4f80-926e-df27cc1ca121",
            "ticker": "HIGHNY-24MAR08-B56.5",
            "count": 37,
            "created_time": "2024-03-08T15:00:45.017289Z",
            "yes_price": 41,
            "no_price": 59,
            "taker_side": "yes"
        },
        {
            "trade_id": "ae9de514-17c9-4e4d-9289-39a3b01f5dec",
            "ticker": "HIGHNY-24MAR08-B56.5",
            "count": 11,
            "created_time": "2024-03-08T15:00:45.017289Z",
            "yes_price": 36,
            "no_price": 64,
            "taker_side": "yes"
        },
        {
            "trade_id": "5e21b932-10d9-468c-8183-0c31f94143d1",
            "ticker": "HIGHNY-24MAR08-B56.5",
            "count": 37,
            "created_time": "2024-03-08T15:00:45.017289Z",
            "yes_price": 38,
            "no_price": 62,
            "taker_side": "yes"
        },
        {
            "trade_id": "8175a0e1-dec4-4dbd-b663-723ce41dff24",
            "ticker": "HIGHNY-24MAR08-B56.5",
            "count": 37,
            "created_time": "2024-03-08T15:00:36.123173Z",
            "yes_price": 33,
            "no_price": 67,
            "taker_side": "yes"
        },
        {
            "trade_id": "0b08f122-3646-4799-b8d7-b8ec713d1173",
            "ticker": "HIGHNY-24MAR08-B56.5",
            "count": 37,
            "created_time": "2024-03-08T15:00:36.123173Z",
            "yes_price": 35,
            "no_price": 65,
            "taker_side": "yes"
        },
        {
            "trade_id": "f8b83801-528c-4692-bbae-6b7f7919f56e",
            "ticker": "HIGHNY-24MAR08-B56.5",
            "count": 37,
            "created_time": "2024-03-08T14:51:12.460933Z",
            "yes_price": 31,
            "no_price": 69,
            "taker_side": "yes"
        },
        {
            "trade_id": "ce38d653-0823-4345-b003-ee277a237a88",
            "ticker": "HIGHNY-24MAR08-B56.5",
            "count": 37,
            "created_time": "2024-03-08T14:51:12.460933Z",
            "yes_price": 29,
            "no_price": 71,
            "taker_side": "yes"
        },
        {
            "trade_id": "5981af08-e6e5-4931-b26c-bdb41a94598a",
            "ticker": "HIGHNY-24MAR08-B56.5",
            "count": 11,
            "created_time": "2024-03-08T14:51:12.460933Z",
            "yes_price": 27,
            "no_price": 73,
            "taker_side": "yes"
        },
        {
            "trade_id": "d76e2769-ab00-486e-b8bd-7c14403515a9",
            "ticker": "HIGHNY-24MAR08-B56.5",
            "count": 18,
            "created_time": "2024-03-08T14:03:36.520735Z",
            "yes_price": 26,
            "no_price": 74,
            "taker_side": "yes"
        },
        {
            "trade_id": "cd5ecd22-deaf-4601-b526-ff69c43a175e",
            "ticker": "HIGHNY-24MAR08-B56.5",
            "count": 62,
            "created_time": "2024-03-08T14:03:36.520735Z",
            "yes_price": 28,
            "no_price": 72,
            "taker_side": "yes"
        },
        {
            "trade_id": "39283adb-fea0-4066-ab42-d863076337fe",
            "ticker": "HIGHNY-24MAR08-B56.5",
            "count": 62,
            "created_time": "2024-03-08T14:03:36.520735Z",
            "yes_price": 30,
            "no_price": 70,
            "taker_side": "yes"
        },
        {
            "trade_id": "80046b21-b9e0-4951-80eb-fbeb89ebace9",
            "ticker": "HIGHNY-24MAR08-B56.5",
            "count": 10,
            "created_time": "2024-03-08T02:39:08.745501Z",
            "yes_price": 39,
            "no_price": 61,
            "taker_side": "yes"
        },
        {
            "trade_id": "21b107f7-c041-43d9-96ae-c34a0917c43f",
            "ticker": "HIGHNY-24MAR08-B56.5",
            "count": 60,
            "created_time": "2024-03-08T02:39:08.745501Z",
            "yes_price": 41,
            "no_price": 59,
            "taker_side": "yes"
        },
        {
            "trade_id": "9f6a2cd5-9378-41d4-94f4-484a08b9f5b7",
            "ticker": "HIGHNY-24MAR08-B56.5",
            "count": 64,
            "created_time": "2024-03-08T00:49:25.230811Z",
            "yes_price": 33,
            "no_price": 67,
            "taker_side": "no"
        },
        {
            "trade_id": "39011e66-2610-4b3d-8577-951bb1070144",
            "ticker": "HIGHNY-24MAR08-B56.5",
            "count": 10,
            "created_time": "2024-03-08T00:49:05.22982Z",
            "yes_price": 34,
            "no_price": 66,
            "taker_side": "no"
        },
        {
            "trade_id": "1b6f4e12-2c10-4cf5-80be-a63e6250b50f",
            "ticker": "HIGHNY-24MAR08-B56.5",
            "count": 10,
            "created_time": "2024-03-08T00:48:34.031518Z",
            "yes_price": 34,
            "no_price": 66,
            "taker_side": "no"
        },
        {
            "trade_id": "2a3c8ff2-4bac-4a79-a269-5e338575c18d",
            "ticker": "HIGHNY-24MAR08-B56.5",
            "count": 53,
            "created_time": "2024-03-08T00:47:59.870975Z",
            "yes_price": 33,
            "no_price": 67,
            "taker_side": "no"
        },
        {
            "trade_id": "cd89f8e0-7de2-4d86-9390-db0cb0fe07ff",
            "ticker": "HIGHNY-24MAR08-B56.5",
            "count": 53,
            "created_time": "2024-03-08T00:47:54.902223Z",
            "yes_price": 34,
            "no_price": 66,
            "taker_side": "no"
        },
        {
            "trade_id": "72fe503c-2988-40e5-8165-334c9ca1c5f0",
            "ticker": "HIGHNY-24MAR08-B56.5",
            "count": 53,
            "created_time": "2024-03-08T00:47:48.905538Z",
            "yes_price": 35,
            "no_price": 65,
            "taker_side": "no"
        },
        {
            "trade_id": "7b7ee611-e126-4dcb-b45f-924d9e68df5c",
            "ticker": "HIGHNY-24MAR08-B56.5",
            "count": 53,
            "created_time": "2024-03-08T00:47:42.898327Z",
            "yes_price": 36,
            "no_price": 64,
            "taker_side": "no"
        },
        {
            "trade_id": "d0958c68-0750-4cd5-bae4-558b864d10e1",
            "ticker": "HIGHNY-24MAR08-B56.5",
            "count": 21,
            "created_time": "2024-03-08T00:47:37.250996Z",
            "yes_price": 37,
            "no_price": 63,
            "taker_side": "no"
        },
        {
            "trade_id": "ab730444-6192-40c4-bc28-d56a1cbd42f2",
            "ticker": "HIGHNY-24MAR08-B56.5",
            "count": 22,
            "created_time": "2024-03-07T22:42:12.617492Z",
            "yes_price": 44,
            "no_price": 56,
            "taker_side": "yes"
        },
        {
            "trade_id": "d8e86228-f83e-4a11-bee1-7fb5120b651a",
            "ticker": "HIGHNY-24MAR08-B56.5",
            "count": 45,
            "created_time": "2024-03-07T20:44:27.964308Z",
            "yes_price": 44,
            "no_price": 56,
            "taker_side": "yes"
        },
        {
            "trade_id": "09bc74d0-4ca5-4ec7-91be-732295dba0ae",
            "ticker": "HIGHNY-24MAR08-B56.5",
            "count": 56,
            "created_time": "2024-03-07T20:44:19.864801Z",
            "yes_price": 44,
            "no_price": 56,
            "taker_side": "yes"
        },
        {
            "trade_id": "0ebe2aa8-5f39-42f0-8d01-65adddf3a269",
            "ticker": "HIGHNY-24MAR08-B56.5",
            "count": 33,
            "created_time": "2024-03-07T20:44:01.662198Z",
            "yes_price": 43,
            "no_price": 57,
            "taker_side": "yes"
        },
        {
            "trade_id": "98eb2cc0-446b-4601-94c8-5b787e5fc268",
            "ticker": "HIGHNY-24MAR08-B56.5",
            "count": 23,
            "created_time": "2024-03-07T20:43:45.29946Z",
            "yes_price": 41,
            "no_price": 59,
            "taker_side": "yes"
        },
        {
            "trade_id": "8c6defd8-257a-4747-8025-f9e338103f22",
            "ticker": "HIGHNY-24MAR08-B56.5",
            "count": 112,
            "created_time": "2024-03-07T20:43:45.29946Z",
            "yes_price": 44,
            "no_price": 56,
            "taker_side": "yes"
        },
        {
            "trade_id": "37ea54bb-8f2a-43c4-bba4-96a1ee0f50a4",
            "ticker": "HIGHNY-24MAR08-B56.5",
            "count": 10,
            "created_time": "2024-03-07T20:35:35.511515Z",
            "yes_price": 41,
            "no_price": 59,
            "taker_side": "yes"
        },
        {
            "trade_id": "31d8bfda-0bd2-4d15-83a8-c1d43c67d01c",
            "ticker": "HIGHNY-24MAR08-B56.5",
            "count": 11,
            "created_time": "2024-03-07T17:57:36.514913Z",
            "yes_price": 45,
            "no_price": 55,
            "taker_side": "yes"
        },
        {
            "trade_id": "c5b02bc4-a56e-4040-beff-0f1ef9f767f0",
            "ticker": "HIGHNY-24MAR08-B56.5",
            "count": 112,
            "created_time": "2024-03-07T17:57:03.344998Z",
            "yes_price": 46,
            "no_price": 54,
            "taker_side": "yes"
        },
        {
            "trade_id": "b99bbddf-e3ea-4738-9874-4f7b70908b84",
            "ticker": "HIGHNY-24MAR08-B56.5",
            "count": 33,
            "created_time": "2024-03-07T17:57:03.344998Z",
            "yes_price": 44,
            "no_price": 56,
            "taker_side": "yes"
        },
        {
            "trade_id": "a1dadd1b-afac-47a1-8f9d-6b9718277a8b",
            "ticker": "HIGHNY-24MAR08-B56.5",
            "count": 112,
            "created_time": "2024-03-07T17:56:38.017984Z",
            "yes_price": 45,
            "no_price": 55,
            "taker_side": "yes"
        },
        {
            "trade_id": "942999e4-360b-4b22-bbea-b86ad5932ce3",
            "ticker": "HIGHNY-24MAR08-B56.5",
            "count": 33,
            "created_time": "2024-03-07T17:56:38.017984Z",
            "yes_price": 44,
            "no_price": 56,
            "taker_side": "yes"
        },
        {
            "trade_id": "70a9c3fa-a419-4ba3-b384-601f5ee7bdb1",
            "ticker": "HIGHNY-24MAR08-B56.5",
            "count": 1,
            "created_time": "2024-03-07T17:30:26.229035Z",
            "yes_price": 38,
            "no_price": 62,
            "taker_side": "no"
        },
        {
            "trade_id": "292670c6-3240-4d12-a892-032fd79a94e1",
            "ticker": "HIGHNY-24MAR08-B56.5",
            "count": 4,
            "created_time": "2024-03-07T16:46:12.403608Z",
            "yes_price": 44,
            "no_price": 56,
            "taker_side": "yes"
        }
    ],
    "HIGHNY-24MAR08-T57": [
        {
            "trade_id": "44bbdb0e-5b4a-4116-9831-996e05c6384b",
            "ticker": "HIGHNY-24MAR08-T57",
            "count": 5,
            "created_time": "2024-03-08T15:31:52.796383Z",
            "yes_price": 9,
            "no_price": 91,
            "taker_side": "no"
        }
    ]
}