{
    "KXHIGHNY-24DEC18-T45": [
        {
            "trade_id": "e09fbb78-6e6e-4bc6-b3cf-eee72cb84f1e",
            "ticker": "KXHIGHNY-24DEC18-T45",
            "count": 100,
            "created_time": "2024-12-18T14:21:09.624459Z",
            "yes_price": 1,
            "no_price": 99,
            "taker_side": "yes"
        },
        {
            "trade_id": "c83254b6-cee4-4a19-bd05-37fd1c1c531c",
            "ticker": "KXHIGHNY-24DEC18-T45",
            "count": 97,
            "created_time": "2024-12-18T14:21:09.624459Z",
            "yes_price": 1,
            "no_price": 99,
            "taker_side": "yes"
        },
        {
            "trade_id": "66dead5d-0885-4c5f-a9ac-c4b2b9c82aaa",
            "ticker": "KXHIGHNY-24DEC18-T45",
            "count": 100,
            "created_time": "2024-12-18T14:21:09.624459Z",
            "yes_price": 1,
            "no_price": 99,
            "taker_side": "yes"
        },
        {
            "trade_id": "8c787cb9-c82a-4e70-92d0-c468943a1d81",
            "ticker": "KXHIGHNY-24DEC18-T45",
            "count": 86,
            "created_time": "2024-12-18T04:10:59.357749Z",
            "yes_price": 1,
            "no_price": 99,
            "taker_side": "no"
        },
        {
            "trade_id": "a3852b43-bb4e-4c8e-a5c2-05e17cd7efb1",
            "ticker": "KXHIGHNY-24DEC18-T45",
            "count": 100,
            "created_time": "2024-12-18T01:02:03.341983Z",
            "yes_price": 1,
            "no_price": 99,
            "taker_side": "no"
        },
        {
            "trade_id": "0a8405bb-a115-4910-b7c8-3263e5abdf88",
            "ticker": "KXHIGHNY-24DEC18-T45",
            "count": 14,
            "created_time": "2024-12-18T00:48:59.460758Z",
            "yes_price": 1,
            "no_price": 99,
            "taker_side": "no"
        },
        {
            "trade_id": "da6523da-82b8-4be2-900f-91066ddb639d",
            "ticker": "KXHIGHNY-24DEC18-T45",
            "count": 100,
            "created_time": "2024-12-18T00:46:37.143044Z",
            "yes_price": 1,
            "no_price": 99,
            "taker_side": "no"
        },
        {
            "trade_id": "ce50fbf3-198d-4690-9553-023c4b512942",
            "ticker": "KXHIGHNY-24DEC18-T45",
            "count": 200,
            "created_time": "2024-12-18T00:23:45.477833Z",
            "yes_price": 1,
            "no_price": 99,
            "taker_side": "yes"
        },
        {
            "trade_id": "9804b230-14c7-4ccc-b7c5-46549f47868e",
            "ticker": "KXHIGHNY-24DEC18-T45",
            "count": 50,
            "created_time": "2024-12-17T21:05:09.901549Z",
            "yes_price": 2,
            "no_price": 98,
            "taker_side": "no"
        },
        {
            "trade_id": "6d5dbdbc-f780-40f6-95ad-f5383a6b71a3",
            "ticker": "KXHIGHNY-24DEC18-T45",
            "count": 28,
            "created_time": "2024-12-17T21:05:09.901549Z",
            "yes_price": 2,
            "no_price": 98,
            "taker_side": "no"
        },
        {
            "trade_id": "60a0880a-3354-4241-a4af-e09d836442b3",
            "ticker": "KXHIGHNY-24DEC18-T45",
            "count": 50,
            "created_time": "2024-12-17T21:05:09.901549Z",
            "yes_price": 2,
            "no_price": 98,
            "taker_side": "no"
        },
        {
            "trade_id": "483fe136-ad70-4994-8468-eb03f2f6577a",
            "ticker": "KXHIGHNY-24DEC18-T45",
            "count": 22,
            "created_time": "2024-12-17T21:05:09.901549Z",
            "yes_price": 1,
            "no_price": 99,
            "taker_side": "no"
        },
        {
            "trade_id": "2a48844d-77d1-4c4b-8fc0-51f7da75f498",
            "ticker": "KXHIGHNY-24DEC18-T45",
            "count": 50,
            "created_time": "2024-12-17T21:05:09.901549Z",
            "yes_price": 2,
            "no_price": 98,
            "taker_side": "no"
        },
        {
            "trade_id": "16042c46-b39a-49e2-9a6f-d4cef7e22e9f",
            "ticker": "KXHIGHNY-24DEC18-T45",
            "count": 50,
            "created_time": "2024-12-17T21:05:09.901549Z",
            "yes_price": 2,
            "no_price": 98,
            "taker_side": "no"
        },
        {
            "trade_id": "e043d57c-4262-4165-b328-dfbbc7f69cc8",
            "ticker": "KXHIGHNY-24DEC18-T45",
            "count": 50,
            "created_time": "2024-12-17T21:03:26.267612Z",
            "yes_price": 2,
            "no_price": 98,
            "taker_side": "no"
        },
        {
            "trade_id": "c84f5fbe-07a1-4a2b-bfd8-038c20eeff72",
            "ticker": "KXHIGHNY-24DEC18-T45",
            "count": 50,
            "created_time": "2024-12-17T21:03:26.267612Z",
            "yes_price": 2,
            "no_price": 98,
            "taker_side": "no"
        },
        {
            "trade_id": "c5f3ad24-dec7-4945-89db-241ecc481013",
            "ticker": "KXHIGHNY-24DEC18-T45",
            "count": 22,
            "created_time": "2024-12-17T21:03:26.267612Z",
            "yes_price": 2,
            "no_price": 98,
            "taker_side": "no"
        },
        {
            "trade_id": "54d78d27-fdd9-40d2-9d83-ea3d4f7efeab",
            "ticker": "KXHIGHNY-24DEC18-T45",
            "count": 28,
            "created_time": "2024-12-17T21:03:26.267612Z",
            "yes_price": 3,
            "no_price": 97,
            "taker_side": "no"
        },
        {
            "trade_id": "3fa5129a-e67d-4a80-8fda-597654beca87",
            "ticker": "KXHIGHNY-24DEC18-T45",
            "count": 50,
            "created_time": "2024-12-17T21:03:26.267612Z",
            "yes_price": 3,
            "no_price": 97,
            "taker_side": "no"
        },
        {
            "trade_id": "0f0cd398-33a0-46da-9477-20bc63752b37",
            "ticker": "KXHIGHNY-24DEC18-T45",
            "count": 50,
            "created_time": "2024-12-17T21:03:26.267612Z",
            "yes_price": 2,
            "no_price": 98,
            "taker_side": "no"
        },
        {
            "trade_id": "ef6c90ff-884b-4e94-bdfa-1e6f59acb72d",
            "ticker": "KXHIGHNY-24DEC18-T45",
            "count": 50,
            "created_time": "2024-12-17T21:03:09.671268Z",
            "yes_price": 3,
            "no_price": 97,
            "taker_side": "no"
        },
        {
            "trade_id": "dcd30aa5-2b3a-4ce5-a7e9-16a0f2a6aecb",
            "ticker": "KXHIGHNY-24DEC18-T45",
            "count": 50,
            "created_time": "2024-12-17T21:03:09.671268Z",
            "yes_price": 3,
            "no_price": 97,
            "taker_side": "no"
        },
        {
            "trade_id": "9808f8d1-59b5-49b7-9948-6b2324e5f112",
            "ticker": "KXHIGHNY-24DEC18-T45",
            "count": 50,
            "created_time": "2024-12-17T21:03:09.671268Z",
            "yes_price": 3,
            "no_price": 97,
            "taker_side": "no"
        },
        {
            "trade_id": "5d9964a1-e663-4126-bce4-79ccdfa5a870",
            "ticker": "KXHIGHNY-24DEC18-T45",
            "count": 25,
            "created_time": "2024-12-17T21:03:09.671268Z",
            "yes_price": 3,
            "no_price": 97,
            "taker_side": "no"
        },
        {
            "trade_id": "5901de77-3e2a-4ef2-93d6-f7d326f5018d",
            "ticker": "KXHIGHNY-24DEC18-T45",
            "count": 50,
            "created_time": "2024-12-17T21:03:09.671268Z",
            "yes_price": 3,
            "no_price": 97,
            "taker_side": "no"
        },
        {
            "trade_id": "55801dc4-7838-49c9-995b-ba9ec874f901",
            "ticker": "KXHIGHNY-24DEC18-T45",
            "count": 50,
            "created_time": "2024-12-17T21:03:09.671268Z",
            "yes_price": 3,
            "no_price": 97,
            "taker_side": "no"
        },
        {
            "trade_id": "3092b3d4-4a35-4d36-a28a-21a53b8a768c",
            "ticker": "KXHIGHNY-24DEC18-T45",
            "count": 22,
            "created_time": "2024-12-17T21:03:09.671268Z",
            "yes_price": 3,
            "no_price": 97,
            "taker_side": "no"
        },
        {
            "trade_id": "d9c6f190-d0f6-4671-a170-3831782d0e70",
            "ticker": "KXHIGHNY-24DEC18-T45",
            "count": 25,
            "created_time": "2024-12-17T20:10:23.407707Z",
            "yes_price": 3,
            "no_price": 97,
            "taker_side": "yes"
        }
    ],
    "KXHIGHNY-24DEC18-B45.5": [
        {
            "trade_id": "ec16840d-5c07-4f67-af0c-f7e276de9744",
            "ticker": "KXHIGHNY-24DEC18-B45.5",
            "count": 50,
            "created_time": "2024-12-18T05:30:22.204333Z",
            "yes_price": 1,
            "no_price": 99,
            "taker_side": "yes"
        },
        {
            "trade_id": "e97c5b9b-becd-4b4d-893a-547fb10b9f9a",
            "ticker": "KXHIGHNY-24DEC18-B45.5",
            "count": 1,
            "created_time": "2024-12-18T05:30:22.204333Z",
            "yes_price": 1,
            "no_price": 99,
            "taker_side": "yes"
        },
        {
            "trade_id": "da2b90dc-cb8b-4041-b100-e398cdea1a7e",
            "ticker": "KXHIGHNY-24DEC18-B45.5",
            "count": 50,
            "created_time": "2024-12-18T05:30:22.204333Z",
            "yes_price": 1,
            "no_price": 99,
            "taker_side": "yes"
        },
        {
            "trade_id": "7d12200a-6736-481c-b869-768646309db8",
            "ticker": "KXHIGHNY-24DEC18-B45.5",
            "count": 50,
            "created_time": "2024-12-18T05:30:22.204333Z",
            "yes_price": 1,
            "no_price": 99,
            "taker_side": "yes"
        },
        {
            "trade_id": "03b9f2c5-1265-4a3e-890d-fd32730cc0ed",
            "ticker": "KXHIGHNY-24DEC18-B45.5",
            "count": 50,
            "created_time": "2024-12-18T05:30:22.204333Z",
            "yes_price": 1,
            "no_price": 99,
            "taker_side": "yes"
        },
        {
            "trade_id": "02c15e37-f025-47fe-8674-e2207f720576",
            "ticker": "KXHIGHNY-24DEC18-B45.5",
            "count": 2,
            "created_time": "2024-12-18T05:30:22.204333Z",
            "yes_price": 1,
            "no_price": 99,
            "taker_side": "yes"
        },
        {
            "trade_id": "f1cfbc0d-6d2f-46db-815c-f8310828ac71",
            "ticker": "KXHIGHNY-24DEC18-B45.5",
            "count": 3,
            "created_time": "2024-12-18T05:06:48.667612Z",
            "yes_price": 5,
            "no_price": 95,
            "taker_side": "yes"
        },
        {
            "trade_id": "c85b8c53-7b01-4916-9082-5b333d87aa9b",
            "ticker": "KXHIGHNY-24DEC18-B45.5",
            "count": 100,
            "created_time": "2024-12-18T05:06:48.667612Z",
            "yes_price": 4,
            "no_price": 96,
            "taker_side": "yes"
        },
        {
            "trade_id": "b5df8849-5cad-4f0e-a5f2-e0047af93530",
            "ticker": "KXHIGHNY-24DEC18-B45.5",
            "count": 518,
            "created_time": "2024-12-18T05:06:48.667612Z",
            "yes_price": 2,
            "no_price": 98,
            "taker_side": "yes"
        },
        {
            "trade_id": "99a92577-e637-44b3-83b9-36e249375ed2",
            "ticker": "KXHIGHNY-24DEC18-B45.5",
            "count": 59,
            "created_time": "2024-12-18T05:06:48.667612Z",
            "yes_price": 2,
            "no_price": 98,
            "taker_side": "yes"
        },
        {
            "trade_id": "68adb14d-540f-4262-9a05-1aa08d92ee19",
            "ticker": "KXHIGHNY-24DEC18-B45.5",
            "count": 100,
            "created_time": "2024-12-18T05:06:48.667612Z",
            "yes_price": 3,
            "no_price": 97,
            "taker_side": "yes"
        },
        {
            "trade_id": "da5352c7-5418-4233-a5e2-368fa49db7d7",
            "ticker": "KXHIGHNY-24DEC18-B45.5",
            "count": 442,
            "created_time": "2024-12-18T05:00:38.082191Z",
            "yes_price": 1,
            "no_price": 99,
            "taker_side": "no"
        },
        {
            "trade_id": "dcc22b1f-90ea-4af5-adc1-f789ddfe44b5",
            "ticker": "KXHIGHNY-24DEC18-B45.5",
            "count": 20,
            "created_time": "2024-12-18T05:00:27.980212Z",
            "yes_price": 1,
            "no_price": 99,
            "taker_side": "no"
        },
        {
            "trade_id": "3085c93f-79b1-4036-b0f1-97de4d4032f3",
            "ticker": "KXHIGHNY-24DEC18-B45.5",
            "count": 20,
            "created_time": "2024-12-18T05:00:27.975606Z",
            "yes_price": 1,
            "no_price": 99,
            "taker_side": "no"
        },
        {
            "trade_id": "8b6904bd-b23c-4fc0-98d1-cbbf045f3d29",
            "ticker": "KXHIGHNY-24DEC18-B45.5",
            "count": 3,
            "created_time": "2024-12-18T04:59:43.827771Z",
            "yes_price": 1,
            "no_price": 99,
            "taker_side": "no"
        },
        {
            "trade_id": "45f8ac78-b997-4634-b22a-7a573cac4ab4",
            "ticker": "KXHIGHNY-24DEC18-B45.5",
            "count": 3,
            "created_time": "2024-12-18T04:59:43.824012Z",
            "yes_price": 1,
            "no_price": 99,
            "taker_side": "no"
        },
        {
            "trade_id": "f570d482-426d-49f6-8c2c-bfd8da4ea6d4",
            "ticker": "KXHIGHNY-24DEC18-B45.5",
            "count": 29,
            "created_time": "2024-12-18T04:59:18.288031Z",
            "yes_price": 1,
            "no_price": 99,
            "taker_side": "no"
        },
        {
            "trade_id": "b0d4fd1e-3af8-4a13-b5c4-c7c52a2f376f",
            "ticker": "KXHIGHNY-24DEC18-B45.5",
            "count": 1,
            "created_time": "2024-12-18T04:58:26.058565Z",
            "yes_price": 1,
            "no_price": 99,
            "taker_side": "no"
        },
        {
            "trade_id": "53bbce0a-f995-453f-8123-0523f9daf13e",
            "ticker": "KXHIGHNY-24DEC18-B45.5",
            "count": 42,
            "created_time": "2024-12-18T03:35:28.409707Z",
            "yes_price": 1,
            "no_price": 99,
            "taker_side": "no"
        },
        {
            "trade_id": "15f09976-a81b-4124-89d1-5dfb14bb87ab",
            "ticker": "KXHIGHNY-24DEC18-B45.5",
            "count": 42,
            "created_time": "2024-12-18T01:22:49.897032Z",
            "yes_price": 2,
            "no_price": 98,
            "taker_side": "yes"
        },
        {
            "trade_id": "63661ce1-a6ff-4ca3-b827-4e987c373534",
            "ticker": "KXHIGHNY-24DEC18-B45.5",
            "count": 58,
            "created_time": "2024-12-18T00:24:35.778558Z",
            "yes_price": 1,
            "no_price": 99,
            "taker_side": "no"
        },
        {
            "trade_id": "89b51b22-ab15-47ee-8f5d-9616b08919e5",
            "ticker": "KXHIGHNY-24DEC18-B45.5",
            "count": 25,
            "created_time": "2024-12-18T00:24:20.70326Z",
            "yes_price": 1,
            "no_price": 99,
            "taker_side": "no"
        },
        {
            "trade_id": "623bc631-70cd-4c9f-92b3-e94147396c2e",
            "ticker": "KXHIGHNY-24DEC18-B45.5",
            "count": 76,
            "created_time": "2024-12-18T00:24:20.70326Z",
            "yes_price": 1,
            "no_price": 99,
            "taker_side": "no"
        },
        {
            "trade_id": "1af5205c-d4da-42c6-94ac-fcdd21eafe1a",
            "ticker": "KXHIGHNY-24DEC18-B45.5",
            "count": 50,
            "created_time": "2024-12-18T00:24:20.70326Z",
            "yes_price": 1,
            "no_price": 99,
            "taker_side": "no"
        },
        {
            "trade_id": "16705898-47ff-4ff7-8583-e89c2d74d803",
            "ticker": "KXHIGHNY-24DEC18-B45.5",
            "count": 100,
            "created_time": "2024-12-18T00:24:20.70326Z",
            "yes_price": 1,
            "no_price": 99,
            "taker_side": "no"
        },
        {
            "trade_id": "f226bc0c-259e-46d3-86f8-b58b9841ea98",
            "ticker": "KXHIGHNY-24DEC18-B45.5",
            "count": 99,
            "created_time": "2024-12-18T00:23:55.651311Z",
            "yes_price": 2,
            "no_price": 98,
            "taker_side": "yes"
        },
        {
            "trade_id": "b9af10f9-d6ed-4441-84ad-fffd8a99607b",
            "ticker": "KXHIGHNY-24DEC18-B45.5",
            "count": 25,
            "created_time": "2024-12-17T20:50:35.942055Z",
            "yes_price": 4,
            "no_price": 96,
            "taker_side": "no"
        },
        {
            "trade_id": "a6fa9a86-4b20-4fdf-99c5-0e5400589722",
            "ticker": "KXHIGHNY-24DEC18-B45.5",
            "count": 75,
            "created_time": "2024-12-17T20:50:35.942055Z",
            "yes_price": 1,
            "no_price": 99,
            "taker_side": "no"
        },
        {
            "trade_id": "764d4c92-22fc-4f96-a6c4-afe15a67f06a",
            "ticker": "KXHIGHNY-24DEC18-B45.5",
            "count": 50,
            "created_time": "2024-12-17T20:50:35.942055Z",
            "yes_price": 2,
            "no_price": 98,
            "taker_side": "no"
        },
        {
            "trade_id": "5d30293a-3295-4c6b-b58c-ea3e315c77b9",
            "ticker": "KXHIGHNY-24DEC18-B45.5",
            "count": 50,
            "created_time": "2024-12-17T20:50:35.942055Z",
            "yes_price": 2,
            "no_price": 98,
            "taker_side": "no"
        },
        {
            "trade_id": "5cfe088b-2c80-4862-8c47-aee4299863a4",
            "ticker": "KXHIGHNY-24DEC18-B45.5",
            "count": 50,
            "created_time": "2024-12-17T20:50:35.942055Z",
            "yes_price": 4,
            "no_price": 96,
            "taker_side": "no"
        },
        {
            "trade_id": "31268205-f221-4299-947d-9d38fe80559a",
            "ticker": "KXHIGHNY-24DEC18-B45.5",
            "count": 75,
            "created_time": "2024-12-17T20:41:39.948315Z",
            "yes_price": 5,
            "no_price": 95,
            "taker_side": "yes"
        },
        {
            "trade_id": "e8faf1f2-be23-4d3c-817c-3872f6fb15d8",
            "ticker": "KXHIGHNY-24DEC18-B45.5",
            "count": 25,
            "created_time": "2024-12-17T20:37:42.702111Z",
            "yes_price": 4,
            "no_price": 96,
            "taker_side": "no"
        },
        {
            "trade_id": "35981c58-ed7f-4057-a473-e6f4c2280a62",
            "ticker": "KXHIGHNY-24DEC18-B45.5",
            "count": 25,
            "created_time": "2024-12-17T20:37:42.702111Z",
            "yes_price": 4,
            "no_price": 96,
            "taker_side": "no"
        },
        {
            "trade_id": "8552ddbf-2ae1-4341-a319-5c13a4ef66e5",
            "ticker": "KXHIGHNY-24DEC18-B45.5",
            "count": 25,
            "created_time": "2024-12-17T20:35:54.966619Z",
            "yes_price": 4,
            "no_price": 96,
            "taker_side": "no"
        },
        {
            "trade_id": "47ca1291-4209-4235-8566-10b27d67a0b9",
            "ticker": "KXHIGHNY-24DEC18-B45.5",
            "count": 25,
            "created_time": "2024-12-17T20:35:54.966619Z",
            "yes_price": 4,
            "no_price": 96,
            "taker_side": "no"
        },
        {
            "trade_id": "ceb55b14-3b38-4247-8d54-213cf5c50dbc",
            "ticker": "KXHIGHNY-24DEC18-B45.5",
            "count": 28,
            "created_time": "2024-12-17T20:34:29.352288Z",
            "yes_price": 5,
            "no_price": 95,
            "taker_side": "yes"
        },
        {
            "trade_id": "4ef6b845-d018-48ef-a56b-d06010e56ad7",
            "ticker": "KXHIGHNY-24DEC18-B45.5",
            "count": 31,
            "created_time": "2024-12-17T20:32:22.617978Z",
            "yes_price": 5,
            "no_price": 95,
            "taker_side": "yes"
        },
        {
            "trade_id": "19f9ff8a-6e33-4d33-8370-454d4c9d8ff8",
            "ticker": "KXHIGHNY-24DEC18-B45.5",
            "count": 40,
            "created_time": "2024-12-17T20:25:27.975462Z",
            "yes_price": 6,
            "no_price": 94,
            "taker_side": "yes"
        },
        {
            "trade_id": "d844a9ff-5a2e-497b-8712-47f316b4f950",
            "ticker": "KXHIGHNY-24DEC18-B45.5",
            "count": 50,
            "created_time": "2024-12-17T20:14:24.501552Z",
            "yes_price": 6,
            "no_price": 94,
            "taker_side": "yes"
        },
        {
            "trade_id": "1bda887a-8ebd-4a34-95a0-1cc79a7ae939",
            "ticker": "KXHIGHNY-24DEC18-B45.5",
            "count": 25,
            "created_time": "2024-12-17T20:10:25.135484Z",
            "yes_price": 4,
            "no_price": 96,
            "taker_side": "yes"
        }
    ],
    "KXHIGHNY-24DEC18-B47.5": [
        {
            "trade_id": "0b4e303f-651a-41e5-8cf9-998546f3c2e1",
            "ticker": "KXHIGHNY-24DEC18-B47.5",
            "count": 65,
            "created_time": "2024-12-18T14:50:19.991506Z",
            "yes_price": 1,
            "no_price": 99,
            "taker_side": "yes"
        },
        {
            "trade_id": "8cbdfc18-29c7-4bd3-9a21-06bb0b1c7d49",
            "ticker": "KXHIGHNY-24DEC18-B47.5",
            "count": 1,
            "created_time": "2024-12-18T14:24:18.111823Z",
            "yes_price": 2,
            "no_price": 98,
            "taker_side": "yes"
        },
        {
            "trade_id": "dd9d7834-fd39-4ce2-a14d-67bfcb675826",
            "ticker": "KXHIGHNY-24DEC18-B47.5",
            "count": 4000,
            "created_time": "2024-12-18T14:08:06.130216Z",
            "yes_price": 1,
            "no_price": 99,
            "taker_side": "no"
        },
        {
            "trade_id": "34f199a5-904c-4efc-b8e4-1c4199358460",
            "ticker": "KXHIGHNY-24DEC18-B47.5",
            "count": 71,
            "created_time": "2024-12-18T14:08:06.130216Z",
            "yes_price": 1,
            "no_price": 99,
            "taker_side": "no"
        },
        {
            "trade_id": "d83b2e66-cccb-49dd-8fe8-e85ffd7061ad",
            "ticker": "KXHIGHNY-24DEC18-B47.5",
            "count": 10,
            "created_time": "2024-12-18T14:00:12.342124Z",
            "yes_price": 1,
            "no_price": 99,
            "taker_side": "no"
        },
        {
            "trade_id": "fc96033d-f667-4873-8730-7f48af18d841",
            "ticker": "KXHIGHNY-24DEC18-B47.5",
            "count": 10,
            "created_time": "2024-12-18T13:50:46.455866Z",
            "yes_price": 4,
            "no_price": 96,
            "taker_side": "yes"
        },
        {
            "trade_id": "c6fd9471-e0f1-4c2c-b04c-1701d2c62e34",
            "ticker": "KXHIGHNY-24DEC18-B47.5",
            "count": 1,
            "created_time": "2024-12-18T13:50:46.455866Z",
            "yes_price": 2,
            "no_price": 98,
            "taker_side": "yes"
        },
        {
            "trade_id": "69050e0c-1a68-4c3c-ad8a-eb17b08942f3",
            "ticker": "KXHIGHNY-24DEC18-B47.5",
            "count": 5,
            "created_time": "2024-12-18T13:50:46.455866Z",
            "yes_price": 3,
            "no_price": 97,
            "taker_side": "yes"
        },
        {
            "trade_id": "5d0645d7-a993-419e-bedd-30fb1de10606",
            "ticker": "KXHIGHNY-24DEC18-B47.5",
            "count": 32,
            "created_time": "2024-12-18T13:50:46.455866Z",
            "yes_price": 4,
            "no_price": 96,
            "taker_side": "yes"
        },
        {
            "trade_id": "ca82e08c-3538-4780-a355-453f1642d1b0",
            "ticker": "KXHIGHNY-24DEC18-B47.5",
            "count": 10,
            "created_time": "2024-12-18T13:21:14.728875Z",
            "yes_price": 1,
            "no_price": 99,
            "taker_side": "no"
        },
        {
            "trade_id": "6547a4be-4940-4cae-ab6d-752b1aa4637b",
            "ticker": "KXHIGHNY-24DEC18-B47.5",
            "count": 9,
            "created_time": "2024-12-18T13:16:59.430384Z",
            "yes_price": 1,
            "no_price": 99,
            "taker_side": "no"
        },
        {
            "trade_id": "9731fc4c-8101-43f9-a7a7-efc7256c7761",
            "ticker": "KXHIGHNY-24DEC18-B47.5",
            "count": 10,
            "created_time": "2024-12-18T13:16:45.7441Z",
            "yes_price": 2,
            "no_price": 98,
            "taker_side": "no"
        },
        {
            "trade_id": "548c1a0d-e0f7-436e-9339-057d3b7e4922",
            "ticker": "KXHIGHNY-24DEC18-B47.5",
            "count": 900,
            "created_time": "2024-12-18T13:16:04.742725Z",
            "yes_price": 3,
            "no_price": 97,
            "taker_side": "no"
        },
        {
            "trade_id": "5e4da76e-1577-444d-bfbd-eac7331f563b",
            "ticker": "KXHIGHNY-24DEC18-B47.5",
            "count": 100,
            "created_time": "2024-12-18T13:13:57.588176Z",
            "yes_price": 3,
            "no_price": 97,
            "taker_side": "no"
        },
        {
            "trade_id": "8661188a-54f2-437d-aaca-cd92affa0ba6",
            "ticker": "KXHIGHNY-24DEC18-B47.5",
            "count": 87,
            "created_time": "2024-12-18T13:12:26.441662Z",
            "yes_price": 4,
            "no_price": 96,
            "taker_side": "no"
        },
        {
            "trade_id": "faf2d387-ec83-4ecf-bc1c-931f61249b77",
            "ticker": "KXHIGHNY-24DEC18-B47.5",
            "count": 100,
            "created_time": "2024-12-18T13:01:35.382952Z",
            "yes_price": 5,
            "no_price": 95,
            "taker_side": "no"
        },
        {
            "trade_id": "586fb128-c417-4d0f-bbd2-6f4b94fd455a",
            "ticker": "KXHIGHNY-24DEC18-B47.5",
            "count": 100,
            "created_time": "2024-12-18T13:01:35.382952Z",
            "yes_price": 4,
            "no_price": 96,
            "taker_side": "no"
        },
        {
            "trade_id": "9fc9f107-c64c-43da-99fd-2f1b352fcbd5",
            "ticker": "KXHIGHNY-24DEC18-B47.5",
            "count": 78,
            "created_time": "2024-12-18T13:00:56.30902Z",
            "yes_price": 4,
            "no_price": 96,
            "taker_side": "no"
        },
        {
            "trade_id": "7e442416-be2d-4d6e-a44e-9ca9d1e4f64b",
            "ticker": "KXHIGHNY-24DEC18-B47.5",
            "count": 122,
            "created_time": "2024-12-18T07:47:13.299675Z",
            "yes_price": 5,
            "no_price": 95,
            "taker_side": "no"
        },
        {
            "trade_id": "d2a74cf2-c76e-43f4-8e18-a04f31a927a5",
            "ticker": "KXHIGHNY-24DEC18-B47.5",
            "count": 44,
            "created_time": "2024-12-18T07:18:35.980313Z",
            "yes_price": 14,
            "no_price": 86,
            "taker_side": "yes"
        },
        {
            "trade_id": "bdfbb771-f24d-4e9e-8a6b-5100ad0104c1",
            "ticker": "KXHIGHNY-24DEC18-B47.5",
            "count": 61,
            "created_time": "2024-12-18T07:18:35.980313Z",
            "yes_price": 13,
            "no_price": 87,
            "taker_side": "yes"
        },
        {
            "trade_id": "c8666364-76c0-4843-a184-30be68d84797",
            "ticker": "KXHIGHNY-24DEC18-B47.5",
            "count": 108,
            "created_time": "2024-12-18T07:00:47.601496Z",
            "yes_price": 13,
            "no_price": 87,
            "taker_side": "yes"
        },
        {
            "trade_id": "b410fa1c-687f-47b6-a202-1b2426073842",
            "ticker": "KXHIGHNY-24DEC18-B47.5",
            "count": 10,
            "created_time": "2024-12-18T06:55:16.956406Z",
            "yes_price": 8,
            "no_price": 92,
            "taker_side": "no"
        },
        {
            "trade_id": "75a7e190-6a5e-452a-b382-28af4c94c028",
            "ticker": "KXHIGHNY-24DEC18-B47.5",
            "count": 55,
            "created_time": "2024-12-18T06:55:16.956406Z",
            "yes_price": 9,
            "no_price": 91,
            "taker_side": "no"
        },
        {
            "trade_id": "262bd89b-8e3c-4188-9c8d-20fbc187fda9",
            "ticker": "KXHIGHNY-24DEC18-B47.5",
            "count": 76,
            "created_time": "2024-12-18T06:41:57.88132Z",
            "yes_price": 9,
            "no_price": 91,
            "taker_side": "no"
        },
        {
            "trade_id": "a6b0d417-1ebe-4a6d-a182-c19e4b6af899",
            "ticker": "KXHIGHNY-24DEC18-B47.5",
            "count": 85,
            "created_time": "2024-12-18T06:21:48.333412Z",
            "yes_price": 15,
            "no_price": 85,
            "taker_side": "yes"
        },
        {
            "trade_id": "16aef699-00f0-456b-9d0a-922c8c828ef2",
            "ticker": "KXHIGHNY-24DEC18-B47.5",
            "count": 97,
            "created_time": "2024-12-18T06:21:48.333412Z",
            "yes_price": 14,
            "no_price": 86,
            "taker_side": "yes"
        },
        {
            "trade_id": "728ec656-e4c4-47fd-a207-5ce06b15d524",
            "ticker": "KXHIGHNY-24DEC18-B47.5",
            "count": 6,
            "created_time": "2024-12-18T06:19:38.980279Z",
            "yes_price": 14,
            "no_price": 86,
            "taker_side": "yes"
        },
        {
            "trade_id": "34c96768-6fd8-4d59-a6f0-94efb4b254f6",
            "ticker": "KXHIGHNY-24DEC18-B47.5",
            "count": 7,
            "created_time": "2024-12-18T06:18:25.327542Z",
            "yes_price": 7,
            "no_price": 93,
            "taker_side": "yes"
        },
        {
            "trade_id": "041e052f-7fca-49f2-b4a5-4c84c3c49602",
            "ticker": "KXHIGHNY-24DEC18-B47.5",
            "count": 2,
            "created_time": "2024-12-18T06:18:25.327542Z",
            "yes_price": 15,
            "no_price": 85,
            "taker_side": "yes"
        },
        {
            "trade_id": "95d7515b-a1c7-478b-90fc-9bfb812b3ad3",
            "ticker": "KXHIGHNY-24DEC18-B47.5",
            "count": 13,
            "created_time": "2024-12-18T05:56:21.776207Z",
            "yes_price": 7,
            "no_price": 93,
            "taker_side": "yes"
        },
        {
            "trade_id": "e27f333d-5224-435a-8878-ff465092d0d7",
            "ticker": "KXHIGHNY-24DEC18-B47.5",
            "count": 79,
            "created_time": "2024-12-18T05:49:29.68422Z",
            "yes_price": 15,
            "no_price": 85,
            "taker_side": "yes"
        },
        {
            "trade_id": "dc6b1273-eb4a-4696-9316-bd9be2246d79",
            "ticker": "KXHIGHNY-24DEC18-B47.5",
            "count": 20,
            "created_time": "2024-12-18T05:49:29.68422Z",
            "yes_price": 5,
            "no_price": 95,
            "taker_side": "yes"
        },
        {
            "trade_id": "8cbfbc13-cf97-4270-8d25-58d2d04e5e56",
            "ticker": "KXHIGHNY-24DEC18-B47.5",
            "count": 94,
            "created_time": "2024-12-18T05:49:29.68422Z",
            "yes_price": 4,
            "no_price": 96,
            "taker_side": "yes"
        },
        {
            "trade_id": "1c49ac97-af28-44e0-b13f-000b281b59d3",
            "ticker": "KXHIGHNY-24DEC18-B47.5",
            "count": 230,
            "created_time": "2024-12-18T05:49:29.68422Z",
            "yes_price": 5,
            "no_price": 95,
            "taker_side": "yes"
        },
        {
            "trade_id": "574d2de0-3cdf-4b3c-9711-cbbd896535f0",
            "ticker": "KXHIGHNY-24DEC18-B47.5",
            "count": 70,
            "created_time": "2024-12-18T05:47:17.538387Z",
            "yes_price": 4,
            "no_price": 96,
            "taker_side": "yes"
        },
        {
            "trade_id": "729aa1a1-d8c4-41f7-a568-1f01b42f026b",
            "ticker": "KXHIGHNY-24DEC18-B47.5",
            "count": 312,
            "created_time": "2024-12-18T05:35:47.416256Z",
            "yes_price": 3,
            "no_price": 97,
            "taker_side": "yes"
        },
        {
            "trade_id": "c076de84-1307-4d42-a5f7-ea176c891183",
            "ticker": "KXHIGHNY-24DEC18-B47.5",
            "count": 27,
            "created_time": "2024-12-18T05:34:42.458258Z",
            "yes_price": 3,
            "no_price": 97,
            "taker_side": "yes"
        },
        {
            "trade_id": "ce587e43-6f7d-4cef-9fff-91e86564e9fb",
            "ticker": "KXHIGHNY-24DEC18-B47.5",
            "count": 108,
            "created_time": "2024-12-18T05:33:31.367682Z",
            "yes_price": 1,
            "no_price": 99,
            "taker_side": "no"
        },
        {
            "trade_id": "ae531543-14d7-4d80-bfaa-3f45390d6ade",
            "ticker": "KXHIGHNY-24DEC18-B47.5",
            "count": 70,
            "created_time": "2024-12-18T05:32:37.893566Z",
            "yes_price": 5,
            "no_price": 95,
            "taker_side": "yes"
        },
        {
            "trade_id": "dbc4b1f9-d2f2-482a-9b9f-f0865b55f28e",
            "ticker": "KXHIGHNY-24DEC18-B47.5",
            "count": 20,
            "created_time": "2024-12-18T05:32:05.175335Z",
            "yes_price": 4,
            "no_price": 96,
            "taker_side": "yes"
        },
        {
            "trade_id": "44c1de6b-0368-4a8d-8ae6-c6a22ce8a793",
            "ticker": "KXHIGHNY-24DEC18-B47.5",
            "count": 8,
            "created_time": "2024-12-18T05:31:29.568541Z",
            "yes_price": 3,
            "no_price": 97,
            "taker_side": "yes"
        },
        {
            "trade_id": "dcc7919b-ae44-40fe-8e73-baf34670b2d7",
            "ticker": "KXHIGHNY-24DEC18-B47.5",
            "count": 12,
            "created_time": "2024-12-18T05:28:45.121353Z",
            "yes_price": 3,
            "no_price": 97,
            "taker_side": "yes"
        },
        {
            "trade_id": "b3499855-7e00-4dcc-8912-6d0fa80515d3",
            "ticker": "KXHIGHNY-24DEC18-B47.5",
            "count": 47,
            "created_time": "2024-12-18T05:21:08.798422Z",
            "yes_price": 1,
            "no_price": 99,
            "taker_side": "no"
        },
        {
            "trade_id": "ee3e0d54-d6c4-4313-a5e6-5ec3b2f08ac4",
            "ticker": "KXHIGHNY-24DEC18-B47.5",
            "count": 6,
            "created_time": "2024-12-18T05:19:18.954231Z",
            "yes_price": 2,
            "no_price": 98,
            "taker_side": "no"
        },
        {
            "trade_id": "58b5937e-691b-49aa-8bc9-38f384985879",
            "ticker": "KXHIGHNY-24DEC18-B47.5",
            "count": 15,
            "created_time": "2024-12-18T05:18:00.838965Z",
            "yes_price": 2,
            "no_price": 98,
            "taker_side": "no"
        },
        {
            "trade_id": "56300025-62d0-4aeb-a0fb-d6d59eb4a4f7",
            "ticker": "KXHIGHNY-24DEC18-B47.5",
            "count": 13,
            "created_time": "2024-12-18T05:15:25.346502Z",
            "yes_price": 2,
            "no_price": 98,
            "taker_side": "yes"
        },
        {
            "trade_id": "be037a19-006e-4288-b11a-965fb937a55d",
            "ticker": "KXHIGHNY-24DEC18-B47.5",
            "count": 19,
            "created_time": "2024-12-18T05:15:25.18701Z",
            "yes_price": 2,
            "no_price": 98,
            "taker_side": "yes"
        },
        {
            "trade_id": "b1972936-71dd-476c-9aeb-934ed2869d7f",
            "ticker": "KXHIGHNY-24DEC18-B47.5",
            "count": 7,
            "created_time": "2024-12-18T05:15:25.18701Z",
            "yes_price": 2,
            "no_price": 98,
            "taker_side": "yes"
        },
        {
            "trade_id": "69a35965-b622-462a-9a91-f3ad0c5c88b3",
            "ticker": "KXHIGHNY-24DEC18-B47.5",
            "count": 20,
            "created_time": "2024-12-18T05:15:25.18701Z",
            "yes_price": 2,
            "no_price": 98,
            "taker_side": "yes"
        },
        {
            "trade_id": "30fe0d91-34a9-4723-9da0-7899f1432f82",
            "ticker": "KXHIGHNY-24DEC18-B47.5",
            "count": 1,
            "created_time": "2024-12-18T05:14:21.620005Z",
            "yes_price": 2,
            "no_price": 98,
            "taker_side": "yes"
        },
        {
            "trade_id": "b5132eb3-700e-40d0-acef-3bf54797ea86",
            "ticker": "KXHIGHNY-24DEC18-B47.5",
            "count": 10,
            "created_time": "2024-12-18T05:05:21.742428Z",
            "yes_price": 1,
            "no_price": 99,
            "taker_side": "no"
        },
        {
            "trade_id": "1edb6967-fd2b-4779-a1cd-6eeeb701c4b6",
            "ticker": "KXHIGHNY-24DEC18-B47.5",
            "count": 3,
            "created_time": "2024-12-18T05:00:15.196691Z",
            "yes_price": 2,
            "no_price": 98,
            "taker_side": "yes"
        },
        {
            "trade_id": "00303edc-851c-409c-9493-ad6b822183e7",
            "ticker": "KXHIGHNY-24DEC18-B47.5",
            "count": 3,
            "created_time": "2024-12-18T04:59:43.82373Z",
            "yes_price": 2,
            "no_price": 98,
            "taker_side": "no"
        },
        {
            "trade_id": "c8018dc7-0671-4e7b-aa48-d1732882b49f",
            "ticker": "KXHIGHNY-24DEC18-B47.5",
            "count": 29,
            "created_time": "2024-12-18T04:59:18.259127Z",
            "yes_price": 2,
            "no_price": 98,
            "taker_side": "no"
        },
        {
            "trade_id": "27bf3423-9083-4967-abf9-341d330498cf",
            "ticker": "KXHIGHNY-24DEC18-B47.5",
            "count": 1,
            "created_time": "2024-12-18T04:58:26.045968Z",
            "yes_price": 2,
            "no_price": 98,
            "taker_side": "no"
        },
        {
            "trade_id": "d129c09c-e9a1-4bee-9176-6c8cc7132cfe",
            "ticker": "KXHIGHNY-24DEC18-B47.5",
            "count": 138,
            "created_time": "2024-12-18T04:48:00.584991Z",
            "yes_price": 3,
            "no_price": 97,
            "taker_side": "yes"
        },
        {
            "trade_id": "5bd6baa6-76b9-4d0f-abe3-2f196e2c39e8",
            "ticker": "KXHIGHNY-24DEC18-B47.5",
            "count": 497,
            "created_time": "2024-12-18T04:48:00.584991Z",
            "yes_price": 5,
            "no_price": 95,
            "taker_side": "yes"
        },
        {
            "trade_id": "940e3292-5128-438d-93b9-8dc0be90a7dc",
            "ticker": "KXHIGHNY-24DEC18-B47.5",
            "count": 2,
            "created_time": "2024-12-18T04:43:19.867906Z",
            "yes_price": 4,
            "no_price": 96,
            "taker_side": "yes"
        },
        {
            "trade_id": "ba855252-34b3-4dad-b259-dfc2fd5dbceb",
            "ticker": "KXHIGHNY-24DEC18-B47.5",
            "count": 46,
            "created_time": "2024-12-18T04:39:05.304514Z",
            "yes_price": 4,
            "no_price": 96,
            "taker_side": "yes"
        },
        {
            "trade_id": "48de4b9d-a08f-45b1-b361-4d4adcbba2d6",
            "ticker": "KXHIGHNY-24DEC18-B47.5",
            "count": 3,
            "created_time": "2024-12-18T04:34:57.232837Z",
            "yes_price": 1,
            "no_price": 99,
            "taker_side": "no"
        },
        {
            "trade_id": "b8e50066-c3a2-4113-bbc5-9f63721ae390",
            "ticker": "KXHIGHNY-24DEC18-B47.5",
            "count": 48,
            "created_time": "2024-12-18T04:17:46.344716Z",
            "yes_price": 2,
            "no_price": 98,
            "taker_side": "no"
        },
        {
            "trade_id": "9179d503-3ebf-4b46-84a3-a3fc8a19fa16",
            "ticker": "KXHIGHNY-24DEC18-B47.5",
            "count": 50,
            "created_time": "2024-12-18T04:17:46.344716Z",
            "yes_price": 2,
            "no_price": 98,
            "taker_side": "no"
        },
        {
            "trade_id": "53900775-4244-4b5a-8f5b-a1b2ed062911",
            "ticker": "KXHIGHNY-24DEC18-B47.5",
            "count": 50,
            "created_time": "2024-12-18T04:17:46.344716Z",
            "yes_price": 2,
            "no_price": 98,
            "taker_side": "no"
        },
        {
            "trade_id": "2ffb4c44-5e10-4d80-88c1-c7407d612c24",
            "ticker": "KXHIGHNY-24DEC18-B47.5",
            "count": 21,
            "created_time": "2024-12-18T04:17:46.344716Z",
            "yes_price": 2,
            "no_price": 98,
            "taker_side": "no"
        },
        {
            "trade_id": "129a6df3-33e1-47cd-b1fc-e4ee3114858b",
            "ticker": "KXHIGHNY-24DEC18-B47.5",
            "count": 50,
            "created_time": "2024-12-18T04:17:46.344716Z",
            "yes_price": 2,
            "no_price": 98,
            "taker_side": "no"
        },
        {
            "trade_id": "9ce576db-8717-47c8-9b92-46178d1841af",
            "ticker": "KXHIGHNY-24DEC18-B47.5",
            "count": 1,
            "created_time": "2024-12-18T04:17:09.658751Z",
            "yes_price": 4,
            "no_price": 96,
            "taker_side": "no"
        },
        {
            "trade_id": "9c002e90-b90f-4138-86d6-4518d55d4f63",
            "ticker": "KXHIGHNY-24DEC18-B47.5",
            "count": 21,
            "created_time": "2024-12-18T04:11:19.39367Z",
            "yes_price": 4,
            "no_price": 96,
            "taker_side": "no"
        },
        {
            "trade_id": "097b465f-4161-4b96-9c71-3356d3ff6ade",
            "ticker": "KXHIGHNY-24DEC18-B47.5",
            "count": 50,
            "created_time": "2024-12-18T03:59:50.811743Z",
            "yes_price": 5,
            "no_price": 95,
            "taker_side": "no"
        },
        {
            "trade_id": "7f38ae02-e8f5-4d18-ba70-b21ba6b5a9ec",
            "ticker": "KXHIGHNY-24DEC18-B47.5",
            "count": 8,
            "created_time": "2024-12-18T03:49:47.934825Z",
            "yes_price": 6,
            "no_price": 94,
            "taker_side": "no"
        },
        {
            "trade_id": "3273f032-ebc3-4479-b533-6999c99d164b",
            "ticker": "KXHIGHNY-24DEC18-B47.5",
            "count": 25,
            "created_time": "2024-12-18T03:49:47.934825Z",
            "yes_price": 6,
            "no_price": 94,
            "taker_side": "no"
        },
        {
            "trade_id": "c54d83a9-99b6-4f02-a03b-07f1ec2107c2",
            "ticker": "KXHIGHNY-24DEC18-B47.5",
            "count": 42,
            "created_time": "2024-12-18T03:47:28.589554Z",
            "yes_price": 6,
            "no_price": 94,
            "taker_side": "no"
        },
        {
            "trade_id": "ccdf53c0-317b-4777-90bd-2f94c6f7f078",
            "ticker": "KXHIGHNY-24DEC18-B47.5",
            "count": 25,
            "created_time": "2024-12-18T03:29:40.542306Z",
            "yes_price": 7,
            "no_price": 93,
            "taker_side": "no"
        },
        {
            "trade_id": "8d9e13f1-8b73-4073-9eef-930383ec1615",
            "ticker": "KXHIGHNY-24DEC18-B47.5",
            "count": 25,
            "created_time": "2024-12-18T03:29:40.542306Z",
            "yes_price": 8,
            "no_price": 92,
            "taker_side": "no"
        },
        {
            "trade_id": "08d1f5c5-d030-4492-84a1-22551579bd3c",
            "ticker": "KXHIGHNY-24DEC18-B47.5",
            "count": 25,
            "created_time": "2024-12-18T03:29:40.542306Z",
            "yes_price": 9,
            "no_price": 91,
            "taker_side": "no"
        },
        {
            "trade_id": "ad2027f4-1fc5-4c64-bfd8-10de42049d52",
            "ticker": "KXHIGHNY-24DEC18-B47.5",
            "count": 23,
            "created_time": "2024-12-18T03:18:01.51243Z",
            "yes_price": 10,
            "no_price": 90,
            "taker_side": "yes"
        },
        {
            "trade_id": "a49eae76-64d1-4d16-9bcc-95b75b93de1b",
            "ticker": "KXHIGHNY-24DEC18-B47.5",
            "count": 52,
            "created_time": "2024-12-18T03:10:10.588683Z",
            "yes_price": 9,
            "no_price": 91,
            "taker_side": "yes"
        },
        {
            "trade_id": "e339eb60-3173-4b4e-bde8-06b5a1e17572",
            "ticker": "KXHIGHNY-24DEC18-B47.5",
            "count": 31,
            "created_time": "2024-12-18T03:00:10.252539Z",
            "yes_price": 5,
            "no_price": 95,
            "taker_side": "no"
        },
        {
            "trade_id": "bce64bb8-fd26-48fc-adea-524bd125c81d",
            "ticker": "KXHIGHNY-24DEC18-B47.5",
            "count": 31,
            "created_time": "2024-12-18T03:00:10.252539Z",
            "yes_price": 5,
            "no_price": 95,
            "taker_side": "no"
        },
        {
            "trade_id": "b429e26e-73dd-4c05-be31-1044b56251d9",
            "ticker": "KXHIGHNY-24DEC18-B47.5",
            "count": 100,
            "created_time": "2024-12-18T03:00:10.252539Z",
            "yes_price": 5,
            "no_price": 95,
            "taker_side": "no"
        },
        {
            "trade_id": "9d2684c9-606c-4071-926c-4e00a0f2502a",
            "ticker": "KXHIGHNY-24DEC18-B47.5",
            "count": 29,
            "created_time": "2024-12-18T03:00:10.252539Z",
            "yes_price": 5,
            "no_price": 95,
            "taker_side": "no"
        },
        {
            "trade_id": "6d3a09db-5f56-429f-a8de-68ef0e8b1e20",
            "ticker": "KXHIGHNY-24DEC18-B47.5",
            "count": 29,
            "created_time": "2024-12-18T03:00:10.252539Z",
            "yes_price": 5,
            "no_price": 95,
            "taker_side": "no"
        },
        {
            "trade_id": "0a5a9a5e-d45e-4843-9af7-980270fb23bb",
            "ticker": "KXHIGHNY-24DEC18-B47.5",
            "count": 286,
            "created_time": "2024-12-18T03:00:10.252539Z",
            "yes_price": 6,
            "no_price": 94,
            "taker_side": "no"
        },
        {
            "trade_id": "2279175b-6239-4b9b-a982-e23f31df9025",
            "ticker": "KXHIGHNY-24DEC18-B47.5",
            "count": 78,
            "created_time": "2024-12-18T02:33:56.699344Z",
            "yes_price": 12,
            "no_price": 88,
            "taker_side": "yes"
        },
        {
            "trade_id": "b3c44c17-313c-45e0-b5fc-f5afa02d83fd",
            "ticker": "KXHIGHNY-24DEC18-B47.5",
            "count": 4,
            "created_time": "2024-12-18T02:24:53.347169Z",
            "yes_price": 12,
            "no_price": 88,
            "taker_side": "yes"
        },
        {
            "trade_id": "94a4bf7e-0d53-4ac1-9825-82871e36d3f7",
            "ticker": "KXHIGHNY-24DEC18-B47.5",
            "count": 24,
            "created_time": "2024-12-18T02:10:35.949925Z",
            "yes_price": 12,
            "no_price": 88,
            "taker_side": "no"
        },
        {
            "trade_id": "cfb9ef99-6f0f-4dac-8992-91015497c566",
            "ticker": "KXHIGHNY-24DEC18-B47.5",
            "count": 10,
            "created_time": "2024-12-18T01:27:58.635016Z",
            "yes_price": 15,
            "no_price": 85,
            "taker_side": "yes"
        },
        {
            "trade_id": "5de11bcc-cddf-403b-b3f9-6bf8dc46e8af",
            "ticker": "KXHIGHNY-24DEC18-B47.5",
            "count": 62,
            "created_time": "2024-12-18T01:10:57.791015Z",
            "yes_price": 15,
            "no_price": 85,
            "taker_side": "yes"
        },
        {
            "trade_id": "fb28c346-b49e-4bfd-9849-db9259b66c69",
            "ticker": "KXHIGHNY-24DEC18-B47.5",
            "count": 1,
            "created_time": "2024-12-18T00:49:17.690469Z",
            "yes_price": 12,
            "no_price": 88,
            "taker_side": "no"
        },
        {
            "trade_id": "e8764238-dbee-48d9-b0dd-7c72f9bcbdbf",
            "ticker": "KXHIGHNY-24DEC18-B47.5",
            "count": 169,
            "created_time": "2024-12-18T00:39:37.356867Z",
            "yes_price": 14,
            "no_price": 86,
            "taker_side": "yes"
        },
        {
            "trade_id": "55d93df0-9941-481c-9858-24ce6b99aba0",
            "ticker": "KXHIGHNY-24DEC18-B47.5",
            "count": 100,
            "created_time": "2024-12-18T00:39:37.356867Z",
            "yes_price": 13,
            "no_price": 87,
            "taker_side": "yes"
        },
        {
            "trade_id": "2639ed64-654b-409a-96ca-f9f5d8b53f31",
            "ticker": "KXHIGHNY-24DEC18-B47.5",
            "count": 50,
            "created_time": "2024-12-18T00:29:31.137077Z",
            "yes_price": 12,
            "no_price": 88,
            "taker_side": "yes"
        },
        {
            "trade_id": "21718075-6c04-442b-86f6-f1992e1cd73e",
            "ticker": "KXHIGHNY-24DEC18-B47.5",
            "count": 22,
            "created_time": "2024-12-18T00:24:32.96599Z",
            "yes_price": 11,
            "no_price": 89,
            "taker_side": "yes"
        },
        {
            "trade_id": "07e55307-0f31-4803-a73d-f6df013901a6",
            "ticker": "KXHIGHNY-24DEC18-B47.5",
            "count": 243,
            "created_time": "2024-12-18T00:24:32.96599Z",
            "yes_price": 11,
            "no_price": 89,
            "taker_side": "yes"
        },
        {
            "trade_id": "e3ecc637-5495-41e0-a721-38d6b7afcae6",
            "ticker": "KXHIGHNY-24DEC18-B47.5",
            "count": 42,
            "created_time": "2024-12-18T00:08:15.120322Z",
            "yes_price": 11,
            "no_price": 89,
            "taker_side": "yes"
        },
        {
            "trade_id": "f91d7c0c-cd4a-4cd3-88eb-8dd5166eda2e",
            "ticker": "KXHIGHNY-24DEC18-B47.5",
            "count": 18,
            "created_time": "2024-12-17T23:56:15.746996Z",
            "yes_price": 9,
            "no_price": 91,
            "taker_side": "no"
        },
        {
            "trade_id": "d4af2134-1257-472b-a5f2-65c8cd7d7fbb",
            "ticker": "KXHIGHNY-24DEC18-B47.5",
            "count": 42,
            "created_time": "2024-12-17T23:56:15.746996Z",
            "yes_price": 11,
            "no_price": 89,
            "taker_side": "no"
        },
        {
            "trade_id": "a7cae3fc-f363-4d49-92b9-e4a8c0f3ebfe",
            "ticker": "KXHIGHNY-24DEC18-B47.5",
            "count": 50,
            "created_time": "2024-12-17T23:56:15.746996Z",
            "yes_price": 9,
            "no_price": 91,
            "taker_side": "no"
        },
        {
            "trade_id": "367e6b38-3049-47f4-b876-b2e5851a941e",
            "ticker": "KXHIGHNY-24DEC18-B47.5",
            "count": 18,
            "created_time": "2024-12-17T23:15:57.576365Z",
            "yes_price": 13,
            "no_price": 87,
            "taker_side": "yes"
        },
        {
            "trade_id": "a800189c-447d-4b22-81c4-ea38d5543130",
            "ticker": "KXHIGHNY-24DEC18-B47.5",
            "count": 25,
            "created_time": "2024-12-17T22:53:10.211631Z",
            "yes_price": 13,
            "no_price": 87,
            "taker_side": "yes"
        },
        {
            "trade_id": "cd00e726-c6c1-463f-843d-1fe892acdea3",
            "ticker": "KXHIGHNY-24DEC18-B47.5",
            "count": 10,
            "created_time": "2024-12-17T22:33:35.959788Z",
            "yes_price": 15,
            "no_price": 85,
            "taker_side": "no"
        },
        {
            "trade_id": "32af2e96-bcbd-446c-b6ba-b94215eba43e",
            "ticker": "KXHIGHNY-24DEC18-B47.5",
            "count": 6,
            "created_time": "2024-12-17T22:33:35.959788Z",
            "yes_price": 16,
            "no_price": 84,
            "taker_side": "no"
        },
        {
            "trade_id": "2e622f96-a272-49de-ba5f-a8d267d57f2a",
            "ticker": "KXHIGHNY-24DEC18-B47.5",
            "count": 48,
            "created_time": "2024-12-17T22:30:33.758349Z",
            "yes_price": 18,
            "no_price": 82,
            "taker_side": "no"
        },
        {
            "trade_id": "eb0c1940-c6e6-49c4-b33d-525d2f83f20c",
            "ticker": "KXHIGHNY-24DEC18-B47.5",
            "count": 47,
            "created_time": "2024-12-17T22:30:33.677884Z",
            "yes_price": 19,
            "no_price": 81,
            "taker_side": "no"
        },
        {
            "trade_id": "0e43ec64-073b-4a52-984b-ac104d4b2e09",
            "ticker": "KXHIGHNY-24DEC18-B47.5",
            "count": 47,
            "created_time": "2024-12-17T22:30:33.677884Z",
            "yes_price": 19,
            "no_price": 81,
            "taker_side": "no"
        },
        {
            "trade_id": "d3c61233-6924-4c8e-8f0f-e3baeda1fec3",
            "ticker": "KXHIGHNY-24DEC18-B47.5",
            "count": 21,
            "created_time": "2024-12-17T22:27:46.164081Z",
            "yes_price": 22,
            "no_price": 78,
            "taker_side": "yes"
        },
        {
            "trade_id": "c7d9974e-a372-462b-94f9-4b467330d6cd",
            "ticker": "KXHIGHNY-24DEC18-B47.5",
            "count": 6,
            "created_time": "2024-12-17T21:05:51.359171Z",
            "yes_price": 28,
            "no_price": 72,
            "taker_side": "yes"
        },
        {
            "trade_id": "25e9c8aa-5712-43af-a0a5-ef149a88951d",
            "ticker": "KXHIGHNY-24DEC18-B47.5",
            "count": 37,
            "created_time": "2024-12-17T20:49:45.792276Z",
            "yes_price": 22,
            "no_price": 78,
            "taker_side": "no"
        },
        {
            "trade_id": "c1ec2782-3ef1-4b7a-b3b7-6dca4a370584",
            "ticker": "KXHIGHNY-24DEC18-B47.5",
            "count": 13,
            "created_time": "2024-12-17T19:42:37.224188Z",
            "yes_price": 19,
            "no_price": 81,
            "taker_side": "yes"
        },
        {
            "trade_id": "0b1b8b65-1122-48e9-8846-6f009270113c",
            "ticker": "KXHIGHNY-24DEC18-B47.5",
            "count": 1,
            "created_time": "2024-12-17T17:30:26.294052Z",
            "yes_price": 14,
            "no_price": 86,
            "taker_side": "no"
        },
        {
            "trade_id": "ad19bbc5-4090-4f62-8d91-6f51da78a3cd",
            "ticker": "KXHIGHNY-24DEC18-B47.5",
            "count": 100,
            "created_time": "2024-12-17T16:07:06.07644Z",
            "yes_price": 15,
            "no_price": 85,
            "taker_side": "yes"
        },
        {
            "trade_id": "002228e3-9fe0-48e1-b0bc-d9986147db75",
            "ticker": "KXHIGHNY-24DEC18-B47.5",
            "count": 100,
            "created_time": "2024-12-17T16:07:06.07644Z",
            "yes_price": 15,
            "no_price": 85,
            "taker_side": "yes"
        },
        {
            "trade_id": "47fc640f-c6f9-4c3f-aecc-abadfbf01533",
            "ticker": "KXHIGHNY-24DEC18-B47.5",
            "count": 33,
            "created_time": "2024-12-17T16:05:32.091646Z",
            "yes_price": 14,
            "no_price": 86,
            "taker_side": "yes"
        },
        {
            "trade_id": "ab87e2b0-cf54-41d1-ba40-5cd9a47be11b",
            "ticker": "KXHIGHNY-24DEC18-B47.5",
            "count": 13,
            "created_time": "2024-12-17T15:58:18.791115Z",
            "yes_price": 14,
            "no_price": 86,
            "taker_side": "yes"
        },
        {
            "trade_id": "0d1ef2b0-819d-4d9c-9c5b-d2124931edcd",
            "ticker": "KXHIGHNY-24DEC18-B47.5",
            "count": 22,
            "created_time": "2024-12-17T15:31:02.699109Z",
            "yes_price": 12,
            "no_price": 88,
            "taker_side": "no"
        }
    ],
    "KXHIGHNY-24DEC18-B49.5": [
        {
            "trade_id": "6ecdde0d-56cf-4ffe-800c-e568a7643295",
            "ticker": "KXHIGHNY-24DEC18-B49.5",
            "count": 11,
            "created_time": "2024-12-19T01:19:49.327142Z",
            "yes_price": 1,
            "no_price": 99,
            "taker_side": "yes"
        },
        {
            "trade_id": "43a48e90-3c83-46bb-a216-52fb07f2e347",
            "ticker": "KXHIGHNY-24DEC18-B49.5",
            "count": 93,
            "created_time": "2024-12-18T23:15:34.066091Z",
            "yes_price": 1,
            "no_price": 99,
            "taker_side": "yes"
        },
        {
            "trade_id": "dc473bf6-5a71-4bbc-92e8-c5a6214a57d8",
            "ticker": "KXHIGHNY-24DEC18-B49.5",
            "count": 935,
            "created_time": "2024-12-18T19:30:01.820032Z",
            "yes_price": 1,
            "no_price": 99,
            "taker_side": "yes"
        },
        {
            "trade_id": "177325f4-465b-4335-be31-833540ca18fb",
            "ticker": "KXHIGHNY-24DEC18-B49.5",
            "count": 3,
            "created_time": "2024-12-18T17:18:33.168739Z",
            "yes_price": 1,
            "no_price": 99,
            "taker_side": "yes"
        },
        {
            "trade_id": "0bc4d1d3-24fb-4c25-b8c4-0d103d0f497d",
            "ticker": "KXHIGHNY-24DEC18-B49.5",
            "count": 48,
            "created_time": "2024-12-18T15:58:23.005199Z",
            "yes_price": 1,
            "no_price": 99,
            "taker_side": "yes"
        },
        {
            "trade_id": "2f930511-caa6-4e5a-9c78-f588a9f99116",
            "ticker": "KXHIGHNY-24DEC18-B49.5",
            "count": 103,
            "created_time": "2024-12-18T15:54:25.926509Z",
            "yes_price": 1,
            "no_price": 99,
            "taker_side": "no"
        },
        {
            "trade_id": "37aadbac-f492-40c7-bb17-5cf424dfdcce",
            "ticker": "KXHIGHNY-24DEC18-B49.5",
            "count": 22,
            "created_time": "2024-12-18T15:44:36.130764Z",
            "yes_price": 1,
            "no_price": 99,
            "taker_side": "no"
        },
        {
            "trade_id": "8e39c48f-567a-42bd-88c9-a5c709cf52db",
            "ticker": "KXHIGHNY-24DEC18-B49.5",
            "count": 17,
            "created_time": "2024-12-18T15:44:27.882Z",
            "yes_price": 1,
            "no_price": 99,
            "taker_side": "no"
        },
        {
            "trade_id": "72c776f9-5d46-44a2-a767-128e21de561c",
            "ticker": "KXHIGHNY-24DEC18-B49.5",
            "count": 25,
            "created_time": "2024-12-18T15:41:58.839341Z",
            "yes_price": 1,
            "no_price": 99,
            "taker_side": "no"
        },
        {
            "trade_id": "65679435-ceb1-41d7-8526-e0b9592b7718",
            "ticker": "KXHIGHNY-24DEC18-B49.5",
            "count": 3,
            "created_time": "2024-12-18T15:38:57.947684Z",
            "yes_price": 1,
            "no_price": 99,
            "taker_side": "no"
        },
        {
            "trade_id": "dd42e397-c779-4879-8d8c-43233126c3d4",
            "ticker": "KXHIGHNY-24DEC18-B49.5",
            "count": 97,
            "created_time": "2024-12-18T15:38:57.552891Z",
            "yes_price": 1,
            "no_price": 99,
            "taker_side": "no"
        },
        {
            "trade_id": "60f1cf80-bbd9-4e4d-bb2a-bc71b4f142ad",
            "ticker": "KXHIGHNY-24DEC18-B49.5",
            "count": 10,
            "created_time": "2024-12-18T15:38:47.857432Z",
            "yes_price": 1,
            "no_price": 99,
            "taker_side": "no"
        },
        {
            "trade_id": "5d5bb31d-a814-4d2a-9dcf-19d1b4575805",
            "ticker": "KXHIGHNY-24DEC18-B49.5",
            "count": 10,
            "created_time": "2024-12-18T15:38:00.857318Z",
            "yes_price": 1,
            "no_price": 99,
            "taker_side": "no"
        },
        {
            "trade_id": "26d51f6e-3743-4208-b33e-0231acb39cdc",
            "ticker": "KXHIGHNY-24DEC18-B49.5",
            "count": 10,
            "created_time": "2024-12-18T15:37:48.000793Z",
            "yes_price": 1,
            "no_price": 99,
            "taker_side": "no"
        },
        {
            "trade_id": "1c5354b6-0d29-4264-9ea7-79f654b4009f",
            "ticker": "KXHIGHNY-24DEC18-B49.5",
            "count": 458,
            "created_time": "2024-12-18T15:35:19.329319Z",
            "yes_price": 1,
            "no_price": 99,
            "taker_side": "no"
        },
        {
            "trade_id": "1865ecc7-4ae3-4202-ab92-2b7026c31ec5",
            "ticker": "KXHIGHNY-24DEC18-B49.5",
            "count": 15,
            "created_time": "2024-12-18T15:30:12.889933Z",
            "yes_price": 4,
            "no_price": 96,
            "taker_side": "yes"
        },
        {
            "trade_id": "89f32038-c04d-4f6a-b0da-c8e04b8944fa",
            "ticker": "KXHIGHNY-24DEC18-B49.5",
            "count": 40,
            "created_time": "2024-12-18T15:26:35.742719Z",
            "yes_price": 1,
            "no_price": 99,
            "taker_side": "no"
        },
        {
            "trade_id": "db84760c-36f5-4a1d-b9c1-107300878710",
            "ticker": "KXHIGHNY-24DEC18-B49.5",
            "count": 1,
            "created_time": "2024-12-18T15:22:15.219974Z",
            "yes_price": 2,
            "no_price": 98,
            "taker_side": "no"
        },
        {
            "trade_id": "a6073ec7-1977-40b1-8ca6-0963940514b6",
            "ticker": "KXHIGHNY-24DEC18-B49.5",
            "count": 27,
            "created_time": "2024-12-18T15:21:32.684623Z",
            "yes_price": 2,
            "no_price": 98,
            "taker_side": "no"
        },
        {
            "trade_id": "69350c53-3292-406b-bb9d-c58d6a629f27",
            "ticker": "KXHIGHNY-24DEC18-B49.5",
            "count": 20,
            "created_time": "2024-12-18T15:20:15.510362Z",
            "yes_price": 1,
            "no_price": 99,
            "taker_side": "no"
        },
        {
            "trade_id": "902dedd8-7325-439d-8acb-37f279147132",
            "ticker": "KXHIGHNY-24DEC18-B49.5",
            "count": 3,
            "created_time": "2024-12-18T15:16:30.801125Z",
            "yes_price": 2,
            "no_price": 98,
            "taker_side": "no"
        },
        {
            "trade_id": "7fdbf133-594f-4093-bd53-681a7556759f",
            "ticker": "KXHIGHNY-24DEC18-B49.5",
            "count": 7,
            "created_time": "2024-12-18T15:16:00.037584Z",
            "yes_price": 1,
            "no_price": 99,
            "taker_side": "no"
        },
        {
            "trade_id": "f4853f87-7f84-4a49-939d-a45581fd3792",
            "ticker": "KXHIGHNY-24DEC18-B49.5",
            "count": 9,
            "created_time": "2024-12-18T15:13:50.575971Z",
            "yes_price": 2,
            "no_price": 98,
            "taker_side": "no"
        },
        {
            "trade_id": "d332270b-924f-4cb5-9999-a9c1e692f275",
            "ticker": "KXHIGHNY-24DEC18-B49.5",
            "count": 8,
            "created_time": "2024-12-18T15:13:50.575971Z",
            "yes_price": 1,
            "no_price": 99,
            "taker_side": "no"
        },
        {
            "trade_id": "60ee5ffb-797c-43b9-ae67-132988b8a806",
            "ticker": "KXHIGHNY-24DEC18-B49.5",
            "count": 80,
            "created_time": "2024-12-18T15:13:21.048795Z",
            "yes_price": 2,
            "no_price": 98,
            "taker_side": "no"
        },
        {
            "trade_id": "804bba3d-b14d-4b1c-ac48-12f6474a7636",
            "ticker": "KXHIGHNY-24DEC18-B49.5",
            "count": 11,
            "created_time": "2024-12-18T15:11:17.224079Z",
            "yes_price": 2,
            "no_price": 98,
            "taker_side": "no"
        },
        {
            "trade_id": "ed297909-18f6-4a58-b362-1df5b6365cfd",
            "ticker": "KXHIGHNY-24DEC18-B49.5",
            "count": 9,
            "created_time": "2024-12-18T15:09:53.421519Z",
            "yes_price": 1,
            "no_price": 99,
            "taker_side": "no"
        },
        {
            "trade_id": "5960e65a-1c3b-4d66-8672-ad505968461a",
            "ticker": "KXHIGHNY-24DEC18-B49.5",
            "count": 10,
            "created_time": "2024-12-18T15:09:53.38166Z",
            "yes_price": 1,
            "no_price": 99,
            "taker_side": "no"
        },
        {
            "trade_id": "17de0164-16fc-4197-bd89-ff41e5380992",
            "ticker": "KXHIGHNY-24DEC18-B49.5",
            "count": 84,
            "created_time": "2024-12-18T15:09:46.828083Z",
            "yes_price": 6,
            "no_price": 94,
            "taker_side": "yes"
        },
        {
            "trade_id": "21a3ae29-4fae-4be7-bf47-2b6fbb0da627",
            "ticker": "KXHIGHNY-24DEC18-B49.5",
            "count": 11,
            "created_time": "2024-12-18T15:09:46.283236Z",
            "yes_price": 2,
            "no_price": 98,
            "taker_side": "no"
        },
        {
            "trade_id": "f3dec935-8eba-4935-848c-91d525b722bd",
            "ticker": "KXHIGHNY-24DEC18-B49.5",
            "count": 80,
            "created_time": "2024-12-18T15:09:24.461572Z",
            "yes_price": 5,
            "no_price": 95,
            "taker_side": "yes"
        },
        {
            "trade_id": "dbdb1dad-d781-4740-b3dc-42044c187ede",
            "ticker": "KXHIGHNY-24DEC18-B49.5",
            "count": 29,
            "created_time": "2024-12-18T15:09:24.461572Z",
            "yes_price": 5,
            "no_price": 95,
            "taker_side": "yes"
        },
        {
            "trade_id": "cf4bdf8b-6a3a-4bb9-9052-e43cd627c66e",
            "ticker": "KXHIGHNY-24DEC18-B49.5",
            "count": 20,
            "created_time": "2024-12-18T15:09:24.461572Z",
            "yes_price": 5,
            "no_price": 95,
            "taker_side": "yes"
        },
        {
            "trade_id": "a17cd7ad-8a5e-46d0-b740-a9505b7b1b9f",
            "ticker": "KXHIGHNY-24DEC18-B49.5",
            "count": 22,
            "created_time": "2024-12-18T15:09:24.461572Z",
            "yes_price": 6,
            "no_price": 94,
            "taker_side": "yes"
        },
        {
            "trade_id": "e2b5fdf0-94e7-40d0-b85a-0f70f3bbb56b",
            "ticker": "KXHIGHNY-24DEC18-B49.5",
            "count": 100,
            "created_time": "2024-12-18T15:08:01.596774Z",
            "yes_price": 1,
            "no_price": 99,
            "taker_side": "no"
        },
        {
            "trade_id": "5888c0a6-fdc2-4c5e-a1a4-45272318e127",
            "ticker": "KXHIGHNY-24DEC18-B49.5",
            "count": 151,
            "created_time": "2024-12-18T15:08:01.596774Z",
            "yes_price": 1,
            "no_price": 99,
            "taker_side": "no"
        },
        {
            "trade_id": "d965376e-eb6e-428e-8526-fdccffb3fd5e",
            "ticker": "KXHIGHNY-24DEC18-B49.5",
            "count": 98,
            "created_time": "2024-12-18T15:00:30.148727Z",
            "yes_price": 5,
            "no_price": 95,
            "taker_side": "no"
        },
        {
            "trade_id": "6ac869c1-9b87-4528-8277-c36a1b5777df",
            "ticker": "KXHIGHNY-24DEC18-B49.5",
            "count": 2,
            "created_time": "2024-12-18T15:00:30.148727Z",
            "yes_price": 5,
            "no_price": 95,
            "taker_side": "no"
        },
        {
            "trade_id": "ba702036-735b-4688-af40-f6ac8fb64ad7",
            "ticker": "KXHIGHNY-24DEC18-B49.5",
            "count": 7,
            "created_time": "2024-12-18T14:56:44.010913Z",
            "yes_price": 6,
            "no_price": 94,
            "taker_side": "no"
        },
        {
            "trade_id": "4b4a98bc-e087-44b7-aaa3-d89a940510e2",
            "ticker": "KXHIGHNY-24DEC18-B49.5",
            "count": 45,
            "created_time": "2024-12-18T14:56:10.590514Z",
            "yes_price": 6,
            "no_price": 94,
            "taker_side": "no"
        },
        {
            "trade_id": "985becc8-3700-4951-a4bb-10de575b2b39",
            "ticker": "KXHIGHNY-24DEC18-B49.5",
            "count": 2,
            "created_time": "2024-12-18T14:48:15.305039Z",
            "yes_price": 5,
            "no_price": 95,
            "taker_side": "no"
        },
        {
            "trade_id": "cd9d171f-9c31-4320-a558-785fb1d3bcc0",
            "ticker": "KXHIGHNY-24DEC18-B49.5",
            "count": 10,
            "created_time": "2024-12-18T14:47:27.258582Z",
            "yes_price": 6,
            "no_price": 94,
            "taker_side": "no"
        },
        {
            "trade_id": "6df26a6f-4d76-4eab-92c3-27f83dfa90c2",
            "ticker": "KXHIGHNY-24DEC18-B49.5",
            "count": 60,
            "created_time": "2024-12-18T14:47:27.258582Z",
            "yes_price": 6,
            "no_price": 94,
            "taker_side": "no"
        },
        {
            "trade_id": "f555e0f0-bd6a-498c-be48-a09a2ec11b08",
            "ticker": "KXHIGHNY-24DEC18-B49.5",
            "count": 70,
            "created_time": "2024-12-18T14:43:26.155888Z",
            "yes_price": 15,
            "no_price": 85,
            "taker_side": "yes"
        },
        {
            "trade_id": "bdad9e8d-9497-43a4-8e3b-a3ee8dd2a019",
            "ticker": "KXHIGHNY-24DEC18-B49.5",
            "count": 20,
            "created_time": "2024-12-18T14:43:26.155888Z",
            "yes_price": 14,
            "no_price": 86,
            "taker_side": "yes"
        },
        {
            "trade_id": "bb3192ac-165d-4c82-954d-69833a92c640",
            "ticker": "KXHIGHNY-24DEC18-B49.5",
            "count": 127,
            "created_time": "2024-12-18T14:43:26.155888Z",
            "yes_price": 13,
            "no_price": 87,
            "taker_side": "yes"
        },
        {
            "trade_id": "2dd09e14-4a42-4781-a08b-c6cd3c1b812c",
            "ticker": "KXHIGHNY-24DEC18-B49.5",
            "count": 80,
            "created_time": "2024-12-18T14:43:26.155888Z",
            "yes_price": 12,
            "no_price": 88,
            "taker_side": "yes"
        },
        {
            "trade_id": "1a56d355-32a7-4f88-be01-5cef00ad9edb",
            "ticker": "KXHIGHNY-24DEC18-B49.5",
            "count": 63,
            "created_time": "2024-12-18T14:43:26.155888Z",
            "yes_price": 12,
            "no_price": 88,
            "taker_side": "yes"
        },
        {
            "trade_id": "a1263c86-769e-4786-97e3-70aa22a41c87",
            "ticker": "KXHIGHNY-24DEC18-B49.5",
            "count": 18,
            "created_time": "2024-12-18T14:42:35.548478Z",
            "yes_price": 11,
            "no_price": 89,
            "taker_side": "yes"
        },
        {
            "trade_id": "6eef631b-8cbb-4831-bd93-52eca26296ce",
            "ticker": "KXHIGHNY-24DEC18-B49.5",
            "count": 16,
            "created_time": "2024-12-18T14:42:35.548478Z",
            "yes_price": 11,
            "no_price": 89,
            "taker_side": "yes"
        },
        {
            "trade_id": "c3056db4-8be2-4cb0-a340-1d1fb79aa287",
            "ticker": "KXHIGHNY-24DEC18-B49.5",
            "count": 49,
            "created_time": "2024-12-18T14:38:53.570941Z",
            "yes_price": 11,
            "no_price": 89,
            "taker_side": "yes"
        },
        {
            "trade_id": "2a92e79f-a349-411f-afe8-c692efebe308",
            "ticker": "KXHIGHNY-24DEC18-B49.5",
            "count": 13,
            "created_time": "2024-12-18T14:38:53.570941Z",
            "yes_price": 11,
            "no_price": 89,
            "taker_side": "yes"
        },
        {
            "trade_id": "d4ce81c2-dfa8-43ce-b70a-98d9e11d83a1",
            "ticker": "KXHIGHNY-24DEC18-B49.5",
            "count": 11,
            "created_time": "2024-12-18T14:34:33.313269Z",
            "yes_price": 7,
            "no_price": 93,
            "taker_side": "yes"
        },
        {
            "trade_id": "b6f56530-ee9e-4fbc-9414-640d8ea241c3",
            "ticker": "KXHIGHNY-24DEC18-B49.5",
            "count": 200,
            "created_time": "2024-12-18T14:34:33.313269Z",
            "yes_price": 8,
            "no_price": 92,
            "taker_side": "yes"
        },
        {
            "trade_id": "4efb3297-0c76-4041-acd1-0dfbb81cb0d2",
            "ticker": "KXHIGHNY-24DEC18-B49.5",
            "count": 5,
            "created_time": "2024-12-18T14:34:33.313269Z",
            "yes_price": 13,
            "no_price": 87,
            "taker_side": "yes"
        },
        {
            "trade_id": "4b3439c9-61c7-4bdd-be49-45bc578ee9cf",
            "ticker": "KXHIGHNY-24DEC18-B49.5",
            "count": 18,
            "created_time": "2024-12-18T14:34:33.313269Z",
            "yes_price": 7,
            "no_price": 93,
            "taker_side": "yes"
        },
        {
            "trade_id": "905fc3d1-367d-46ed-9d57-987fe9e62afa",
            "ticker": "KXHIGHNY-24DEC18-B49.5",
            "count": 8,
            "created_time": "2024-12-18T14:31:08.405041Z",
            "yes_price": 7,
            "no_price": 93,
            "taker_side": "yes"
        },
        {
            "trade_id": "fa908a05-df17-48f5-839d-76eb0f4a5da2",
            "ticker": "KXHIGHNY-24DEC18-B49.5",
            "count": 13,
            "created_time": "2024-12-18T14:25:57.562149Z",
            "yes_price": 8,
            "no_price": 92,
            "taker_side": "yes"
        },
        {
            "trade_id": "d1875243-b52a-4869-8e77-86bf53f57237",
            "ticker": "KXHIGHNY-24DEC18-B49.5",
            "count": 8,
            "created_time": "2024-12-18T14:25:57.562149Z",
            "yes_price": 11,
            "no_price": 89,
            "taker_side": "yes"
        },
        {
            "trade_id": "21016212-d17b-427e-8ad5-23557517c3c1",
            "ticker": "KXHIGHNY-24DEC18-B49.5",
            "count": 8,
            "created_time": "2024-12-18T14:25:57.562149Z",
            "yes_price": 13,
            "no_price": 87,
            "taker_side": "yes"
        },
        {
            "trade_id": "0d25e9e2-80bc-4214-a2f3-59ec15cc6cf5",
            "ticker": "KXHIGHNY-24DEC18-B49.5",
            "count": 16,
            "created_time": "2024-12-18T14:25:57.562149Z",
            "yes_price": 10,
            "no_price": 90,
            "taker_side": "yes"
        },
        {
            "trade_id": "1f2bd837-7f14-465b-82bd-525310138170",
            "ticker": "KXHIGHNY-24DEC18-B49.5",
            "count": 3,
            "created_time": "2024-12-18T14:24:56.173249Z",
            "yes_price": 2,
            "no_price": 98,
            "taker_side": "no"
        },
        {
            "trade_id": "1571ab74-bbae-4393-8e4c-6cbab3feef5b",
            "ticker": "KXHIGHNY-24DEC18-B49.5",
            "count": 47,
            "created_time": "2024-12-18T14:24:56.068824Z",
            "yes_price": 2,
            "no_price": 98,
            "taker_side": "no"
        },
        {
            "trade_id": "b2516241-b76c-482f-ae46-3019e06ded1d",
            "ticker": "KXHIGHNY-24DEC18-B49.5",
            "count": 10,
            "created_time": "2024-12-18T14:20:31.877341Z",
            "yes_price": 2,
            "no_price": 98,
            "taker_side": "no"
        },
        {
            "trade_id": "9f33b129-e499-44bd-8ad8-323bcc22a329",
            "ticker": "KXHIGHNY-24DEC18-B49.5",
            "count": 72,
            "created_time": "2024-12-18T14:08:30.473459Z",
            "yes_price": 8,
            "no_price": 92,
            "taker_side": "yes"
        },
        {
            "trade_id": "99e99c93-4c99-4c01-bf3f-ea961e435bd2",
            "ticker": "KXHIGHNY-24DEC18-B49.5",
            "count": 9,
            "created_time": "2024-12-18T14:04:14.87026Z",
            "yes_price": 8,
            "no_price": 92,
            "taker_side": "yes"
        },
        {
            "trade_id": "c085ff23-3948-4d84-b1c2-8fca2d4b0c1c",
            "ticker": "KXHIGHNY-24DEC18-B49.5",
            "count": 5,
            "created_time": "2024-12-18T14:02:32.253031Z",
            "yes_price": 7,
            "no_price": 93,
            "taker_side": "no"
        },
        {
            "trade_id": "1c9321d0-7e24-4ab9-9b0f-3f11f2e62cdd",
            "ticker": "KXHIGHNY-24DEC18-B49.5",
            "count": 19,
            "created_time": "2024-12-18T14:01:43.018003Z",
            "yes_price": 8,
            "no_price": 92,
            "taker_side": "no"
        },
        {
            "trade_id": "25a79939-b6f6-4220-aec0-6f4a202f08d4",
            "ticker": "KXHIGHNY-24DEC18-B49.5",
            "count": 19,
            "created_time": "2024-12-18T13:57:22.640647Z",
            "yes_price": 10,
            "no_price": 90,
            "taker_side": "yes"
        },
        {
            "trade_id": "eb1e4bf1-307a-4e95-bf04-e895c746d373",
            "ticker": "KXHIGHNY-24DEC18-B49.5",
            "count": 41,
            "created_time": "2024-12-18T13:50:30.89295Z",
            "yes_price": 10,
            "no_price": 90,
            "taker_side": "yes"
        },
        {
            "trade_id": "42ffc223-145d-4868-bc8e-bd2c9e93fd83",
            "ticker": "KXHIGHNY-24DEC18-B49.5",
            "count": 202,
            "created_time": "2024-12-18T13:46:22.71354Z",
            "yes_price": 9,
            "no_price": 91,
            "taker_side": "no"
        },
        {
            "trade_id": "d99da481-933a-470e-ba4a-986d9bfd6967",
            "ticker": "KXHIGHNY-24DEC18-B49.5",
            "count": 215,
            "created_time": "2024-12-18T13:45:37.565087Z",
            "yes_price": 10,
            "no_price": 90,
            "taker_side": "no"
        },
        {
            "trade_id": "f473c13c-e349-4cb9-b202-4e1efc4980df",
            "ticker": "KXHIGHNY-24DEC18-B49.5",
            "count": 150,
            "created_time": "2024-12-18T13:44:28.695936Z",
            "yes_price": 12,
            "no_price": 88,
            "taker_side": "no"
        },
        {
            "trade_id": "73d671a8-cf76-4f98-9117-4f3aebd6f540",
            "ticker": "KXHIGHNY-24DEC18-B49.5",
            "count": 100,
            "created_time": "2024-12-18T13:44:28.695936Z",
            "yes_price": 11,
            "no_price": 89,
            "taker_side": "no"
        },
        {
            "trade_id": "59e1790c-bb55-498e-951b-05b64ca43b8d",
            "ticker": "KXHIGHNY-24DEC18-B49.5",
            "count": 5,
            "created_time": "2024-12-18T13:26:42.970819Z",
            "yes_price": 18,
            "no_price": 82,
            "taker_side": "yes"
        },
        {
            "trade_id": "70e3ed71-5d97-4c01-a64b-3f2dba1e4119",
            "ticker": "KXHIGHNY-24DEC18-B49.5",
            "count": 5,
            "created_time": "2024-12-18T13:26:17.372896Z",
            "yes_price": 18,
            "no_price": 82,
            "taker_side": "yes"
        },
        {
            "trade_id": "fda33ec8-ef60-4bfe-9e95-a36912da7839",
            "ticker": "KXHIGHNY-24DEC18-B49.5",
            "count": 83,
            "created_time": "2024-12-18T13:25:44.574532Z",
            "yes_price": 14,
            "no_price": 86,
            "taker_side": "no"
        },
        {
            "trade_id": "a1b18a91-6a18-4f8d-86a8-d44c914c290f",
            "ticker": "KXHIGHNY-24DEC18-B49.5",
            "count": 33,
            "created_time": "2024-12-18T13:25:44.574532Z",
            "yes_price": 13,
            "no_price": 87,
            "taker_side": "no"
        },
        {
            "trade_id": "983cd1ef-4b1b-4da1-9fa2-cf39f9aab44c",
            "ticker": "KXHIGHNY-24DEC18-B49.5",
            "count": 50,
            "created_time": "2024-12-18T13:25:44.574532Z",
            "yes_price": 13,
            "no_price": 87,
            "taker_side": "no"
        },
        {
            "trade_id": "0f6845eb-d598-4411-8ec0-4d92fe3fe951",
            "ticker": "KXHIGHNY-24DEC18-B49.5",
            "count": 67,
            "created_time": "2024-12-18T13:25:02.612674Z",
            "yes_price": 14,
            "no_price": 86,
            "taker_side": "no"
        },
        {
            "trade_id": "d585e7b6-eec8-498a-81e4-5e8ae031e5c8",
            "ticker": "KXHIGHNY-24DEC18-B49.5",
            "count": 8,
            "created_time": "2024-12-18T13:22:11.340914Z",
            "yes_price": 15,
            "no_price": 85,
            "taker_side": "no"
        },
        {
            "trade_id": "71b11898-e88a-4c26-8bdd-1e99d81f1f5a",
            "ticker": "KXHIGHNY-24DEC18-B49.5",
            "count": 2,
            "created_time": "2024-12-18T13:20:43.015818Z",
            "yes_price": 15,
            "no_price": 85,
            "taker_side": "no"
        },
        {
            "trade_id": "5d01b081-fb5c-4d39-889b-29f75f390fb7",
            "ticker": "KXHIGHNY-24DEC18-B49.5",
            "count": 19,
            "created_time": "2024-12-18T13:20:43.015818Z",
            "yes_price": 17,
            "no_price": 83,
            "taker_side": "no"
        },
        {
            "trade_id": "56ff0653-15f2-4d1d-8d54-6ca59d3cb771",
            "ticker": "KXHIGHNY-24DEC18-B49.5",
            "count": 13,
            "created_time": "2024-12-18T13:20:07.720304Z",
            "yes_price": 17,
            "no_price": 83,
            "taker_side": "no"
        },
        {
            "trade_id": "fabe64b8-9cd3-4ffc-b258-155951353236",
            "ticker": "KXHIGHNY-24DEC18-B49.5",
            "count": 3,
            "created_time": "2024-12-18T13:14:36.945526Z",
            "yes_price": 19,
            "no_price": 81,
            "taker_side": "no"
        },
        {
            "trade_id": "88281e39-03b6-4411-80d7-dde2d62e53d2",
            "ticker": "KXHIGHNY-24DEC18-B49.5",
            "count": 18,
            "created_time": "2024-12-18T13:14:36.945526Z",
            "yes_price": 17,
            "no_price": 83,
            "taker_side": "no"
        },
        {
            "trade_id": "1639d2d7-9a55-441b-818d-98b7e4c66c50",
            "ticker": "KXHIGHNY-24DEC18-B49.5",
            "count": 24,
            "created_time": "2024-12-18T13:12:46.577844Z",
            "yes_price": 19,
            "no_price": 81,
            "taker_side": "no"
        },
        {
            "trade_id": "110db26e-dc7a-4db9-8d44-e49a4ba8e481",
            "ticker": "KXHIGHNY-24DEC18-B49.5",
            "count": 50,
            "created_time": "2024-12-18T13:12:26.455287Z",
            "yes_price": 20,
            "no_price": 80,
            "taker_side": "no"
        },
        {
            "trade_id": "07667d39-5308-4022-b7fa-77ddcf219878",
            "ticker": "KXHIGHNY-24DEC18-B49.5",
            "count": 37,
            "created_time": "2024-12-18T13:12:26.455287Z",
            "yes_price": 20,
            "no_price": 80,
            "taker_side": "no"
        },
        {
            "trade_id": "6c6ed86b-fe0b-49a6-91fb-bd33083580e5",
            "ticker": "KXHIGHNY-24DEC18-B49.5",
            "count": 777,
            "created_time": "2024-12-18T13:09:02.947572Z",
            "yes_price": 20,
            "no_price": 80,
            "taker_side": "no"
        },
        {
            "trade_id": "1ccc6ad4-cc70-48c7-8e83-2d48b9330e15",
            "ticker": "KXHIGHNY-24DEC18-B49.5",
            "count": 25,
            "created_time": "2024-12-18T13:08:24.696407Z",
            "yes_price": 21,
            "no_price": 79,
            "taker_side": "no"
        },
        {
            "trade_id": "1068fba9-2949-4db7-93da-06671cf71c69",
            "ticker": "KXHIGHNY-24DEC18-B49.5",
            "count": 61,
            "created_time": "2024-12-18T13:07:56.819353Z",
            "yes_price": 20,
            "no_price": 80,
            "taker_side": "no"
        },
        {
            "trade_id": "0ab3b2d9-96bf-41d9-859e-40d06ba5eec0",
            "ticker": "KXHIGHNY-24DEC18-B49.5",
            "count": 100,
            "created_time": "2024-12-18T13:07:09.767509Z",
            "yes_price": 21,
            "no_price": 79,
            "taker_side": "no"
        },
        {
            "trade_id": "0b81849d-01ce-4621-adc2-14f60462092e",
            "ticker": "KXHIGHNY-24DEC18-B49.5",
            "count": 125,
            "created_time": "2024-12-18T13:06:06.493818Z",
            "yes_price": 20,
            "no_price": 80,
            "taker_side": "no"
        },
        {
            "trade_id": "143d0101-f933-48d6-af8c-1a4f6fa98ff3",
            "ticker": "KXHIGHNY-24DEC18-B49.5",
            "count": 113,
            "created_time": "2024-12-18T13:05:40.436455Z",
            "yes_price": 21,
            "no_price": 79,
            "taker_side": "no"
        },
        {
            "trade_id": "9280c9d3-07ff-4340-bc52-e6b1c419adf6",
            "ticker": "KXHIGHNY-24DEC18-B49.5",
            "count": 80,
            "created_time": "2024-12-18T13:05:31.857026Z",
            "yes_price": 25,
            "no_price": 75,
            "taker_side": "no"
        },
        {
            "trade_id": "2b1faf27-0722-4bd9-bee8-57b3f769d66f",
            "ticker": "KXHIGHNY-24DEC18-B49.5",
            "count": 80,
            "created_time": "2024-12-18T13:05:27.137496Z",
            "yes_price": 27,
            "no_price": 73,
            "taker_side": "no"
        },
        {
            "trade_id": "acf8845d-0223-4560-820c-9ed1b4ff4f1f",
            "ticker": "KXHIGHNY-24DEC18-B49.5",
            "count": 80,
            "created_time": "2024-12-18T13:05:21.046456Z",
            "yes_price": 27,
            "no_price": 73,
            "taker_side": "no"
        },
        {
            "trade_id": "e7343413-13cd-44b0-8d26-f5ab3efa1ebd",
            "ticker": "KXHIGHNY-24DEC18-B49.5",
            "count": 50,
            "created_time": "2024-12-18T13:05:09.144207Z",
            "yes_price": 29,
            "no_price": 71,
            "taker_side": "no"
        },
        {
            "trade_id": "bfc391d9-c38e-42b1-8ef1-db7d5faa3604",
            "ticker": "KXHIGHNY-24DEC18-B49.5",
            "count": 100,
            "created_time": "2024-12-18T13:05:03.695107Z",
            "yes_price": 30,
            "no_price": 70,
            "taker_side": "no"
        },
        {
            "trade_id": "7b367091-cc00-46de-94fd-347c0788f82d",
            "ticker": "KXHIGHNY-24DEC18-B49.5",
            "count": 100,
            "created_time": "2024-12-18T13:04:56.736736Z",
            "yes_price": 30,
            "no_price": 70,
            "taker_side": "no"
        },
        {
            "trade_id": "2126a235-ab6c-4c6c-9dba-fde12b3d3c5e",
            "ticker": "KXHIGHNY-24DEC18-B49.5",
            "count": 100,
            "created_time": "2024-12-18T13:04:56.736736Z",
            "yes_price": 31,
            "no_price": 69,
            "taker_side": "no"
        },
        {
            "trade_id": "5be31082-c95c-4dcf-9876-7982ec025688",
            "ticker": "KXHIGHNY-24DEC18-B49.5",
            "count": 100,
            "created_time": "2024-12-18T13:04:52.079207Z",
            "yes_price": 31,
            "no_price": 69,
            "taker_side": "no"
        },
        {
            "trade_id": "0d80e7a0-c581-41d3-8c13-acc4fe72865d",
            "ticker": "KXHIGHNY-24DEC18-B49.5",
            "count": 3,
            "created_time": "2024-12-18T13:04:47.682567Z",
            "yes_price": 35,
            "no_price": 65,
            "taker_side": "no"
        },
        {
            "trade_id": "55ff158f-0a76-4642-9542-95e428033439",
            "ticker": "KXHIGHNY-24DEC18-B49.5",
            "count": 15,
            "created_time": "2024-12-18T13:04:13.909634Z",
            "yes_price": 35,
            "no_price": 65,
            "taker_side": "no"
        },
        {
            "trade_id": "2a9f3877-75d7-4828-b676-e13f5b3a2ce4",
            "ticker": "KXHIGHNY-24DEC18-B49.5",
            "count": 10,
            "created_time": "2024-12-18T13:04:05.217754Z",
            "yes_price": 35,
            "no_price": 65,
            "taker_side": "no"
        },
        {
            "trade_id": "d520a03c-58f1-49c0-b353-46ad3e59d8ef",
            "ticker": "KXHIGHNY-24DEC18-B49.5",
            "count": 15,
            "created_time": "2024-12-18T13:02:50.285654Z",
            "yes_price": 35,
            "no_price": 65,
            "taker_side": "no"
        },
        {
            "trade_id": "eaab2019-1f19-4aa0-b617-e0edf921780d",
            "ticker": "KXHIGHNY-24DEC18-B49.5",
            "count": 21,
            "created_time": "2024-12-18T13:02:37.857196Z",
            "yes_price": 35,
            "no_price": 65,
            "taker_side": "no"
        },
        {
            "trade_id": "8d613170-f59b-49e5-b7bd-e9d53a4c440e",
            "ticker": "KXHIGHNY-24DEC18-B49.5",
            "count": 8,
            "created_time": "2024-12-18T13:01:45.75052Z",
            "yes_price": 36,
            "no_price": 64,
            "taker_side": "no"
        },
        {
            "trade_id": "79933a35-9d35-4159-88c0-c9ea4547eb4c",
            "ticker": "KXHIGHNY-24DEC18-B49.5",
            "count": 50,
            "created_time": "2024-12-18T13:01:34.739021Z",
            "yes_price": 37,
            "no_price": 63,
            "taker_side": "no"
        },
        {
            "trade_id": "58789405-d322-4dbb-8105-fc5de3530e0c",
            "ticker": "KXHIGHNY-24DEC18-B49.5",
            "count": 26,
            "created_time": "2024-12-18T13:01:24.615415Z",
            "yes_price": 42,
            "no_price": 58,
            "taker_side": "no"
        },
        {
            "trade_id": "35b4536d-6441-4373-95ae-1b9cae270e0e",
            "ticker": "KXHIGHNY-24DEC18-B49.5",
            "count": 14,
            "created_time": "2024-12-18T13:01:24.615415Z",
            "yes_price": 39,
            "no_price": 61,
            "taker_side": "no"
        },
        {
            "trade_id": "a0ce9f1a-60f4-4811-a808-aeda3cdc8f86",
            "ticker": "KXHIGHNY-24DEC18-B49.5",
            "count": 62,
            "created_time": "2024-12-18T13:01:18.956507Z",
            "yes_price": 43,
            "no_price": 57,
            "taker_side": "yes"
        },
        {
            "trade_id": "6f06b8e4-6ce4-4601-ab59-29d2a7739dc1",
            "ticker": "KXHIGHNY-24DEC18-B49.5",
            "count": 35,
            "created_time": "2024-12-18T13:01:18.956507Z",
            "yes_price": 44,
            "no_price": 56,
            "taker_side": "yes"
        },
        {
            "trade_id": "f6469755-6ad3-4a42-a0c6-fc8eadaf0358",
            "ticker": "KXHIGHNY-24DEC18-B49.5",
            "count": 51,
            "created_time": "2024-12-18T13:01:09.712538Z",
            "yes_price": 35,
            "no_price": 65,
            "taker_side": "no"
        },
        {
            "trade_id": "90bffc6a-21d1-46d2-ab07-c4d66eb11301",
            "ticker": "KXHIGHNY-24DEC18-B49.5",
            "count": 100,
            "created_time": "2024-12-18T13:01:09.712538Z",
            "yes_price": 36,
            "no_price": 64,
            "taker_side": "no"
        },
        {
            "trade_id": "e9e898ec-1b23-48b2-b339-f72fbf7f67a1",
            "ticker": "KXHIGHNY-24DEC18-B49.5",
            "count": 47,
            "created_time": "2024-12-18T13:00:57.430157Z",
            "yes_price": 38,
            "no_price": 62,
            "taker_side": "no"
        },
        {
            "trade_id": "c32d69e4-ad6e-4537-a4e7-045e6a972ecc",
            "ticker": "KXHIGHNY-24DEC18-B49.5",
            "count": 35,
            "created_time": "2024-12-18T13:00:57.430157Z",
            "yes_price": 38,
            "no_price": 62,
            "taker_side": "no"
        },
        {
            "trade_id": "0d6f3970-9139-44a9-a766-22b99e51ea4f",
            "ticker": "KXHIGHNY-24DEC18-B49.5",
            "count": 30,
            "created_time": "2024-12-18T13:00:33.770442Z",
            "yes_price": 44,
            "no_price": 56,
            "taker_side": "yes"
        },
        {
            "trade_id": "29d93700-cc13-45a9-903a-896ba131ce47",
            "ticker": "KXHIGHNY-24DEC18-B49.5",
            "count": 57,
            "created_time": "2024-12-18T13:00:22.405548Z",
            "yes_price": 21,
            "no_price": 79,
            "taker_side": "no"
        },
        {
            "trade_id": "f5862f1b-daf8-466b-94b3-01fc18930883",
            "ticker": "KXHIGHNY-24DEC18-B49.5",
            "count": 10,
            "created_time": "2024-12-18T07:48:44.625219Z",
            "yes_price": 39,
            "no_price": 61,
            "taker_side": "no"
        },
        {
            "trade_id": "6e78a31a-cf39-418a-9156-a44ee091cc5a",
            "ticker": "KXHIGHNY-24DEC18-B49.5",
            "count": 17,
            "created_time": "2024-12-18T07:48:44.625219Z",
            "yes_price": 40,
            "no_price": 60,
            "taker_side": "no"
        },
        {
            "trade_id": "0b78023e-a263-4e33-8435-e01841a42944",
            "ticker": "KXHIGHNY-24DEC18-B49.5",
            "count": 10,
            "created_time": "2024-12-18T07:48:44.625219Z",
            "yes_price": 41,
            "no_price": 59,
            "taker_side": "no"
        },
        {
            "trade_id": "52635e4e-4701-4fe8-8a99-ff9ddfe3038e",
            "ticker": "KXHIGHNY-24DEC18-B49.5",
            "count": 42,
            "created_time": "2024-12-18T07:38:48.628043Z",
            "yes_price": 45,
            "no_price": 55,
            "taker_side": "yes"
        },
        {
            "trade_id": "8f13eafb-2e84-4903-8019-dddcc71466ad",
            "ticker": "KXHIGHNY-24DEC18-B49.5",
            "count": 21,
            "created_time": "2024-12-18T07:19:13.905162Z",
            "yes_price": 45,
            "no_price": 55,
            "taker_side": "yes"
        },
        {
            "trade_id": "66577011-bea4-4986-b533-4dc8290569e7",
            "ticker": "KXHIGHNY-24DEC18-B49.5",
            "count": 2,
            "created_time": "2024-12-18T06:35:59.409396Z",
            "yes_price": 44,
            "no_price": 56,
            "taker_side": "yes"
        },
        {
            "trade_id": "e98001bc-cbd4-4086-8ad7-c2c04e38dd14",
            "ticker": "KXHIGHNY-24DEC18-B49.5",
            "count": 21,
            "created_time": "2024-12-18T06:30:38.528459Z",
            "yes_price": 43,
            "no_price": 57,
            "taker_side": "yes"
        },
        {
            "trade_id": "b14f1998-f15c-4380-a2fd-3adafc6d6e39",
            "ticker": "KXHIGHNY-24DEC18-B49.5",
            "count": 13,
            "created_time": "2024-12-18T06:28:42.38508Z",
            "yes_price": 44,
            "no_price": 56,
            "taker_side": "yes"
        },
        {
            "trade_id": "ec68ee08-8e60-4606-b807-3c1e8c50b9a9",
            "ticker": "KXHIGHNY-24DEC18-B49.5",
            "count": 48,
            "created_time": "2024-12-18T06:27:26.145417Z",
            "yes_price": 52,
            "no_price": 48,
            "taker_side": "no"
        },
        {
            "trade_id": "0118aa5e-f60e-4623-abf1-dc52452f84c4",
            "ticker": "KXHIGHNY-24DEC18-B49.5",
            "count": 31,
            "created_time": "2024-12-18T06:27:26.145417Z",
            "yes_price": 54,
            "no_price": 46,
            "taker_side": "no"
        },
        {
            "trade_id": "98585133-4e67-4c33-acbe-2411cfcfe6fd",
            "ticker": "KXHIGHNY-24DEC18-B49.5",
            "count": 15,
            "created_time": "2024-12-18T06:27:26.076687Z",
            "yes_price": 54,
            "no_price": 46,
            "taker_side": "no"
        },
        {
            "trade_id": "6b1fffbb-5431-4bd8-8824-e2a78ebe0569",
            "ticker": "KXHIGHNY-24DEC18-B49.5",
            "count": 85,
            "created_time": "2024-12-18T06:27:26.076687Z",
            "yes_price": 55,
            "no_price": 45,
            "taker_side": "no"
        },
        {
            "trade_id": "f5602d4a-c9b2-4a2f-a5f7-5edbee8b28b3",
            "ticker": "KXHIGHNY-24DEC18-B49.5",
            "count": 44,
            "created_time": "2024-12-18T06:27:25.995831Z",
            "yes_price": 55,
            "no_price": 45,
            "taker_side": "no"
        },
        {
            "trade_id": "d3fe26c2-a6c4-47cc-9f74-86fe8bb1d7ec",
            "ticker": "KXHIGHNY-24DEC18-B49.5",
            "count": 24,
            "created_time": "2024-12-18T06:27:25.995831Z",
            "yes_price": 61,
            "no_price": 39,
            "taker_side": "no"
        },
        {
            "trade_id": "61064054-9cf1-4e3d-a972-9e4c49de564e",
            "ticker": "KXHIGHNY-24DEC18-B49.5",
            "count": 8,
            "created_time": "2024-12-18T06:27:25.995831Z",
            "yes_price": 60,
            "no_price": 40,
            "taker_side": "no"
        },
        {
            "trade_id": "2d05886f-15c6-4c85-94a5-6c20b5624d43",
            "ticker": "KXHIGHNY-24DEC18-B49.5",
            "count": 24,
            "created_time": "2024-12-18T06:27:25.995831Z",
            "yes_price": 61,
            "no_price": 39,
            "taker_side": "no"
        },
        {
            "trade_id": "85a8ddd0-e7f5-489c-862a-df264b762f37",
            "ticker": "KXHIGHNY-24DEC18-B49.5",
            "count": 10,
            "created_time": "2024-12-18T06:24:09.517903Z",
            "yes_price": 62,
            "no_price": 38,
            "taker_side": "no"
        },
        {
            "trade_id": "3c2252e2-0e83-4382-8a81-8d097ffdad0c",
            "ticker": "KXHIGHNY-24DEC18-B49.5",
            "count": 5,
            "created_time": "2024-12-18T06:24:09.517903Z",
            "yes_price": 57,
            "no_price": 43,
            "taker_side": "no"
        },
        {
            "trade_id": "b5a63af7-1e74-45b7-b432-67bbd5eef5f2",
            "ticker": "KXHIGHNY-24DEC18-B49.5",
            "count": 2,
            "created_time": "2024-12-18T06:17:39.593014Z",
            "yes_price": 62,
            "no_price": 38,
            "taker_side": "no"
        },
        {
            "trade_id": "df8b7c3c-cd24-49ff-999b-67fb1f1a7146",
            "ticker": "KXHIGHNY-24DEC18-B49.5",
            "count": 6,
            "created_time": "2024-12-18T06:14:51.27971Z",
            "yes_price": 62,
            "no_price": 38,
            "taker_side": "no"
        },
        {
            "trade_id": "36c3158d-3219-408c-a95a-da16fd369450",
            "ticker": "KXHIGHNY-24DEC18-B49.5",
            "count": 5,
            "created_time": "2024-12-18T06:13:46.007203Z",
            "yes_price": 62,
            "no_price": 38,
            "taker_side": "no"
        },
        {
            "trade_id": "18a1858f-ca04-4aea-98e9-620fe7228d1a",
            "ticker": "KXHIGHNY-24DEC18-B49.5",
            "count": 1,
            "created_time": "2024-12-18T06:06:43.716667Z",
            "yes_price": 62,
            "no_price": 38,
            "taker_side": "no"
        },
        {
            "trade_id": "2a24235e-6d15-4935-89da-7345796c6729",
            "ticker": "KXHIGHNY-24DEC18-B49.5",
            "count": 6,
            "created_time": "2024-12-18T06:00:23.880925Z",
            "yes_price": 56,
            "no_price": 44,
            "taker_side": "no"
        },
        {
            "trade_id": "4bedb324-a51e-4df8-8efc-8a15bc25b275",
            "ticker": "KXHIGHNY-24DEC18-B49.5",
            "count": 35,
            "created_time": "2024-12-18T05:59:58.323328Z",
            "yes_price": 57,
            "no_price": 43,
            "taker_side": "no"
