{
    "HIGHNY-24JAN29-T38": [
        {
            "trade_id": "669b6400-d024-4896-9d83-412b966452a3",
            "ticker": "HIGHNY-24JAN29-T38",
            "count": 1,
            "created_time": "2024-01-28T17:30:20.820231Z",
            "yes_price": 9,
            "no_price": 91,
            "taker_side": "yes"
        }
    ],
    "HIGHNY-24JAN29-B38.5": [],
    "HIGHNY-24JAN29-B40.5": [
        {
            "trade_id": "6c479da2-319d-4948-b850-d6fb18ba0779",
            "ticker": "HIGHNY-24JAN29-B40.5",
            "count": 98,
            "created_time": "2024-01-30T01:00:03.949636Z",
            "yes_price": 99,
            "no_price": 1,
            "taker_side": "yes"
        },
        {
            "trade_id": "18d0f995-0344-4087-a53d-6a33161474b6",
            "ticker": "HIGHNY-24JAN29-B40.5",
            "count": 1,
            "created_time": "2024-01-29T20:42:33.144152Z",
            "yes_price": 98,
            "no_price": 2,
            "taker_side": "yes"
        },
        {
            "trade_id": "f7a66a49-1697-4064-a0b1-925dc6698ecd",
            "ticker": "HIGHNY-24JAN29-B40.5",
            "count": 13,
            "created_time": "2024-01-29T15:00:23.610552Z",
            "yes_price": 35,
            "no_price": 65,
            "taker_side": "yes"
        },
        {
            "trade_id": "e4264d22-838b-4e2b-90f0-b1c5f79a79e0",
            "ticker": "HIGHNY-24JAN29-B40.5",
            "count": 9,
            "created_time": "2024-01-29T14:19:11.699566Z",
            "yes_price": 31,
            "no_price": 69,
            "taker_side": "yes"
        },
        {
            "trade_id": "6bb86a47-8637-41e3-ad30-bee86a3ae31b",
            "ticker": "HIGHNY-24JAN29-B40.5",
            "count": 31,
            "created_time": "2024-01-29T14:13:05.09315Z",
            "yes_price": 23,
            "no_price": 77,
            "taker_side": "no"
        },
        {
            "trade_id": "657eb0b7-8faf-49b9-af05-952ea5724774",
            "ticker": "HIGHNY-24JAN29-B40.5",
            "count": 32,
            "created_time": "2024-01-29T14:08:55.274501Z",
            "yes_price": 27,
            "no_price": 73,
            "taker_side": "no"
        },
        {
            "trade_id": "41e0c5e2-5b0f-41bf-9770-8e24b1d415bd",
            "ticker": "HIGHNY-24JAN29-B40.5",
            "count": 15,
            "created_time": "2024-01-29T14:08:55.274501Z",
            "yes_price": 28,
            "no_price": 72,
            "taker_side": "no"
        },
        {
            "trade_id": "26a53442-74da-4c07-b3d7-c9d75f5b7bec",
            "ticker": "HIGHNY-24JAN29-B40.5",
            "count": 32,
            "created_time": "2024-01-29T14:08:55.274501Z",
            "yes_price": 25,
            "no_price": 75,
            "taker_side": "no"
        },
        {
            "trade_id": "856198b0-aefa-44d8-a891-f8c57bf2e2e8",
            "ticker": "HIGHNY-24JAN29-B40.5",
            "count": 26,
            "created_time": "2024-01-29T14:05:12.732168Z",
            "yes_price": 36,
            "no_price": 64,
            "taker_side": "yes"
        },
        {
            "trade_id": "a84077ff-c5cf-4ca7-adb0-3bce94ec6ab5",
            "ticker": "HIGHNY-24JAN29-B40.5",
            "count": 1,
            "created_time": "2024-01-29T13:44:13.302657Z",
            "yes_price": 27,
            "no_price": 73,
            "taker_side": "no"
        },
        {
            "trade_id": "69d82017-245b-424b-b423-271a44d4b9aa",
            "ticker": "HIGHNY-24JAN29-B40.5",
            "count": 22,
            "created_time": "2024-01-29T04:56:31.862917Z",
            "yes_price": 20,
            "no_price": 80,
            "taker_side": "no"
        },
        {
            "trade_id": "fd57eef1-e14d-4fbc-8ccf-ddaed34b5136",
            "ticker": "HIGHNY-24JAN29-B40.5",
            "count": 22,
            "created_time": "2024-01-29T04:44:24.321871Z",
            "yes_price": 20,
            "no_price": 80,
            "taker_side": "no"
        },
        {
            "trade_id": "147c17dc-c611-4a80-9c61-0f5e140c3f8a",
            "ticker": "HIGHNY-24JAN29-B40.5",
            "count": 33,
            "created_time": "2024-01-29T04:32:22.169812Z",
            "yes_price": 20,
            "no_price": 80,
            "taker_side": "no"
        },
        {
            "trade_id": "c60d7089-a8e8-4917-a9ea-a303e8a32d51",
            "ticker": "HIGHNY-24JAN29-B40.5",
            "count": 22,
            "created_time": "2024-01-29T04:28:23.139676Z",
            "yes_price": 20,
            "no_price": 80,
            "taker_side": "no"
        },
        {
            "trade_id": "d4493400-74f1-415b-96c8-3cfe97846152",
            "ticker": "HIGHNY-24JAN29-B40.5",
            "count": 23,
            "created_time": "2024-01-29T01:39:39.049533Z",
            "yes_price": 31,
            "no_price": 69,
            "taker_side": "no"
        },
        {
            "trade_id": "a3e42475-dc9c-4a95-ad1d-e67919c10ec1",
            "ticker": "HIGHNY-24JAN29-B40.5",
            "count": 119,
            "created_time": "2024-01-29T01:39:39.049533Z",
            "yes_price": 28,
            "no_price": 72,
            "taker_side": "no"
        },
        {
            "trade_id": "64233269-a34a-454c-bd27-4bada5eb1f7c",
            "ticker": "HIGHNY-24JAN29-B40.5",
            "count": 118,
            "created_time": "2024-01-29T01:39:39.049533Z",
            "yes_price": 27,
            "no_price": 73,
            "taker_side": "no"
        },
        {
            "trade_id": "df8a3bd2-fe16-4829-a567-92fd0fbbbd5f",
            "ticker": "HIGHNY-24JAN29-B40.5",
            "count": 4,
            "created_time": "2024-01-28T21:12:28.835218Z",
            "yes_price": 23,
            "no_price": 77,
            "taker_side": "no"
        },
        {
            "trade_id": "9229e8f1-1c1c-4405-8d58-70d155e26e5a",
            "ticker": "HIGHNY-24JAN29-B40.5",
            "count": 96,
            "created_time": "2024-01-28T21:12:26.210093Z",
            "yes_price": 23,
            "no_price": 77,
            "taker_side": "no"
        },
        {
            "trade_id": "1e4b49db-5e27-4924-b135-e484dffa93c7",
            "ticker": "HIGHNY-24JAN29-B40.5",
            "count": 50,
            "created_time": "2024-01-28T18:40:31.154527Z",
            "yes_price": 25,
            "no_price": 75,
            "taker_side": "no"
        },
        {
            "trade_id": "32d30165-df87-4249-a207-2d99ed4edbbe",
            "ticker": "HIGHNY-24JAN29-B40.5",
            "count": 20,
            "created_time": "2024-01-28T18:40:31.14022Z",
            "yes_price": 27,
            "no_price": 73,
            "taker_side": "no"
        },
        {
            "trade_id": "2806f962-130a-4d40-a19f-b4fa80645c3f",
            "ticker": "HIGHNY-24JAN29-B40.5",
            "count": 24,
            "created_time": "2024-01-28T18:36:26.023993Z",
            "yes_price": 27,
            "no_price": 73,
            "taker_side": "no"
        },
        {
            "trade_id": "fae6d647-f13b-4890-9e30-a9a84c0904af",
            "ticker": "HIGHNY-24JAN29-B40.5",
            "count": 1,
            "created_time": "2024-01-28T17:30:21.619843Z",
            "yes_price": 28,
            "no_price": 72,
            "taker_side": "no"
        },
        {
            "trade_id": "a3060447-64d2-4d66-9629-55365e70ba13",
            "ticker": "HIGHNY-24JAN29-B40.5",
            "count": 5,
            "created_time": "2024-01-28T15:15:38.685724Z",
            "yes_price": 27,
            "no_price": 73,
            "taker_side": "no"
        },
        {
            "trade_id": "70b78dfa-5d90-4229-8d02-82b007ea8be7",
            "ticker": "HIGHNY-24JAN29-B40.5",
            "count": 16,
            "created_time": "2024-01-28T15:13:02.522145Z",
            "yes_price": 30,
            "no_price": 70,
            "taker_side": "yes"
        },
        {
            "trade_id": "67c7bfa9-62a2-4e3c-8640-a02191f18119",
            "ticker": "HIGHNY-24JAN29-B40.5",
            "count": 40,
            "created_time": "2024-01-28T15:13:02.522145Z",
            "yes_price": 32,
            "no_price": 68,
            "taker_side": "yes"
        }
    ],
    "HIGHNY-24JAN29-B42.5": [
        {
            "trade_id": "04deb719-ffa3-40fd-b734-fc36a6ea728c",
            "ticker": "HIGHNY-24JAN29-B42.5",
            "count": 39,
            "created_time": "2024-01-30T01:00:15.877704Z",
            "yes_price": 1,
            "no_price": 99,
            "taker_side": "no"
        },
        {
            "trade_id": "1fbd0496-9942-4dcc-86a3-583d34979d1e",
            "ticker": "HIGHNY-24JAN29-B42.5",
            "count": 39,
            "created_time": "2024-01-29T20:42:53.517406Z",
            "yes_price": 6,
            "no_price": 94,
            "taker_side": "no"
        },
        {
            "trade_id": "e5b24228-9063-4e10-9f08-e0a8df01d9a0",
            "ticker": "HIGHNY-24JAN29-B42.5",
            "count": 11,
            "created_time": "2024-01-29T20:05:19.835979Z",
            "yes_price": 14,
            "no_price": 86,
            "taker_side": "no"
        },
        {
            "trade_id": "d0aadcda-33ee-4459-b783-8c87509a7f43",
            "ticker": "HIGHNY-24JAN29-B42.5",
            "count": 69,
            "created_time": "2024-01-29T19:58:18.167568Z",
            "yes_price": 13,
            "no_price": 87,
            "taker_side": "no"
        },
        {
            "trade_id": "0265a9b1-8435-4abb-a77f-f8e9fc6f353e",
            "ticker": "HIGHNY-24JAN29-B42.5",
            "count": 47,
            "created_time": "2024-01-29T19:55:43.88922Z",
            "yes_price": 24,
            "no_price": 76,
            "taker_side": "no"
        },
        {
            "trade_id": "bb564df0-f53d-42b8-a1e0-3cce47e98b18",
            "ticker": "HIGHNY-24JAN29-B42.5",
            "count": 50,
            "created_time": "2024-01-29T19:49:41.928064Z",
            "yes_price": 24,
            "no_price": 76,
            "taker_side": "no"
        },
        {
            "trade_id": "0477e1cf-56ef-4234-b6ce-76610d5a547f",
            "ticker": "HIGHNY-24JAN29-B42.5",
            "count": 53,
            "created_time": "2024-01-29T19:43:07.321041Z",
            "yes_price": 24,
            "no_price": 76,
            "taker_side": "no"
        },
        {
            "trade_id": "e2caa07c-8d5b-45fa-b25c-f675cb5ce33d",
            "ticker": "HIGHNY-24JAN29-B42.5",
            "count": 88,
            "created_time": "2024-01-29T15:20:01.257321Z",
            "yes_price": 63,
            "no_price": 37,
            "taker_side": "no"
        },
        {
            "trade_id": "2f48f8e5-b7dd-4189-bb4e-38b2c68cae9d",
            "ticker": "HIGHNY-24JAN29-B42.5",
            "count": 15,
            "created_time": "2024-01-29T13:14:01.41785Z",
            "yes_price": 63,
            "no_price": 37,
            "taker_side": "yes"
        },
        {
            "trade_id": "8ed75af5-c3c3-4d4b-83d2-39113287f834",
            "ticker": "HIGHNY-24JAN29-B42.5",
            "count": 28,
            "created_time": "2024-01-29T13:01:53.99388Z",
            "yes_price": 61,
            "no_price": 39,
            "taker_side": "yes"
        },
        {
            "trade_id": "cb89e6a8-255e-48c7-9d58-c312635b7d79",
            "ticker": "HIGHNY-24JAN29-B42.5",
            "count": 5,
            "created_time": "2024-01-29T13:00:22.393029Z",
            "yes_price": 53,
            "no_price": 47,
            "taker_side": "yes"
        },
        {
            "trade_id": "f52a7bff-65d8-46a4-9034-e4302c152fbd",
            "ticker": "HIGHNY-24JAN29-B42.5",
            "count": 117,
            "created_time": "2024-01-29T01:40:27.048751Z",
            "yes_price": 47,
            "no_price": 53,
            "taker_side": "yes"
        },
        {
            "trade_id": "94c26ff4-1c02-49cb-a251-64af2606d92d",
            "ticker": "HIGHNY-24JAN29-B42.5",
            "count": 35,
            "created_time": "2024-01-29T01:40:27.048751Z",
            "yes_price": 43,
            "no_price": 57,
            "taker_side": "yes"
        },
        {
            "trade_id": "1bfa0736-b425-40f3-9399-5e2ec9df6679",
            "ticker": "HIGHNY-24JAN29-B42.5",
            "count": 118,
            "created_time": "2024-01-29T01:40:27.048751Z",
            "yes_price": 44,
            "no_price": 56,
            "taker_side": "yes"
        },
        {
            "trade_id": "0a75bf49-2e72-4baf-b720-4c1c71292455",
            "ticker": "HIGHNY-24JAN29-B42.5",
            "count": 14,
            "created_time": "2024-01-28T18:12:41.409528Z",
            "yes_price": 40,
            "no_price": 60,
            "taker_side": "yes"
        },
        {
            "trade_id": "46a240f3-e224-4a41-9019-7d496ac78e57",
            "ticker": "HIGHNY-24JAN29-B42.5",
            "count": 11,
            "created_time": "2024-01-28T17:59:34.955701Z",
            "yes_price": 40,
            "no_price": 60,
            "taker_side": "yes"
        },
        {
            "trade_id": "6e462be0-0a05-491a-82cf-5bd14daf5acf",
            "ticker": "HIGHNY-24JAN29-B42.5",
            "count": 1,
            "created_time": "2024-01-28T17:30:22.132705Z",
            "yes_price": 35,
            "no_price": 65,
            "taker_side": "no"
        }
    ],
    "HIGHNY-24JAN29-B44.5": [
        {
            "trade_id": "3eb646f8-1b79-4e82-8b3f-03e2f113737c",
            "ticker": "HIGHNY-24JAN29-B44.5",
            "count": 86,
            "created_time": "2024-01-29T19:01:33.367724Z",
            "yes_price": 1,
            "no_price": 99,
            "taker_side": "no"
        },
        {
            "trade_id": "6bc38f98-9436-44f5-9fb3-ba21e3efbde0",
            "ticker": "HIGHNY-24JAN29-B44.5",
            "count": 14,
            "created_time": "2024-01-29T18:58:40.363364Z",
            "yes_price": 1,
            "no_price": 99,
            "taker_side": "no"
        },
        {
            "trade_id": "42968e24-fe25-400e-a7ad-88ba27dd8ac2",
            "ticker": "HIGHNY-24JAN29-B44.5",
            "count": 3,
            "created_time": "2024-01-29T03:36:22.165455Z",
            "yes_price": 14,
            "no_price": 86,
            "taker_side": "yes"
        },
        {
            "trade_id": "72b441cf-9463-481b-a418-f35d3e857b83",
            "ticker": "HIGHNY-24JAN29-B44.5",
            "count": 47,
            "created_time": "2024-01-29T01:49:48.883478Z",
            "yes_price": 14,
            "no_price": 86,
            "taker_side": "no"
        },
        {
            "trade_id": "0efca578-b0d0-470b-8c43-26b7cb270cf4",
            "ticker": "HIGHNY-24JAN29-B44.5",
            "count": 1,
            "created_time": "2024-01-28T19:36:46.840174Z",
            "yes_price": 26,
            "no_price": 74,
            "taker_side": "no"
        },
        {
            "trade_id": "f1ae55c5-3702-46c4-90dd-27145fe0929d",
            "ticker": "HIGHNY-24JAN29-B44.5",
            "count": 1,
            "created_time": "2024-01-28T18:40:31.200628Z",
            "yes_price": 25,
            "no_price": 75,
            "taker_side": "yes"
        },
        {
            "trade_id": "32b546d0-460a-4edf-a270-7701f9a9a925",
            "ticker": "HIGHNY-24JAN29-B44.5",
            "count": 5,
            "created_time": "2024-01-28T18:40:31.200628Z",
            "yes_price": 25,
            "no_price": 75,
            "taker_side": "yes"
        }
    ],
    "HIGHNY-24JAN29-T45": []
}