{
    "KXHIGHNY-25FEB14-T31": [
        {
            "trade_id": "0d4e2525-d88b-4026-943a-5e6173d7e47f",
            "ticker": "KXHIGHNY-25FEB14-T31",
            "count": 10,
            "created_time": "2025-02-14T20:10:53.010834Z",
            "yes_price": 1,
            "no_price": 99,
            "taker_side": "yes"
        },
        {
            "trade_id": "a063dcec-f015-4390-bec1-b665045b26bd",
            "ticker": "KXHIGHNY-25FEB14-T31",
            "count": 18,
            "created_time": "2025-02-14T00:25:31.206671Z",
            "yes_price": 5,
            "no_price": 95,
            "taker_side": "yes"
        },
        {
            "trade_id": "f12a0863-08f4-4ea4-a1c4-957703e4d2fd",
            "ticker": "KXHIGHNY-25FEB14-T31",
            "count": 20,
            "created_time": "2025-02-13T16:00:48.816077Z",
            "yes_price": 6,
            "no_price": 94,
            "taker_side": "yes"
        },
        {
            "trade_id": "e7eb9498-0291-4fab-aa80-f312f1d3866d",
            "ticker": "KXHIGHNY-25FEB14-T31",
            "count": 26,
            "created_time": "2025-02-13T16:00:48.816077Z",
            "yes_price": 6,
            "no_price": 94,
            "taker_side": "yes"
        }
    ],
    "KXHIGHNY-25FEB14-B31.5": [
        {
            "trade_id": "5ce618da-db65-4b85-adda-c95b3d3c6916",
            "ticker": "KXHIGHNY-25FEB14-B31.5",
            "count": 93,
            "created_time": "2025-02-14T15:44:02.26267Z",
            "yes_price": 1,
            "no_price": 99,
            "taker_side": "yes"
        },
        {
            "trade_id": "fc37098d-d4f3-4c10-a7cd-3a681dd0b6ee",
            "ticker": "KXHIGHNY-25FEB14-B31.5",
            "count": 100,
            "created_time": "2025-02-14T13:21:53.374953Z",
            "yes_price": 1,
            "no_price": 99,
            "taker_side": "yes"
        },
        {
            "trade_id": "f232dc61-b134-4f87-ac86-581cc0508457",
            "ticker": "KXHIGHNY-25FEB14-B31.5",
            "count": 200,
            "created_time": "2025-02-14T01:29:16.916484Z",
            "yes_price": 2,
            "no_price": 98,
            "taker_side": "yes"
        },
        {
            "trade_id": "6b35b09e-13c9-4bc0-9b36-bec12cb56065",
            "ticker": "KXHIGHNY-25FEB14-B31.5",
            "count": 20,
            "created_time": "2025-02-14T01:29:16.916484Z",
            "yes_price": 2,
            "no_price": 98,
            "taker_side": "yes"
        },
        {
            "trade_id": "c94374fb-7fda-4959-ad2f-c683795dac86",
            "ticker": "KXHIGHNY-25FEB14-B31.5",
            "count": 81,
            "created_time": "2025-02-13T22:48:56.309202Z",
            "yes_price": 5,
            "no_price": 95,
            "taker_side": "yes"
        },
        {
            "trade_id": "baf2cd56-b31d-40d6-a1bd-6ba47d1a824e",
            "ticker": "KXHIGHNY-25FEB14-B31.5",
            "count": 49,
            "created_time": "2025-02-13T22:48:56.309202Z",
            "yes_price": 9,
            "no_price": 91,
            "taker_side": "yes"
        },
        {
            "trade_id": "8b41cf4b-b636-4ef4-adef-52194d39eb00",
            "ticker": "KXHIGHNY-25FEB14-B31.5",
            "count": 240,
            "created_time": "2025-02-13T22:48:56.309202Z",
            "yes_price": 7,
            "no_price": 93,
            "taker_side": "yes"
        },
        {
            "trade_id": "1493fe3a-92aa-4fb2-aebe-d1c54950c617",
            "ticker": "KXHIGHNY-25FEB14-B31.5",
            "count": 57,
            "created_time": "2025-02-13T22:48:56.309202Z",
            "yes_price": 5,
            "no_price": 95,
            "taker_side": "yes"
        },
        {
            "trade_id": "0e3f9be0-95ad-4469-a991-ebfe64ffac61",
            "ticker": "KXHIGHNY-25FEB14-B31.5",
            "count": 1,
            "created_time": "2025-02-13T21:47:22.118281Z",
            "yes_price": 5,
            "no_price": 95,
            "taker_side": "yes"
        },
        {
            "trade_id": "c9d82383-f22d-4945-b8d2-d8107e1522c1",
            "ticker": "KXHIGHNY-25FEB14-B31.5",
            "count": 18,
            "created_time": "2025-02-13T20:41:30.158295Z",
            "yes_price": 5,
            "no_price": 95,
            "taker_side": "yes"
        }
    ],
    "KXHIGHNY-25FEB14-B33.5": [
        {
            "trade_id": "e8e31e88-f9b2-4d72-8ba2-5cde137356d2",
            "ticker": "KXHIGHNY-25FEB14-B33.5",
            "count": 467,
            "created_time": "2025-02-14T18:43:15.164476Z",
            "yes_price": 1,
            "no_price": 99,
            "taker_side": "yes"
        },
        {
            "trade_id": "f50ca45e-3757-4171-b874-ea52297830ca",
            "ticker": "KXHIGHNY-25FEB14-B33.5",
            "count": 1028,
            "created_time": "2025-02-14T18:04:27.413773Z",
            "yes_price": 1,
            "no_price": 99,
            "taker_side": "yes"
        },
        {
            "trade_id": "78905b55-6f9d-4f0e-98d2-b986452f475f",
            "ticker": "KXHIGHNY-25FEB14-B33.5",
            "count": 935,
            "created_time": "2025-02-14T18:03:01.691527Z",
            "yes_price": 1,
            "no_price": 99,
            "taker_side": "yes"
        },
        {
            "trade_id": "97147e42-ac89-4244-bdd5-cba10df512c3",
            "ticker": "KXHIGHNY-25FEB14-B33.5",
            "count": 467,
            "created_time": "2025-02-14T17:36:12.173626Z",
            "yes_price": 1,
            "no_price": 99,
            "taker_side": "yes"
        },
        {
            "trade_id": "4b2bf8bb-d721-417f-9708-57704da20fac",
            "ticker": "KXHIGHNY-25FEB14-B33.5",
            "count": 15,
            "created_time": "2025-02-14T17:33:30.860773Z",
            "yes_price": 1,
            "no_price": 99,
            "taker_side": "yes"
        },
        {
            "trade_id": "64a0fea9-9a79-44f2-8997-13a39e0009ae",
            "ticker": "KXHIGHNY-25FEB14-B33.5",
            "count": 467,
            "created_time": "2025-02-14T17:01:03.530071Z",
            "yes_price": 1,
            "no_price": 99,
            "taker_side": "yes"
        },
        {
            "trade_id": "4ab3367e-e5ae-444e-98b6-70a746340cb5",
            "ticker": "KXHIGHNY-25FEB14-B33.5",
            "count": 93,
            "created_time": "2025-02-14T16:40:16.500702Z",
            "yes_price": 1,
            "no_price": 99,
            "taker_side": "yes"
        },
        {
            "trade_id": "aa20b16a-f8c7-4e08-a51c-e3b991281536",
            "ticker": "KXHIGHNY-25FEB14-B33.5",
            "count": 374,
            "created_time": "2025-02-14T15:53:38.597304Z",
            "yes_price": 1,
            "no_price": 99,
            "taker_side": "yes"
        },
        {
            "trade_id": "d755b0a2-67b3-4048-ad0e-6a2c66bf4810",
            "ticker": "KXHIGHNY-25FEB14-B33.5",
            "count": 50,
            "created_time": "2025-02-14T15:37:55.79015Z",
            "yes_price": 1,
            "no_price": 99,
            "taker_side": "yes"
        },
        {
            "trade_id": "ac423bf7-4217-41d3-839e-03210e115835",
            "ticker": "KXHIGHNY-25FEB14-B33.5",
            "count": 225,
            "created_time": "2025-02-14T15:37:55.79015Z",
            "yes_price": 1,
            "no_price": 99,
            "taker_side": "yes"
        },
        {
            "trade_id": "b7edd0e7-6a48-44d6-b9a1-7163a24d706a",
            "ticker": "KXHIGHNY-25FEB14-B33.5",
            "count": 2723,
            "created_time": "2025-02-14T15:23:58.882041Z",
            "yes_price": 2,
            "no_price": 98,
            "taker_side": "yes"
        },
        {
            "trade_id": "0a538e0b-c8ed-4717-97a9-5132d3d95104",
            "ticker": "KXHIGHNY-25FEB14-B33.5",
            "count": 50,
            "created_time": "2025-02-14T15:23:58.882041Z",
            "yes_price": 1,
            "no_price": 99,
            "taker_side": "yes"
        },
        {
            "trade_id": "ca29472a-f4c5-4e96-93d6-31ca2134cfd4",
            "ticker": "KXHIGHNY-25FEB14-B33.5",
            "count": 214,
            "created_time": "2025-02-14T15:21:32.95885Z",
            "yes_price": 1,
            "no_price": 99,
            "taker_side": "yes"
        },
        {
            "trade_id": "7705b29c-9324-4268-a404-2718188b7f85",
            "ticker": "KXHIGHNY-25FEB14-B33.5",
            "count": 50,
            "created_time": "2025-02-14T15:21:32.95885Z",
            "yes_price": 1,
            "no_price": 99,
            "taker_side": "yes"
        },
        {
            "trade_id": "68aa9fee-f034-401d-87d7-b027baf0b9a0",
            "ticker": "KXHIGHNY-25FEB14-B33.5",
            "count": 803,
            "created_time": "2025-02-14T15:21:32.95885Z",
            "yes_price": 2,
            "no_price": 98,
            "taker_side": "yes"
        },
        {
            "trade_id": "4da27ae2-44d0-4236-ba68-03c3f2c6cfc7",
            "ticker": "KXHIGHNY-25FEB14-B33.5",
            "count": 50,
            "created_time": "2025-02-14T15:13:21.454296Z",
            "yes_price": 1,
            "no_price": 99,
            "taker_side": "yes"
        },
        {
            "trade_id": "af37de1f-cef7-4240-9601-f729795f784b",
            "ticker": "KXHIGHNY-25FEB14-B33.5",
            "count": 12,
            "created_time": "2025-02-14T15:11:26.070936Z",
            "yes_price": 2,
            "no_price": 98,
            "taker_side": "yes"
        },
        {
            "trade_id": "b5448181-4ad2-4170-97a6-31503970935c",
            "ticker": "KXHIGHNY-25FEB14-B33.5",
            "count": 50,
            "created_time": "2025-02-14T15:09:39.870636Z",
            "yes_price": 1,
            "no_price": 99,
            "taker_side": "yes"
        },
        {
            "trade_id": "9f071c23-f861-4953-9f66-f8d97bc441ce",
            "ticker": "KXHIGHNY-25FEB14-B33.5",
            "count": 161,
            "created_time": "2025-02-14T15:09:39.870636Z",
            "yes_price": 2,
            "no_price": 98,
            "taker_side": "yes"
        },
        {
            "trade_id": "e29e979f-f26a-4c86-86a7-22355a4fe30f",
            "ticker": "KXHIGHNY-25FEB14-B33.5",
            "count": 68,
            "created_time": "2025-02-14T15:06:30.184317Z",
            "yes_price": 2,
            "no_price": 98,
            "taker_side": "yes"
        },
        {
            "trade_id": "95877dce-f0d7-4158-a9d4-ff1b0ed7a260",
            "ticker": "KXHIGHNY-25FEB14-B33.5",
            "count": 49,
            "created_time": "2025-02-14T15:06:30.184317Z",
            "yes_price": 1,
            "no_price": 99,
            "taker_side": "yes"
        },
        {
            "trade_id": "f76f4f9e-c21d-4fa5-a055-745d06c7a56f",
            "ticker": "KXHIGHNY-25FEB14-B33.5",
            "count": 1,
            "created_time": "2025-02-14T15:05:17.080143Z",
            "yes_price": 1,
            "no_price": 99,
            "taker_side": "no"
        },
        {
            "trade_id": "7427ad7f-8b49-4439-929a-bf94a5ae8f42",
            "ticker": "KXHIGHNY-25FEB14-B33.5",
            "count": 99,
            "created_time": "2025-02-14T15:05:12.340299Z",
            "yes_price": 1,
            "no_price": 99,
            "taker_side": "no"
        },
        {
            "trade_id": "2fed84f9-57fa-4e9e-8901-3d98b93e4a0b",
            "ticker": "KXHIGHNY-25FEB14-B33.5",
            "count": 46,
            "created_time": "2025-02-14T15:05:04.200224Z",
            "yes_price": 2,
            "no_price": 98,
            "taker_side": "yes"
        },
        {
            "trade_id": "f864ec92-ac1d-4848-a75c-1d46d8c7f667",
            "ticker": "KXHIGHNY-25FEB14-B33.5",
            "count": 233,
            "created_time": "2025-02-14T14:59:42.761294Z",
            "yes_price": 2,
            "no_price": 98,
            "taker_side": "yes"
        },
        {
            "trade_id": "d649e494-1b90-4247-9c97-9b4dd59ef65f",
            "ticker": "KXHIGHNY-25FEB14-B33.5",
            "count": 5,
            "created_time": "2025-02-14T14:50:10.783896Z",
            "yes_price": 1,
            "no_price": 99,
            "taker_side": "yes"
        },
        {
            "trade_id": "4d53902b-9c42-4fb7-94d9-8e56891e2bf8",
            "ticker": "KXHIGHNY-25FEB14-B33.5",
            "count": 100,
            "created_time": "2025-02-14T14:50:10.783896Z",
            "yes_price": 1,
            "no_price": 99,
            "taker_side": "yes"
        },
        {
            "trade_id": "1161ca63-9969-4593-8eb4-a92a7aaf0371",
            "ticker": "KXHIGHNY-25FEB14-B33.5",
            "count": 87,
            "created_time": "2025-02-14T14:50:10.783896Z",
            "yes_price": 2,
            "no_price": 98,
            "taker_side": "yes"
        },
        {
            "trade_id": "c81d2f6b-a401-4f11-9cb4-e47cc67765ad",
            "ticker": "KXHIGHNY-25FEB14-B33.5",
            "count": 467,
            "created_time": "2025-02-14T14:15:27.139121Z",
            "yes_price": 2,
            "no_price": 98,
            "taker_side": "yes"
        },
        {
            "trade_id": "8ae648f4-f764-469e-bc12-989f82a9bc2b",
            "ticker": "KXHIGHNY-25FEB14-B33.5",
            "count": 50,
            "created_time": "2025-02-14T14:13:38.20223Z",
            "yes_price": 1,
            "no_price": 99,
            "taker_side": "yes"
        },
        {
            "trade_id": "9ac30bba-dc78-41f8-a698-0062d85a9e63",
            "ticker": "KXHIGHNY-25FEB14-B33.5",
            "count": 400,
            "created_time": "2025-02-14T13:22:38.569711Z",
            "yes_price": 2,
            "no_price": 98,
            "taker_side": "yes"
        },
        {
            "trade_id": "bf01d40e-0d66-4740-9845-05b0fee2e7ae",
            "ticker": "KXHIGHNY-25FEB14-B33.5",
            "count": 11,
            "created_time": "2025-02-14T13:04:30.172269Z",
            "yes_price": 4,
            "no_price": 96,
            "taker_side": "yes"
        },
        {
            "trade_id": "d8324012-0932-4fbc-a943-f6585c2fb873",
            "ticker": "KXHIGHNY-25FEB14-B33.5",
            "count": 8,
            "created_time": "2025-02-14T13:02:09.117945Z",
            "yes_price": 3,
            "no_price": 97,
            "taker_side": "yes"
        },
        {
            "trade_id": "b2998921-d2d2-4ad0-805c-f7a0130731c9",
            "ticker": "KXHIGHNY-25FEB14-B33.5",
            "count": 80,
            "created_time": "2025-02-14T13:02:09.117945Z",
            "yes_price": 5,
            "no_price": 95,
            "taker_side": "yes"
        },
        {
            "trade_id": "a89e48b8-a310-41c1-9e24-655cebedbcef",
            "ticker": "KXHIGHNY-25FEB14-B33.5",
            "count": 200,
            "created_time": "2025-02-14T13:02:09.117945Z",
            "yes_price": 2,
            "no_price": 98,
            "taker_side": "yes"
        },
        {
            "trade_id": "89246222-243d-4f7e-8719-142e4f70852c",
            "ticker": "KXHIGHNY-25FEB14-B33.5",
            "count": 10,
            "created_time": "2025-02-14T13:02:09.117945Z",
            "yes_price": 1,
            "no_price": 99,
            "taker_side": "yes"
        },
        {
            "trade_id": "7c919031-5c29-4794-9645-9a129d45dc18",
            "ticker": "KXHIGHNY-25FEB14-B33.5",
            "count": 200,
            "created_time": "2025-02-14T13:02:09.117945Z",
            "yes_price": 3,
            "no_price": 97,
            "taker_side": "yes"
        },
        {
            "trade_id": "72cc086a-a227-4a25-ad08-4651c0bf9a53",
            "ticker": "KXHIGHNY-25FEB14-B33.5",
            "count": 735,
            "created_time": "2025-02-14T13:02:09.117945Z",
            "yes_price": 1,
            "no_price": 99,
            "taker_side": "yes"
        },
        {
            "trade_id": "4b072fc6-d0a3-461a-8321-db0c30a09959",
            "ticker": "KXHIGHNY-25FEB14-B33.5",
            "count": 2500,
            "created_time": "2025-02-14T13:02:09.117945Z",
            "yes_price": 1,
            "no_price": 99,
            "taker_side": "yes"
        },
        {
            "trade_id": "1f9b340e-fc7f-455e-a934-9ba09ac3f28d",
            "ticker": "KXHIGHNY-25FEB14-B33.5",
            "count": 5,
            "created_time": "2025-02-14T13:02:09.117945Z",
            "yes_price": 1,
            "no_price": 99,
            "taker_side": "yes"
        },
        {
            "trade_id": "4407de32-ff80-4922-ba44-22304bcb807a",
            "ticker": "KXHIGHNY-25FEB14-B33.5",
            "count": 280,
            "created_time": "2025-02-14T07:56:53.235522Z",
            "yes_price": 1,
            "no_price": 99,
            "taker_side": "yes"
        },
        {
            "trade_id": "419d13ae-0553-4bb0-b9c2-839c50db7dd3",
            "ticker": "KXHIGHNY-25FEB14-B33.5",
            "count": 935,
            "created_time": "2025-02-14T07:36:57.789034Z",
            "yes_price": 1,
            "no_price": 99,
            "taker_side": "yes"
        },
        {
            "trade_id": "4200a5ac-6f70-4fa1-a093-2a33bf4314e2",
            "ticker": "KXHIGHNY-25FEB14-B33.5",
            "count": 46,
            "created_time": "2025-02-14T07:14:17.165501Z",
            "yes_price": 1,
            "no_price": 99,
            "taker_side": "yes"
        },
        {
            "trade_id": "0655c28d-9666-4646-931c-7f91498e4998",
            "ticker": "KXHIGHNY-25FEB14-B33.5",
            "count": 935,
            "created_time": "2025-02-14T07:13:23.475064Z",
            "yes_price": 1,
            "no_price": 99,
            "taker_side": "yes"
        },
        {
            "trade_id": "9605dca0-0b62-407a-ac00-1ddbbe499389",
            "ticker": "KXHIGHNY-25FEB14-B33.5",
            "count": 935,
            "created_time": "2025-02-14T06:48:44.600674Z",
            "yes_price": 1,
            "no_price": 99,
            "taker_side": "yes"
        },
        {
            "trade_id": "2e193606-4196-46e6-9fd0-9a09f1b25aab",
            "ticker": "KXHIGHNY-25FEB14-B33.5",
            "count": 73,
            "created_time": "2025-02-14T06:48:22.053064Z",
            "yes_price": 1,
            "no_price": 99,
            "taker_side": "yes"
        },
        {
            "trade_id": "994cff63-a2e1-4844-ad4c-82eee97166e0",
            "ticker": "KXHIGHNY-25FEB14-B33.5",
            "count": 5,
            "created_time": "2025-02-14T06:45:54.367988Z",
            "yes_price": 1,
            "no_price": 99,
            "taker_side": "yes"
        },
        {
            "trade_id": "bf128b0d-928f-4701-8f5c-b61b9cdc13b9",
            "ticker": "KXHIGHNY-25FEB14-B33.5",
            "count": 1870,
            "created_time": "2025-02-14T06:45:51.372082Z",
            "yes_price": 1,
            "no_price": 99,
            "taker_side": "yes"
        },
        {
            "trade_id": "8dd0eeb6-263d-41b4-9572-70030f856667",
            "ticker": "KXHIGHNY-25FEB14-B33.5",
            "count": 240,
            "created_time": "2025-02-14T06:45:33.955813Z",
            "yes_price": 1,
            "no_price": 99,
            "taker_side": "yes"
        },
        {
            "trade_id": "c2463f07-0199-4e92-b171-e400aa457b67",
            "ticker": "KXHIGHNY-25FEB14-B33.5",
            "count": 109,
            "created_time": "2025-02-14T06:45:33.867344Z",
            "yes_price": 1,
            "no_price": 99,
            "taker_side": "yes"
        },
        {
            "trade_id": "e3b25dcc-82d8-45c2-b82f-169eeeaee962",
            "ticker": "KXHIGHNY-25FEB14-B33.5",
            "count": 101,
            "created_time": "2025-02-14T06:45:27.835462Z",
            "yes_price": 1,
            "no_price": 99,
            "taker_side": "yes"
        },
        {
            "trade_id": "3762a629-4b1b-4904-ae18-5510c4a34ced",
            "ticker": "KXHIGHNY-25FEB14-B33.5",
            "count": 240,
            "created_time": "2025-02-14T06:45:27.75741Z",
            "yes_price": 1,
            "no_price": 99,
            "taker_side": "yes"
        },
        {
            "trade_id": "e90ba240-ec41-4e4f-b9e2-79f70688927c",
            "ticker": "KXHIGHNY-25FEB14-B33.5",
            "count": 240,
            "created_time": "2025-02-14T06:45:27.676835Z",
            "yes_price": 1,
            "no_price": 99,
            "taker_side": "yes"
        },
        {
            "trade_id": "9bf62d7c-aa29-4846-83a6-95a047eaae73",
            "ticker": "KXHIGHNY-25FEB14-B33.5",
            "count": 36,
            "created_time": "2025-02-14T06:42:33.014706Z",
            "yes_price": 1,
            "no_price": 99,
            "taker_side": "yes"
        },
        {
            "trade_id": "f08df470-0f7f-4799-8b3b-22841584e49a",
            "ticker": "KXHIGHNY-25FEB14-B33.5",
            "count": 240,
            "created_time": "2025-02-14T06:42:27.087964Z",
            "yes_price": 1,
            "no_price": 99,
            "taker_side": "yes"
        },
        {
            "trade_id": "6832df77-9170-4e3f-8ed7-c6b8ee29249c",
            "ticker": "KXHIGHNY-25FEB14-B33.5",
            "count": 240,
            "created_time": "2025-02-14T06:42:26.995183Z",
            "yes_price": 1,
            "no_price": 99,
            "taker_side": "yes"
        },
        {
            "trade_id": "79bee5b9-8cf9-46a3-a5ea-d25034b3a579",
            "ticker": "KXHIGHNY-25FEB14-B33.5",
            "count": 109,
            "created_time": "2025-02-14T06:42:26.915883Z",
            "yes_price": 1,
            "no_price": 99,
            "taker_side": "yes"
        },
        {
            "trade_id": "a336bb03-f98d-4770-8ee1-2d4725440a4c",
            "ticker": "KXHIGHNY-25FEB14-B33.5",
            "count": 92,
            "created_time": "2025-02-14T06:42:24.685954Z",
            "yes_price": 1,
            "no_price": 99,
            "taker_side": "yes"
        },
        {
            "trade_id": "9b160ebc-e8dd-44d8-a1b7-296836bf81f2",
            "ticker": "KXHIGHNY-25FEB14-B33.5",
            "count": 240,
            "created_time": "2025-02-14T06:42:24.595404Z",
            "yes_price": 1,
            "no_price": 99,
            "taker_side": "yes"
        },
        {
            "trade_id": "5e759a26-7287-47e1-a361-10b52d88f758",
            "ticker": "KXHIGHNY-25FEB14-B33.5",
            "count": 240,
            "created_time": "2025-02-14T06:42:24.509179Z",
            "yes_price": 1,
            "no_price": 99,
            "taker_side": "yes"
        },
        {
            "trade_id": "7c17de08-4f89-4892-9895-036c284044f8",
            "ticker": "KXHIGHNY-25FEB14-B33.5",
            "count": 80,
            "created_time": "2025-02-14T06:36:33.716511Z",
            "yes_price": 1,
            "no_price": 99,
            "taker_side": "yes"
        },
        {
            "trade_id": "04a53901-1540-4fad-9805-d2726cf6bc38",
            "ticker": "KXHIGHNY-25FEB14-B33.5",
            "count": 36,
            "created_time": "2025-02-14T06:36:33.605683Z",
            "yes_price": 1,
            "no_price": 99,
            "taker_side": "yes"
        },
        {
            "trade_id": "c08aefbc-6859-477c-be53-8878e3b24ad7",
            "ticker": "KXHIGHNY-25FEB14-B33.5",
            "count": 80,
            "created_time": "2025-02-14T06:36:33.501433Z",
            "yes_price": 1,
            "no_price": 99,
            "taker_side": "yes"
        },
        {
            "trade_id": "7b6a69fb-3a38-4449-bc7c-254752f50a00",
            "ticker": "KXHIGHNY-25FEB14-B33.5",
            "count": 240,
            "created_time": "2025-02-14T06:36:27.506429Z",
            "yes_price": 1,
            "no_price": 99,
            "taker_side": "yes"
        },
        {
            "trade_id": "6f45b441-571f-45f8-92f3-a92e4f1e0992",
            "ticker": "KXHIGHNY-25FEB14-B33.5",
            "count": 108,
            "created_time": "2025-02-14T06:36:27.388751Z",
            "yes_price": 1,
            "no_price": 99,
            "taker_side": "yes"
        },
        {
            "trade_id": "96b2446f-5284-416f-bd4d-72c6c8754a41",
            "ticker": "KXHIGHNY-25FEB14-B33.5",
            "count": 240,
            "created_time": "2025-02-14T06:36:27.263967Z",
            "yes_price": 1,
            "no_price": 99,
            "taker_side": "yes"
        },
        {
            "trade_id": "5a94ce35-6a48-464b-9d37-f1d6a2918ef9",
            "ticker": "KXHIGHNY-25FEB14-B33.5",
            "count": 97,
            "created_time": "2025-02-14T06:36:21.64509Z",
            "yes_price": 1,
            "no_price": 99,
            "taker_side": "yes"
        },
        {
            "trade_id": "499c0bfc-b6fc-4ff4-b232-b86ee289a3fd",
            "ticker": "KXHIGHNY-25FEB14-B33.5",
            "count": 240,
            "created_time": "2025-02-14T06:36:21.566064Z",
            "yes_price": 1,
            "no_price": 99,
            "taker_side": "yes"
        },
        {
            "trade_id": "b8b64638-a9ae-4d42-8693-3e016e37c388",
            "ticker": "KXHIGHNY-25FEB14-B33.5",
            "count": 240,
            "created_time": "2025-02-14T06:36:21.485069Z",
            "yes_price": 1,
            "no_price": 99,
            "taker_side": "yes"
        },
        {
            "trade_id": "320ad0e9-b622-48b2-91e3-06e6e3074cc9",
            "ticker": "KXHIGHNY-25FEB14-B33.5",
            "count": 100,
            "created_time": "2025-02-14T06:23:24.156502Z",
            "yes_price": 1,
            "no_price": 99,
            "taker_side": "yes"
        },
        {
            "trade_id": "8b8dcb0f-64fa-48a5-aea5-f805b816e329",
            "ticker": "KXHIGHNY-25FEB14-B33.5",
            "count": 93,
            "created_time": "2025-02-14T05:28:46.732596Z",
            "yes_price": 1,
            "no_price": 99,
            "taker_side": "yes"
        },
        {
            "trade_id": "49ddf240-a2c9-40a4-83fa-52586a40f308",
            "ticker": "KXHIGHNY-25FEB14-B33.5",
            "count": 5,
            "created_time": "2025-02-14T05:09:22.318741Z",
            "yes_price": 1,
            "no_price": 99,
            "taker_side": "yes"
        },
        {
            "trade_id": "a6547960-2d06-4000-95de-302eff86cfe9",
            "ticker": "KXHIGHNY-25FEB14-B33.5",
            "count": 2500,
            "created_time": "2025-02-14T05:04:42.616134Z",
            "yes_price": 1,
            "no_price": 99,
            "taker_side": "yes"
        },
        {
            "trade_id": "d494048a-f4c6-483f-a6f4-af2e752f8f8a",
            "ticker": "KXHIGHNY-25FEB14-B33.5",
            "count": 150,
            "created_time": "2025-02-14T04:57:19.863381Z",
            "yes_price": 1,
            "no_price": 99,
            "taker_side": "no"
        },
        {
            "trade_id": "a27819fa-4f09-42f0-b1ca-85317d8d8556",
            "ticker": "KXHIGHNY-25FEB14-B33.5",
            "count": 97,
            "created_time": "2025-02-14T04:57:19.863381Z",
            "yes_price": 1,
            "no_price": 99,
            "taker_side": "no"
        },
        {
            "trade_id": "92de419e-5472-427f-9809-8ecc29365a88",
            "ticker": "KXHIGHNY-25FEB14-B33.5",
            "count": 32,
            "created_time": "2025-02-14T04:57:19.863381Z",
            "yes_price": 1,
            "no_price": 99,
            "taker_side": "no"
        },
        {
            "trade_id": "7ce50272-5a6f-480b-9b6e-70e37df8ea16",
            "ticker": "KXHIGHNY-25FEB14-B33.5",
            "count": 148,
            "created_time": "2025-02-14T04:57:19.863381Z",
            "yes_price": 1,
            "no_price": 99,
            "taker_side": "no"
        },
        {
            "trade_id": "4270c70b-b885-4518-86af-5124df830901",
            "ticker": "KXHIGHNY-25FEB14-B33.5",
            "count": 50,
            "created_time": "2025-02-14T04:57:19.863381Z",
            "yes_price": 1,
            "no_price": 99,
            "taker_side": "no"
        },
        {
            "trade_id": "ad4d4608-40df-401e-8651-2140766fb9ab",
            "ticker": "KXHIGHNY-25FEB14-B33.5",
            "count": 151,
            "created_time": "2025-02-14T04:56:33.259289Z",
            "yes_price": 1,
            "no_price": 99,
            "taker_side": "no"
        },
        {
            "trade_id": "5cbca48e-3287-4089-b481-797abf2dc582",
            "ticker": "KXHIGHNY-25FEB14-B33.5",
            "count": 200,
            "created_time": "2025-02-14T04:56:33.259289Z",
            "yes_price": 1,
            "no_price": 99,
            "taker_side": "no"
        },
        {
            "trade_id": "072b92b6-a181-4cde-a55f-b3f81799583b",
            "ticker": "KXHIGHNY-25FEB14-B33.5",
            "count": 1500,
            "created_time": "2025-02-14T04:56:33.259289Z",
            "yes_price": 1,
            "no_price": 99,
            "taker_side": "no"
        },
        {
            "trade_id": "f0ed44d8-26ea-4703-899a-a7e38d486ab2",
            "ticker": "KXHIGHNY-25FEB14-B33.5",
            "count": 200,
            "created_time": "2025-02-14T04:56:02.841263Z",
            "yes_price": 3,
            "no_price": 97,
            "taker_side": "no"
        },
        {
            "trade_id": "94b7c22e-5aab-4fe9-8daf-a05a328de052",
            "ticker": "KXHIGHNY-25FEB14-B33.5",
            "count": 1933,
            "created_time": "2025-02-14T04:56:02.841263Z",
            "yes_price": 3,
            "no_price": 97,
            "taker_side": "no"
        },
        {
            "trade_id": "0a7d3432-55fe-4db9-a6cb-3da39fba5097",
            "ticker": "KXHIGHNY-25FEB14-B33.5",
            "count": 5,
            "created_time": "2025-02-14T04:47:33.213406Z",
            "yes_price": 3,
            "no_price": 97,
            "taker_side": "no"
        },
        {
            "trade_id": "b5d0c384-871b-455d-b960-ac2f0ec5aa5b",
            "ticker": "KXHIGHNY-25FEB14-B33.5",
            "count": 400,
            "created_time": "2025-02-14T04:43:38.578718Z",
            "yes_price": 8,
            "no_price": 92,
            "taker_side": "yes"
        },
        {
            "trade_id": "3a52ac3d-f4e0-4c99-82c7-7e2118739238",
            "ticker": "KXHIGHNY-25FEB14-B33.5",
            "count": 25,
            "created_time": "2025-02-14T04:42:44.47606Z",
            "yes_price": 3,
            "no_price": 97,
            "taker_side": "no"
        },
        {
            "trade_id": "13749a67-4c8a-4a24-a24b-3004cc8b12bb",
            "ticker": "KXHIGHNY-25FEB14-B33.5",
            "count": 12,
            "created_time": "2025-02-14T04:42:16.009032Z",
            "yes_price": 3,
            "no_price": 97,
            "taker_side": "no"
        },
        {
            "trade_id": "e7e1384f-2093-492f-a9fd-0579b4118f6a",
            "ticker": "KXHIGHNY-25FEB14-B33.5",
            "count": 184,
            "created_time": "2025-02-14T04:41:09.514015Z",
            "yes_price": 3,
            "no_price": 97,
            "taker_side": "no"
        },
        {
            "trade_id": "0140195a-9933-42c6-a39d-de4ccc59ea24",
            "ticker": "KXHIGHNY-25FEB14-B33.5",
            "count": 16,
            "created_time": "2025-02-14T04:41:02.755333Z",
            "yes_price": 3,
            "no_price": 97,
            "taker_side": "no"
        },
        {
            "trade_id": "5c1928d3-db69-42bf-a426-d0c8d608f386",
            "ticker": "KXHIGHNY-25FEB14-B33.5",
            "count": 150,
            "created_time": "2025-02-14T04:41:01.825563Z",
            "yes_price": 3,
            "no_price": 97,
            "taker_side": "no"
        },
        {
            "trade_id": "8766bbff-4f77-4e15-8cdb-b01db9fb386f",
            "ticker": "KXHIGHNY-25FEB14-B33.5",
            "count": 150,
            "created_time": "2025-02-14T04:40:49.47063Z",
            "yes_price": 3,
            "no_price": 97,
            "taker_side": "no"
        },
        {
            "trade_id": "90dd8325-2293-426f-9b82-9fe66533bf57",
            "ticker": "KXHIGHNY-25FEB14-B33.5",
            "count": 24,
            "created_time": "2025-02-14T04:37:10.17484Z",
            "yes_price": 3,
            "no_price": 97,
            "taker_side": "no"
        },
        {
            "trade_id": "a360a400-7eba-4ba1-aae5-f68ff1a2cc2b",
            "ticker": "KXHIGHNY-25FEB14-B33.5",
            "count": 117,
            "created_time": "2025-02-14T04:34:23.020642Z",
            "yes_price": 8,
            "no_price": 92,
            "taker_side": "yes"
        },
        {
            "trade_id": "d346131c-7c2b-42be-8c0f-4552f1279c82",
            "ticker": "KXHIGHNY-25FEB14-B33.5",
            "count": 10,
            "created_time": "2025-02-14T04:32:24.859098Z",
            "yes_price": 4,
            "no_price": 96,
            "taker_side": "no"
        },
        {
            "trade_id": "93b2a0be-da24-4131-9f77-0a1bbd4b5aae",
            "ticker": "KXHIGHNY-25FEB14-B33.5",
            "count": 68,
            "created_time": "2025-02-14T04:31:06.756576Z",
            "yes_price": 4,
            "no_price": 96,
            "taker_side": "no"
        },
        {
            "trade_id": "0095d2e0-17e2-483b-aa28-87778dbcc2b4",
            "ticker": "KXHIGHNY-25FEB14-B33.5",
            "count": 48,
            "created_time": "2025-02-14T04:31:06.756576Z",
            "yes_price": 4,
            "no_price": 96,
            "taker_side": "no"
        },
        {
            "trade_id": "92925c1a-3dad-4e21-a2d1-fae901cc5f0e",
            "ticker": "KXHIGHNY-25FEB14-B33.5",
            "count": 12,
            "created_time": "2025-02-14T04:26:15.330633Z",
            "yes_price": 10,
            "no_price": 90,
            "taker_side": "yes"
        },
        {
            "trade_id": "05529f67-f193-4e4d-b043-b40c8675d4c2",
            "ticker": "KXHIGHNY-25FEB14-B33.5",
            "count": 160,
            "created_time": "2025-02-14T04:26:15.330633Z",
            "yes_price": 11,
            "no_price": 89,
            "taker_side": "yes"
        },
        {
            "trade_id": "e6103581-075e-4ecd-95e4-a019c363e604",
            "ticker": "KXHIGHNY-25FEB14-B33.5",
            "count": 28,
            "created_time": "2025-02-14T04:24:55.057267Z",
            "yes_price": 4,
            "no_price": 96,
            "taker_side": "no"
        },
        {
            "trade_id": "869598ef-5cbb-447f-8db1-6419cc6b4b5e",
            "ticker": "KXHIGHNY-25FEB14-B33.5",
            "count": 98,
            "created_time": "2025-02-14T04:24:55.057267Z",
            "yes_price": 4,
            "no_price": 96,
            "taker_side": "no"
        },
        {
            "trade_id": "6aa18799-068f-47db-888a-5658092e9819",
            "ticker": "KXHIGHNY-25FEB14-B33.5",
            "count": 22,
            "created_time": "2025-02-14T04:24:55.057267Z",
            "yes_price": 4,
            "no_price": 96,
            "taker_side": "no"
        },
        {
            "trade_id": "f7bfe7f6-ad2a-48fc-995e-8dcffe5caa9a",
            "ticker": "KXHIGHNY-25FEB14-B33.5",
            "count": 44,
            "created_time": "2025-02-14T03:41:52.577892Z",
            "yes_price": 11,
            "no_price": 89,
            "taker_side": "yes"
        },
        {
            "trade_id": "df24fcc6-71e9-49b8-ab66-181773e750ad",
            "ticker": "KXHIGHNY-25FEB14-B33.5",
            "count": 45,
            "created_time": "2025-02-14T03:41:52.577892Z",
            "yes_price": 12,
            "no_price": 88,
            "taker_side": "yes"
        },
        {
            "trade_id": "a993754f-3b2d-4e09-98d9-6c6022d9a0f0",
            "ticker": "KXHIGHNY-25FEB14-B33.5",
            "count": 17,
            "created_time": "2025-02-14T03:41:52.577892Z",
            "yes_price": 13,
            "no_price": 87,
            "taker_side": "yes"
        },
        {
            "trade_id": "83ed4214-e764-49f6-b32a-8c6115ad71b1",
            "ticker": "KXHIGHNY-25FEB14-B33.5",
            "count": 87,
            "created_time": "2025-02-14T03:41:52.577892Z",
            "yes_price": 17,
            "no_price": 83,
            "taker_side": "yes"
        },
        {
            "trade_id": "445a30b8-541a-4047-928d-afa236c98506",
            "ticker": "KXHIGHNY-25FEB14-B33.5",
            "count": 4,
            "created_time": "2025-02-14T03:27:32.16057Z",
            "yes_price": 12,
            "no_price": 88,
            "taker_side": "yes"
        },
        {
            "trade_id": "8ea5c54a-fc5f-4d9b-af76-430e846935a8",
            "ticker": "KXHIGHNY-25FEB14-B33.5",
            "count": 1,
            "created_time": "2025-02-14T03:24:21.88404Z",
            "yes_price": 12,
            "no_price": 88,
            "taker_side": "no"
        },
        {
            "trade_id": "25f7ee67-daa3-49a5-90df-4514d2707686",
            "ticker": "KXHIGHNY-25FEB14-B33.5",
            "count": 3,
            "created_time": "2025-02-14T03:21:12.256213Z",
            "yes_price": 13,
            "no_price": 87,
            "taker_side": "yes"
        },
        {
            "trade_id": "9994522e-a49d-4d34-abcb-e58c8d17f2c7",
            "ticker": "KXHIGHNY-25FEB14-B33.5",
            "count": 1,
            "created_time": "2025-02-14T02:55:38.264093Z",
            "yes_price": 3,
            "no_price": 97,
            "taker_side": "no"
        },
        {
            "trade_id": "bf29ec60-2815-4a8e-9a10-ccca1a5089e4",
            "ticker": "KXHIGHNY-25FEB14-B33.5",
            "count": 282,
            "created_time": "2025-02-14T02:55:36.373202Z",
            "yes_price": 8,
            "no_price": 92,
            "taker_side": "yes"
        },
        {
            "trade_id": "824adc22-1a83-4351-ac53-221ff46e912f",
            "ticker": "KXHIGHNY-25FEB14-B33.5",
            "count": 14,
            "created_time": "2025-02-14T02:54:58.75512Z",
            "yes_price": 4,
            "no_price": 96,
            "taker_side": "no"
        },
        {
            "trade_id": "7fedc892-7b48-44b0-a75d-251dcb831ce0",
            "ticker": "KXHIGHNY-25FEB14-B33.5",
            "count": 100,
            "created_time": "2025-02-14T02:54:58.75512Z",
            "yes_price": 4,
            "no_price": 96,
            "taker_side": "no"
        },
        {
            "trade_id": "ffd14aef-b85f-4c27-adfe-cb4f8ffc9c40",
            "ticker": "KXHIGHNY-25FEB14-B33.5",
            "count": 240,
            "created_time": "2025-02-14T02:49:43.971259Z",
            "yes_price": 7,
            "no_price": 93,
            "taker_side": "yes"
        },
        {
            "trade_id": "83a835a9-2490-4bea-a115-a17f5d3a12b6",
            "ticker": "KXHIGHNY-25FEB14-B33.5",
            "count": 4,
            "created_time": "2025-02-14T02:49:43.971259Z",
            "yes_price": 5,
            "no_price": 95,
            "taker_side": "yes"
        },
        {
            "trade_id": "68ecff7c-4db5-4dff-b06b-91006808e930",
            "ticker": "KXHIGHNY-25FEB14-B33.5",
            "count": 44,
            "created_time": "2025-02-14T02:49:43.971259Z",
            "yes_price": 9,
            "no_price": 91,
            "taker_side": "yes"
        },
        {
            "trade_id": "e6df3ded-cd6f-43e5-aec7-c666d9f520af",
            "ticker": "KXHIGHNY-25FEB14-B33.5",
            "count": 1,
            "created_time": "2025-02-14T02:48:29.663341Z",
            "yes_price": 5,
            "no_price": 95,
            "taker_side": "yes"
        },
        {
            "trade_id": "dd057ea6-bf9a-4b09-9e05-224b580c435e",
            "ticker": "KXHIGHNY-25FEB14-B33.5",
            "count": 15,
            "created_time": "2025-02-14T02:44:11.785486Z",
            "yes_price": 5,
            "no_price": 95,
            "taker_side": "yes"
        },
        {
            "trade_id": "cd446b37-0fef-48a1-8e8b-0aad6667f789",
            "ticker": "KXHIGHNY-25FEB14-B33.5",
            "count": 119,
            "created_time": "2025-02-14T02:40:20.268431Z",
            "yes_price": 5,
            "no_price": 95,
            "taker_side": "yes"
        },
        {
            "trade_id": "c06cfdaf-cd01-4f9d-a0d5-ed47be957246",
            "ticker": "KXHIGHNY-25FEB14-B33.5",
            "count": 20,
            "created_time": "2025-02-14T02:40:20.268431Z",
            "yes_price": 5,
            "no_price": 95,
            "taker_side": "yes"
        },
        {
            "trade_id": "d1fcaa75-cd3e-429c-99c2-460d16db4793",
            "ticker": "KXHIGHNY-25FEB14-B33.5",
            "count": 1,
            "created_time": "2025-02-14T02:38:57.565851Z",
            "yes_price": 4,
            "no_price": 96,
            "taker_side": "yes"
        },
        {
            "trade_id": "2e4e1952-20c6-4d91-afb9-7309068e1b83",
            "ticker": "KXHIGHNY-25FEB14-B33.5",
            "count": 10,
            "created_time": "2025-02-14T02:35:04.989156Z",
            "yes_price": 4,
            "no_price": 96,
            "taker_side": "yes"
        },
        {
            "trade_id": "e804310c-3b03-43be-b9c4-fcb14c8bc744",
            "ticker": "KXHIGHNY-25FEB14-B33.5",
            "count": 11,
            "created_time": "2025-02-14T02:30:55.933647Z",
            "yes_price": 4,
            "no_price": 96,
            "taker_side": "yes"
        },
        {
            "trade_id": "cda1e5bd-9e47-4320-849f-4d34e3aaac75",
            "ticker": "KXHIGHNY-25FEB14-B33.5",
            "count": 3,
            "created_time": "2025-02-14T02:30:55.933647Z",
            "yes_price": 4,
            "no_price": 96,
            "taker_side": "yes"
        },
        {
            "trade_id": "ae945483-df96-4519-bfa0-9ac5828ccb10",
            "ticker": "KXHIGHNY-25FEB14-B33.5",
            "count": 147,
            "created_time": "2025-02-14T02:30:55.933647Z",
            "yes_price": 5,
            "no_price": 95,
            "taker_side": "yes"
        },
        {
            "trade_id": "48dd117c-2b57-4c0f-a995-97ee195b300a",
            "ticker": "KXHIGHNY-25FEB14-B33.5",
            "count": 22,
            "created_time": "2025-02-14T02:30:55.933647Z",
            "yes_price": 4,
            "no_price": 96,
            "taker_side": "yes"
        },
        {
            "trade_id": "13ebd1d2-583a-400a-8623-6bb8db0e7d7f",
            "ticker": "KXHIGHNY-25FEB14-B33.5",
            "count": 250,
            "created_time": "2025-02-14T02:30:55.933647Z",
            "yes_price": 4,
            "no_price": 96,
            "taker_side": "yes"
        },
        {
            "trade_id": "db76f200-6e89-427c-b684-1ee2f741e13f",
            "ticker": "KXHIGHNY-25FEB14-B33.5",
            "count": 34,
            "created_time": "2025-02-14T02:29:27.556862Z",
            "yes_price": 3,
            "no_price": 97,
            "taker_side": "yes"
        },
        {
            "trade_id": "5603604b-c389-4e2c-817a-35328d9a3587",
            "ticker": "KXHIGHNY-25FEB14-B33.5",
            "count": 84,
            "created_time": "2025-02-14T02:26:16.755018Z",
            "yes_price": 3,
            "no_price": 97,
            "taker_side": "no"
        },
        {
            "trade_id": "8660aa57-676d-4ef7-8b7a-5bd9c4c45d2b",
            "ticker": "KXHIGHNY-25FEB14-B33.5",
            "count": 36,
            "created_time": "2025-02-14T02:08:01.803968Z",
            "yes_price": 4,
            "no_price": 96,
            "taker_side": "no"
        },
        {
            "trade_id": "05e939b4-98cd-4c60-b750-bca5d9d25c5b",
            "ticker": "KXHIGHNY-25FEB14-B33.5",
            "count": 59,
            "created_time": "2025-02-14T02:06:10.741675Z",
            "yes_price": 8,
            "no_price": 92,
            "taker_side": "no"
        },
        {
            "trade_id": "fc8a054c-a37c-4591-91e1-3508a2f3bd96",
            "ticker": "KXHIGHNY-25FEB14-B33.5",
            "count": 173,
            "created_time": "2025-02-14T02:03:33.95433Z",
            "yes_price": 8,
            "no_price": 92,
            "taker_side": "no"
        },
        {
            "trade_id": "c9987cd2-014c-4038-bb10-bbb1f4184854",
            "ticker": "KXHIGHNY-25FEB14-B33.5",
            "count": 13,
            "created_time": "2025-02-14T02:03:33.95433Z",
            "yes_price": 8,
            "no_price": 92,
            "taker_side": "no"
        },
        {
            "trade_id": "ca6c7035-68d0-4b1c-b3ca-20fbf7cfe64c",
            "ticker": "KXHIGHNY-25FEB14-B33.5",
            "count": 1133,
            "created_time": "2025-02-14T01:50:50.961248Z",
            "yes_price": 12,
            "no_price": 88,
            "taker_side": "yes"
        },
        {
            "trade_id": "9812f055-1989-4e39-80e5-d8b75e8dd945",
            "ticker": "KXHIGHNY-25FEB14-B33.5",
            "count": 100,
            "created_time": "2025-02-14T01:50:50.961248Z",
            "yes_price": 12,
            "no_price": 88,
            "taker_side": "yes"
        },
        {
            "trade_id": "af45d00d-7a51-4cf7-a3dd-e95d61457a5a",
            "ticker": "KXHIGHNY-25FEB14-B33.5",
            "count": 99,
            "created_time": "2025-02-14T00:42:56.816301Z",
            "yes_price": 12,
            "no_price": 88,
            "taker_side": "yes"
        },
        {
            "trade_id": "995aabdf-1015-4c84-a073-52e54e413695",
            "ticker": "KXHIGHNY-25FEB14-B33.5",
            "count": 1,
            "created_time": "2025-02-14T00:42:56.816301Z",
            "yes_price": 12,
            "no_price": 88,
            "taker_side": "yes"
        },
        {
            "trade_id": "760d6e1a-450a-487c-84bb-42fc8e612366",
            "ticker": "KXHIGHNY-25FEB14-B33.5",
            "count": 246,
            "created_time": "2025-02-14T00:42:56.816301Z",
            "yes_price": 13,
            "no_price": 87,
            "taker_side": "yes"
        },
        {
            "trade_id": "574789f4-491a-4383-aeb6-e6172f550bd1",
            "ticker": "KXHIGHNY-25FEB14-B33.5",
            "count": 25,
            "created_time": "2025-02-14T00:42:56.816301Z",
            "yes_price": 12,
            "no_price": 88,
            "taker_side": "yes"
        },
        {
            "trade_id": "f84051d3-3a36-4d8d-a802-7f10d1d97754",
            "ticker": "KXHIGHNY-25FEB14-B33.5",
            "count": 52,
            "created_time": "2025-02-14T00:25:48.457664Z",
            "yes_price": 8,
            "no_price": 92,
            "taker_side": "no"
        },
        {
            "trade_id": "40d81439-3e4b-4d6d-8e44-a34fb4412b10",
            "ticker": "KXHIGHNY-25FEB14-B33.5",
            "count": 36,
            "created_time": "2025-02-14T00:25:48.457664Z",
            "yes_price": 10,
            "no_price": 90,
            "taker_side": "no"
        },
        {
            "trade_id": "0b323a1a-99a6-48b4-b29c-3b8d532eba2b",
            "ticker": "KXHIGHNY-25FEB14-B33.5",
            "count": 20,
            "created_time": "2025-02-14T00:25:48.457664Z",
            "yes_price": 8,
            "no_price": 92,
            "taker_side": "no"
        },
        {
            "trade_id": "d3cf121a-7b10-4e1b-a945-aa261026eacd",
            "ticker": "KXHIGHNY-25FEB14-B33.5",
            "count": 100,
            "created_time": "2025-02-14T00:17:55.974349Z",
            "yes_price": 9,
            "no_price": 91,
            "taker_side": "no"
        },
        {
            "trade_id": "246f9c09-beba-43a8-ad85-264ac9fc50ea",
            "ticker": "KXHIGHNY-25FEB14-B33.5",
            "count": 50,
            "created_time": "2025-02-14T00:17:55.974349Z",
            "yes_price": 9,
            "no_price": 91,
            "taker_side": "no"
        },
        {
            "trade_id": "ee11e7ef-e44f-41d6-b6bf-b9b84231880e",
            "ticker": "KXHIGHNY-25FEB14-B33.5",
            "count": 36,
            "created_time": "2025-02-14T00:11:18.250728Z",
            "yes_price": 13,
            "no_price": 87,
            "taker_side": "yes"
        },
        {
            "trade_id": "f4212241-b912-4118-b450-f13911b04381",
            "ticker": "KXHIGHNY-25FEB14-B33.5",
            "count": 2,
            "created_time": "2025-02-14T00:07:15.12352Z",
            "yes_price": 9,
            "no_price": 91,
            "taker_side": "no"
        },
        {
            "trade_id": "f1761f40-c8ce-4220-b229-f8736d494b05",
            "ticker": "KXHIGHNY-25FEB14-B33.5",
            "count": 6,
            "created_time": "2025-02-13T22:51:28.744503Z",
            "yes_price": 15,
            "no_price": 85,
            "taker_side": "yes"
        },
        {
            "trade_id": "61e02d2b-d820-46c3-b7be-d604828369e2",
            "ticker": "KXHIGHNY-25FEB14-B33.5",
            "count": 24,
            "created_time": "2025-02-13T22:51:28.744503Z",
            "yes_price": 15,
            "no_price": 85,
            "taker_side": "yes"
        },
        {
            "trade_id": "54a876ec-b27b-4686-9acd-ca47e4818741",
            "ticker": "KXHIGHNY-25FEB14-B33.5",
            "count": 367,
            "created_time": "2025-02-13T22:51:28.744503Z",
            "yes_price": 16,
            "no_price": 84,
            "taker_side": "yes"
        },
        {
            "trade_id": "fbf83935-ed95-4d03-8ca0-2007780e2781",
            "ticker": "KXHIGHNY-25FEB14-B33.5",
            "count": 37,
            "created_time": "2025-02-13T22:29:03.240278Z",
            "yes_price": 12,
            "no_price": 88,
            "taker_side": "yes"
        },
        {
            "trade_id": "cbb2095e-bd93-4bac-a9e9-a18acc1edcae",
            "ticker": "KXHIGHNY-25FEB14-B33.5",
            "count": 7,
            "created_time": "2025-02-13T22:29:03.240278Z",
            "yes_price": 40,
            "no_price": 60,
            "taker_side": "yes"
        },
        {
            "trade_id": "c9427241-4ed6-481a-b480-3062c60645b5",
            "ticker": "KXHIGHNY-25FEB14-B33.5",
            "count": 25,
            "created_time": "2025-02-13T22:29:03.240278Z",
            "yes_price": 11,
            "no_price": 89,
            "taker_side": "yes"
        },
        {
            "trade_id": "a4a8e35a-9728-4785-a194-69bad0b2d8b1",
            "ticker": "KXHIGHNY-25FEB14-B33.5",
            "count": 240,
            "created_time": "2025-02-13T22:29:03.240278Z",
            "yes_price": 16,
            "no_price": 84,
            "taker_side": "yes"
        },
        {
            "trade_id": "915c6dca-b004-4d29-9340-5d425bb34606",
            "ticker": "KXHIGHNY-25FEB14-B33.5",
            "count": 240,
            "created_time": "2025-02-13T22:29:03.240278Z",
            "yes_price": 14,
            "no_price": 86,
            "taker_side": "yes"
        },
        {
            "trade_id": "66761228-fcbb-4bd5-b940-4f4d9d5e5995",
            "ticker": "KXHIGHNY-25FEB14-B33.5",
            "count": 11,
            "created_time": "2025-02-13T22:29:03.240278Z",
            "yes_price": 19,
            "no_price": 81,
            "taker_side": "yes"
        },
        {
            "trade_id": "601b3a7e-2d4b-4b36-a302-85bc31d1b72e",
            "ticker": "KXHIGHNY-25FEB14-B33.5",
            "count": 28,
            "created_time": "2025-02-13T22:29:03.240278Z",
            "yes_price": 29,
            "no_price": 71,
            "taker_side": "yes"
        },
        {
            "trade_id": "2e48bccc-1a8c-4564-b0a0-75467e380771",
            "ticker": "KXHIGHNY-25FEB14-B33.5",
            "count": 13,
            "created_time": "2025-02-13T22:29:03.240278Z",
            "yes_price": 12,
            "no_price": 88,
            "taker_side": "yes"
        },
        {
            "trade_id": "24ddbafd-9f2d-4bf6-8b07-ff633274b43e",
            "ticker": "KXHIGHNY-25FEB14-B33.5",
            "count": 5,
            "created_time": "2025-02-13T22:29:03.240278Z",
            "yes_price": 12,
            "no_price": 88,
            "taker_side": "yes"
        },
        {
            "trade_id": "562221cb-a9e5-4032-8a63-3c10501f7104",
            "ticker": "KXHIGHNY-25FEB14-B33.5",
            "count": 25,
            "created_time": "2025-02-13T22:19:21.989481Z",
            "yes_price": 7,
            "no_price": 93,
            "taker_side": "no"
        },
        {
            "trade_id": "a8be5d2f-1cd9-4c4d-883c-b946065f81da",
            "ticker": "KXHIGHNY-25FEB14-B33.5",
            "count": 12,
            "created_time": "2025-02-13T22:14:00.130236Z",
            "yes_price": 12,
            "no_price": 88,
            "taker_side": "yes"
        },
        {
            "trade_id": "d75379d2-1857-4bd5-a52f-c2a1c08caf22",
            "ticker": "KXHIGHNY-25FEB14-B33.5",
            "count": 4,
            "created_time": "2025-02-13T21:52:11.984149Z",
            "yes_price": 20,
            "no_price": 80,
            "taker_side": "yes"
        },
        {
            "trade_id": "e40a1c3d-f9fb-4231-88a9-2d034c08fa64",
            "ticker": "KXHIGHNY-25FEB14-B33.5",
            "count": 1,
            "created_time": "2025-02-13T21:47:27.107167Z",
            "yes_price": 10,
            "no_price": 90,
            "taker_side": "yes"
        },
        {
            "trade_id": "6ece7bf3-3488-4bae-b019-55bc2ee449f5",
            "ticker": "KXHIGHNY-25FEB14-B33.5",
            "count": 13,
            "created_time": "2025-02-13T21:26:26.982467Z",
            "yes_price": 21,
            "no_price": 79,
            "taker_side": "yes"
        },
        {
            "trade_id": "5889d20d-acba-4c8a-95e9-e5312dc89c90",
            "ticker": "KXHIGHNY-25FEB14-B33.5",
            "count": 25,
            "created_time": "2025-02-13T21:26:26.982467Z",
            "yes_price": 21,
            "no_price": 79,
            "taker_side": "yes"
        },
        {
            "trade_id": "358c0484-6290-45bf-896d-97c6f8b05d38",
            "ticker": "KXHIGHNY-25FEB14-B33.5",
            "count": 18,
            "created_time": "2025-02-13T21:26:26.982467Z",
            "yes_price": 21,
            "no_price": 79,
            "taker_side": "yes"
        },
        {
            "trade_id": "19da7a1f-e334-4fde-b659-3ea973c8f0a1",
            "ticker": "KXHIGHNY-25FEB14-B33.5",
            "count": 12,
            "created_time": "2025-02-13T21:26:26.982467Z",
            "yes_price": 20,
            "no_price": 80,
            "taker_side": "yes"
        },
        {
            "trade_id": "72f34c5a-89a2-441d-b895-449f56975e71",
            "ticker": "KXHIGHNY-25FEB14-B33.5",
            "count": 12,
            "created_time": "2025-02-13T21:24:55.624203Z",
            "yes_price": 19,
            "no_price": 81,
            "taker_side": "yes"
        },
        {
            "trade_id": "4fe6c2f7-de54-4129-bf10-df23c886aeb0",
            "ticker": "KXHIGHNY-25FEB14-B33.5",
            "count": 34,
            "created_time": "2025-02-13T21:24:55.624203Z",
            "yes_price": 21,
            "no_price": 79,
            "taker_side": "yes"
        },
        {
            "trade_id": "d7b48e29-ea92-4d95-bdc4-0468ff3185f8",
            "ticker": "KXHIGHNY-25FEB14-B33.5",
            "count": 6,
            "created_time": "2025-02-13T21:04:08.213296Z",
            "yes_price": 18,
            "no_price": 82,
            "taker_side": "no"
        },
        {
            "trade_id": "a3e7c402-b87d-4ca3-bd9c-198e6b269674",
            "ticker": "KXHIGHNY-25FEB14-B33.5",
            "count": 5,
            "created_time": "2025-02-13T21:04:08.213296Z",
            "yes_price": 18,
            "no_price": 82,
            "taker_side": "no"
        },
        {
            "trade_id": "6cd94eee-7562-4b87-bc2f-1ecab313c0b9",
            "ticker": "KXHIGHNY-25FEB14-B33.5",
            "count": 12,
            "created_time": "2025-02-13T21:03:08.91789Z",
            "yes_price": 18,
            "no_price": 82,
            "taker_side": "no"
        },
        {
            "trade_id": "5357d7b5-52e9-4e55-85bb-a78935696760",
            "ticker": "KXHIGHNY-25FEB14-B33.5",
            "count": 12,
            "created_time": "2025-02-13T21:02:07.621872Z",
            "yes_price": 18,
            "no_price": 82,
            "taker_side": "no"
        },
        {
            "trade_id": "386c719f-a56e-4eca-bcc2-2a73f7d3f08f",
            "ticker": "KXHIGHNY-25FEB14-B33.5",
            "count": 12,
            "created_time": "2025-02-13T21:01:14.607377Z",
            "yes_price": 18,
            "no_price": 82,
            "taker_side": "no"
        },
        {
            "trade_id": "2cb1f1c0-0286-433b-832e-eaa55737d000",
            "ticker": "KXHIGHNY-25FEB14-B33.5",
            "count": 12,
            "created_time": "2025-02-13T21:00:37.719801Z",
            "yes_price": 18,
            "no_price": 82,
            "taker_side": "no"
        },
        {
            "trade_id": "e943fa98-5a87-4a37-b240-33b953fe2153",
            "ticker": "KXHIGHNY-25FEB14-B33.5",
            "count": 13,
            "created_time": "2025-02-13T20:59:07.411734Z",
            "yes_price": 18,
            "no_price": 82,
            "taker_side": "no"
        },
        {
            "trade_id": "c37a94c4-581e-42c9-b989-5ac3b25e0e98",
            "ticker": "KXHIGHNY-25FEB14-B33.5",
            "count": 13,
            "created_time": "2025-02-13T20:58:07.501097Z",
            "yes_price": 18,
            "no_price": 82,
            "taker_side": "no"
        },
        {
            "trade_id": "f392271e-0535-43f6-88c6-856fc2935bd9",
            "ticker": "KXHIGHNY-25FEB14-B33.5",
            "count": 84,
            "created_time": "2025-02-13T20:57:32.353476Z",
            "yes_price": 21,
            "no_price": 79,
            "taker_side": "yes"
        },
        {
            "trade_id": "c61ef584-eb0f-4df4-a3e0-3c5e082c2263",
            "ticker": "KXHIGHNY-25FEB14-B33.5",
            "count": 27,
            "created_time": "2025-02-13T20:57:32.353476Z",
            "yes_price": 25,
            "no_price": 75,
            "taker_side": "yes"
        },
        {
            "trade_id": "7b44f1d3-d66e-444c-aae0-ebb628e0000b",
            "ticker": "KXHIGHNY-25FEB14-B33.5",
            "count": 20,
            "created_time": "2025-02-13T20:57:32.353476Z",
            "yes_price": 24,
            "no_price": 76,
            "taker_side": "yes"
        },
        {
            "trade_id": "436b65ae-2f2b-4161-ae39-a38621520499",
            "ticker": "KXHIGHNY-25FEB14-B33.5",
            "count": 2,
            "created_time": "2025-02-13T20:57:32.353476Z",
            "yes_price": 21,
            "no_price": 79,
            "taker_side": "yes"
        },
        {
            "trade_id": "31341526-925e-4218-b32a-2047e8bf2858",
            "ticker": "KXHIGHNY-25FEB14-B33.5",
            "count": 12,
            "created_time": "2025-02-13T20:57:32.353476Z",
            "yes_price": 21,
            "no_price": 79,
            "taker_side": "yes"
        },
        {
            "trade_id": "2652e12e-7a9e-4d7d-975a-828de6ecd733",
            "ticker": "KXHIGHNY-25FEB14-B33.5",
            "count": 12,
            "created_time": "2025-02-13T20:57:32.353476Z",
            "yes_price": 16,
            "no_price": 84,
            "taker_side": "yes"
        },
        {
            "trade_id": "1e91d75d-2a7e-49d2-9270-fc5c19486eca",
            "ticker": "KXHIGHNY-25FEB14-B33.5",
            "count": 21,
            "created_time": "2025-02-13T20:57:32.353476Z",
            "yes_price": 21,
            "no_price": 79,
            "taker_side": "yes"
        },
        {
            "trade_id": "1c193c5c-f2c8-42b5-a9a0-bb0451bfb644",
            "ticker": "KXHIGHNY-25FEB14-B33.5",
            "count": 2,
            "created_time": "2025-02-13T20:57:32.353476Z",
            "yes_price": 21,
            "no_price": 79,
            "taker_side": "yes"
        },
        {
            "trade_id": "0815b13d-e65f-4645-ac4c-e7cd462f8952",
            "ticker": "KXHIGHNY-25FEB14-B33.5",
            "count": 240,
            "created_time": "2025-02-13T20:57:32.353476Z",
            "yes_price": 23,
            "no_price": 77,
            "taker_side": "yes"
        },
        {
            "trade_id": "6340a56c-c578-435e-ad20-9a67f0b22a22",
            "ticker": "KXHIGHNY-25FEB14-B33.5",
            "count": 11,
            "created_time": "2025-02-13T20:56:18.11234Z",
            "yes_price": 15,
            "no_price": 85,
            "taker_side": "no"
        },
        {
            "trade_id": "1a75fdb1-8cc6-417e-ad0a-eea962d3a00b",
            "ticker": "KXHIGHNY-25FEB14-B33.5",
            "count": 12,
            "created_time": "2025-02-13T20:55:39.514675Z",
            "yes_price": 15,
            "no_price": 85,
            "taker_side": "no"
        },
        {
            "trade_id": "aee648f0-f4d4-466d-a3ba-b3d3fd8a98ed",
            "ticker": "KXHIGHNY-25FEB14-B33.5",
            "count": 12,
            "created_time": "2025-02-13T20:54:07.525838Z",
            "yes_price": 16,
            "no_price": 84,
            "taker_side": "no"
        },
        {
            "trade_id": "0adb3ea6-e033-4896-bdbe-3352f70c8b6e",
            "ticker": "KXHIGHNY-25FEB14-B33.5",
            "count": 1,
            "created_time": "2025-02-13T20:54:07.525838Z",
            "yes_price": 16,
            "no_price": 84,
            "taker_side": "no"
        },
        {
            "trade_id": "c94c20bd-a0f0-4d82-adec-b225bfb82ada",
            "ticker": "KXHIGHNY-25FEB14-B33.5",
            "count": 13,
            "created_time": "2025-02-13T20:53:07.442516Z",
            "yes_price": 16,
            "no_price": 84,
            "taker_side": "no"
        },
        {
            "trade_id": "126768af-a4e1-4942-a510-f21dfd30633f",
            "ticker": "KXHIGHNY-25FEB14-B33.5",
            "count": 14,
            "created_time": "2025-02-13T20:52:08.39156Z",
            "yes_price": 16,
            "no_price": 84,
            "taker_side": "no"
        },
        {
            "trade_id": "5ededa92-ad56-41cc-bf56-18069363ca66",
            "ticker": "KXHIGHNY-25FEB14-B33.5",
            "count": 15,
            "created_time": "2025-02-13T20:51:12.199254Z",
            "yes_price": 16,
            "no_price": 84,
            "taker_side": "no"
        },
        {
            "trade_id": "ec112f8b-782d-4193-a07b-60808ecc8e85",
            "ticker": "KXHIGHNY-25FEB14-B33.5",
            "count": 16,
            "created_time": "2025-02-13T20:50:23.199602Z",
            "yes_price": 16,
            "no_price": 84,
            "taker_side": "no"
        },
        {
            "trade_id": "90e7e79f-f14d-4acf-ac69-73cc6e6a99e2",
            "ticker": "KXHIGHNY-25FEB14-B33.5",
            "count": 16,
            "created_time": "2025-02-13T20:49:08.238646Z",
            "yes_price": 16,
            "no_price": 84,
            "taker_side": "no"
        },
        {
            "trade_id": "1e373832-32ad-4e50-b8f3-67b46ff643ea",
            "ticker": "KXHIGHNY-25FEB14-B33.5",
            "count": 15,
            "created_time": "2025-02-13T20:48:07.034269Z",
            "yes_price": 14,
            "no_price": 86,
            "taker_side": "no"
        },
        {
            "trade_id": "90be6ec6-ab9c-4b7a-997a-d5c9505440ad",
            "ticker": "KXHIGHNY-25FEB14-B33.5",
            "count": 15,
            "created_time": "2025-02-13T20:47:08.278452Z",
            "yes_price": 14,
            "no_price": 86,
            "taker_side": "no"
        },
        {
            "trade_id": "1e99e595-ba14-42ee-b3bf-92deb6863ca3",
            "ticker": "KXHIGHNY-25FEB14-B33.5",
            "count": 16,
            "created_time": "2025-02-13T20:46:13.040563Z",
            "yes_price": 14,
            "no_price": 86,
            "taker_side": "no"
        },
        {
            "trade_id": "f4b10ab6-4c39-4246-b43f-ffcfe3371152",
            "ticker": "KXHIGHNY-25FEB14-B33.5",
            "count": 240,
            "created_time": "2025-02-13T16:11:47.400371Z",
            "yes_price": 10,
            "no_price": 90,
            "taker_side": "no"
        },
        {
            "trade_id": "e4680abd-5644-4fac-9f06-871cb907fce5",
            "ticker": "KXHIGHNY-25FEB14-B33.5",
            "count": 200,
            "created_time": "2025-02-13T16:11:47.400371Z",
            "yes_price": 7,
            "no_price": 93,
            "taker_side": "no"
        },
        {
            "trade_id": "a4a5893b-a16a-466e-99b4-f13ebcd21729",
            "ticker": "KXHIGHNY-25FEB14-B33.5",
            "count": 50,
            "created_time": "2025-02-13T16:11:47.400371Z",
            "yes_price": 1,
            "no_price": 99,
            "taker_side": "no"
        },
        {
            "trade_id": "903e2ac6-7ffe-4c1d-abd0-3d9f917d02d2",
            "ticker": "KXHIGHNY-25FEB14-B33.5",
            "count": 50,
            "created_time": "2025-02-13T16:11:47.400371Z",
            "yes_price": 3,
            "no_price": 97,
            "taker_side": "no"
        },
        {
            "trade_id": "87cf24c9-65d1-42c0-92a6-61c03d6431c1",
            "ticker": "KXHIGHNY-25FEB14-B33.5",
            "count": 40,
            "created_time": "2025-02-13T16:11:47.400371Z",
            "yes_price": 6,
            "no_price": 94,
            "taker_side": "no"
        },
        {
            "trade_id": "865b9748-d554-4ba6-baa1-11ce6d67ea2e",
            "ticker": "KXHIGHNY-25FEB14-B33.5",
            "count": 200,
            "created_time": "2025-02-13T16:11:47.400371Z",
            "yes_price": 1,
            "no_price": 99,
            "taker_side": "no"
        },
        {
            "trade_id": "6079cccd-9e02-4a54-b0bf-ec4f4011be7a",
            "ticker": "KXHIGHNY-25FEB14-B33.5",
            "count": 200,
            "created_time": "2025-02-13T16:11:47.400371Z",
            "yes_price": 5,
            "no_price": 95,
            "taker_side": "no"
        },
        {
            "trade_id": "528609f7-a8e0-4758-9e1e-c7d58e59a57b",
            "ticker": "KXHIGHNY-25FEB14-B33.5",
            "count": 1,
            "created_time": "2025-02-13T16:11:47.400371Z",
            "yes_price": 14,
            "no_price": 86,
            "taker_side": "no"
        },
        {
            "trade_id": "49430195-e873-4b3d-b0df-c40aa607c7a1",
            "ticker": "KXHIGHNY-25FEB14-B33.5",
            "count": 56,
            "created_time": "2025-02-13T16:11:47.400371Z",
            "yes_price": 14,
            "no_price": 86,
            "taker_side": "no"
        },
        {
            "trade_id": "32b35d30-3f9d-40d0-a577-1d0fefd16415",
            "ticker": "KXHIGHNY-25FEB14-B33.5",
            "count": 240,
            "created_time": "2025-02-13T16:11:47.400371Z",
            "yes_price": 12,
            "no_price": 88,
            "taker_side": "no"
        },
        {
            "trade_id": "04195219-d100-4c8c-8963-2d226f1500a6",
            "ticker": "KXHIGHNY-25FEB14-B33.5",
            "count": 149,
            "created_time": "2025-02-13T16:11:47.400371Z",
            "yes_price": 1,
            "no_price": 99,
            "taker_side": "no"
        },
        {
            "trade_id": "0d278e42-da49-4643-9f13-7c574f37f956",
            "ticker": "KXHIGHNY-25FEB14-B33.5",
            "count": 5,
            "created_time": "2025-02-13T15:17:37.163332Z",
            "yes_price": 6,
            "no_price": 94,
            "taker_side": "no"
        },
        {
            "trade_id": "937c275b-c826-4e04-83f8-0b4368d0f243",
            "ticker": "KXHIGHNY-25FEB14-B33.5",
            "count": 47,
            "created_time": "2025-02-13T15:12:56.32619Z",
            "yes_price": 11,
            "no_price": 89,
            "taker_side": "no"
        }
    ],
    "KXHIGHNY-25FEB14-B35.5": [
        {
            "trade_id": "20fa5879-cfc9-40e4-a175-c483c34423b5",
            "ticker": "KXHIGHNY-25FEB14-B35.5",
            "count": 48,
            "created_time": "2025-02-15T04:53:14.417491Z",
            "yes_price": 99,
            "no_price": 1,
            "taker_side": "no"
        },
        {
            "trade_id": "2ad1b1bc-d7aa-4a6a-85a8-e9c5e668e94f",
            "ticker": "KXHIGHNY-25FEB14-B35.5",
            "count": 78,
            "created_time": "2025-02-15T01:31:56.468845Z",
            "yes_price": 99,
            "no_price": 1,
            "taker_side": "no"
        },
        {
            "trade_id": "cd22434e-3015-4ee6-bd8d-b9ebba1c81d5",
            "ticker": "KXHIGHNY-25FEB14-B35.5",
            "count": 36,
            "created_time": "2025-02-15T01:10:58.129253Z",
            "yes_price": 99,
            "no_price": 1,
            "taker_side": "no"
        },
        {
            "trade_id": "0ee3295b-1240-47c4-aa0e-c488bdc77b5d",
            "ticker": "KXHIGHNY-25FEB14-B35.5",
            "count": 100,
            "created_time": "2025-02-15T01:00:26.54795Z",
            "yes_price": 99,
            "no_price": 1,
            "taker_side": "no"
        },
        {
            "trade_id": "dddaa917-dd27-423c-b711-585a1eaed876",
            "ticker": "KXHIGHNY-25FEB14-B35.5",
            "count": 10,
            "created_time": "2025-02-15T00:59:27.801125Z",
            "yes_price": 99,
            "no_price": 1,
            "taker_side": "no"
        },
        {
            "trade_id": "72d08029-261f-4621-bade-f73358218e26",
            "ticker": "KXHIGHNY-25FEB14-B35.5",
            "count": 34,
            "created_time": "2025-02-15T00:58:35.520785Z",
            "yes_price": 99,
            "no_price": 1,
            "taker_side": "no"
        },
        {
            "trade_id": "e525defb-d26b-4d6f-b19a-962bce06ffca",
            "ticker": "KXHIGHNY-25FEB14-B35.5",
            "count": 87,
            "created_time": "2025-02-15T00:46:00.223318Z",
            "yes_price": 99,
            "no_price": 1,
            "taker_side": "no"
        },
        {
            "trade_id": "18120a46-135d-4a4f-a1d2-26e62af748a5",
            "ticker": "KXHIGHNY-25FEB14-B35.5",
            "count": 374,
            "created_time": "2025-02-15T00:22:18.039255Z",
            "yes_price": 99,
            "no_price": 1,
            "taker_side": "no"
        },
        {
            "trade_id": "6a227eb0-6be3-41ad-a1c9-4fae802c25fc",
            "ticker": "KXHIGHNY-25FEB14-B35.5",
            "count": 81,
            "created_time": "2025-02-15T00:17:41.304781Z",
            "yes_price": 99,
            "no_price": 1,
            "taker_side": "no"
        },
        {
            "trade_id": "f9c0d1e9-5ec5-41bd-b263-b695717fec56",
            "ticker": "KXHIGHNY-25FEB14-B35.5",
            "count": 14,
            "created_time": "2025-02-14T23:57:30.229503Z",
            "yes_price": 99,
            "no_price": 1,
            "taker_side": "no"
        },
        {
            "trade_id": "4f7432f7-10fd-426f-8259-7ffcbd9ced68",
            "ticker": "KXHIGHNY-25FEB14-B35.5",
            "count": 4,
            "created_time": "2025-02-14T23:50:23.875091Z",
            "yes_price": 99,
            "no_price": 1,
            "taker_side": "no"
        },
        {
            "trade_id": "a95ba0f0-b128-4b2c-94eb-33e927129afc",
            "ticker": "KXHIGHNY-25FEB14-B35.5",
            "count": 237,
            "created_time": "2025-02-14T23:46:10.945101Z",
            "yes_price": 99,
            "no_price": 1,
            "taker_side": "no"
        },
        {
            "trade_id": "3875fde1-18d6-4c6b-8c43-4f803873595d",
            "ticker": "KXHIGHNY-25FEB14-B35.5",
            "count": 230,
            "created_time": "2025-02-14T23:46:10.945101Z",
            "yes_price": 99,
            "no_price": 1,
            "taker_side": "no"
        },
        {
            "trade_id": "6f159811-755c-4b28-9fbc-2b25bd001535",
            "ticker": "KXHIGHNY-25FEB14-B35.5",
            "count": 80,
            "created_time": "2025-02-14T23:41:19.743897Z",
            "yes_price": 99,
            "no_price": 1,
            "taker_side": "no"
        },
        {
            "trade_id": "4d5a3d91-2b8f-48ee-b370-73a37f746816",
            "ticker": "KXHIGHNY-25FEB14-B35.5",
            "count": 93,
            "created_time": "2025-02-14T23:38:31.529667Z",
            "yes_price": 99,
            "no_price": 1,
            "taker_side": "no"
        },
        {
            "trade_id": "be3ff28c-aa98-4736-ab6c-7d86ff349463",
            "ticker": "KXHIGHNY-25FEB14-B35.5",
            "count": 4,
            "created_time": "2025-02-14T23:20:44.808408Z",
            "yes_price": 99,
            "no_price": 1,
            "taker_side": "no"
        },
        {
            "trade_id": "46821d99-d9a4-4d57-aa7a-3f6fa4388a6a",
            "ticker": "KXHIGHNY-25FEB14-B35.5",
            "count": 467,
            "created_time": "2025-02-14T22:58:11.767301Z",
            "yes_price": 99,
            "no_price": 1,
            "taker_side": "no"
        },
        {
            "trade_id": "599dfadc-0452-4528-b558-cdf54ce53204",
            "ticker": "KXHIGHNY-25FEB14-B35.5",
            "count": 63,
            "created_time": "2025-02-14T22:53:55.286199Z",
            "yes_price": 99,
            "no_price": 1,
            "taker_side": "no"
        },
        {
            "trade_id": "ac6e44b2-83ba-4f75-beb1-4e49d7b07ce1",
            "ticker": "KXHIGHNY-25FEB14-B35.5",
            "count": 93,
            "created_time": "2025-02-14T22:53:46.989226Z",
            "yes_price": 99,
            "no_price": 1,
            "taker_side": "no"
        },
        {
            "trade_id": "28ffcedf-9fcd-4296-8d2d-7c45871776f6",
            "ticker": "KXHIGHNY-25FEB14-B35.5",
            "count": 93,
            "created_time": "2025-02-14T22:34:27.234438Z",
            "yes_price": 99,
            "no_price": 1,
            "taker_side": "no"
        },
        {
            "trade_id": "2df3a255-728e-40e5-91ae-4cde467da023",
            "ticker": "KXHIGHNY-25FEB14-B35.5",
            "count": 1099,
            "created_time": "2025-02-14T22:27:36.753403Z",
            "yes_price": 99,
            "no_price": 1,
            "taker_side": "no"
        },
        {
            "trade_id": "11971214-a306-41e6-906b-73d68c9ba818",
            "ticker": "KXHIGHNY-25FEB14-B35.5",
            "count": 863,
            "created_time": "2025-02-14T22:27:36.753403Z",
            "yes_price": 99,
            "no_price": 1,
            "taker_side": "no"
        },
        {
            "trade_id": "8587c812-c769-4640-b098-4aaf868d20fb",
            "ticker": "KXHIGHNY-25FEB14-B35.5",
            "count": 26,
            "created_time": "2025-02-14T22:19:12.169401Z",
            "yes_price": 99,
            "no_price": 1,
            "taker_side": "no"
        },
        {
            "trade_id": "d5785825-9145-4774-bb83-9db0b19a7f24",
            "ticker": "KXHIGHNY-25FEB14-B35.5",
            "count": 1,
            "created_time": "2025-02-14T22:13:10.999534Z",
            "yes_price": 99,
            "no_price": 1,
            "taker_side": "no"
        },
        {
            "trade_id": "ae39bf6e-5bfc-4c02-9295-7e0b5b7fab45",
            "ticker": "KXHIGHNY-25FEB14-B35.5",
            "count": 10,
            "created_time": "2025-02-14T22:11:26.872147Z",
            "yes_price": 99,
            "no_price": 1,
            "taker_side": "no"
        },
        {
            "trade_id": "2d557137-d04c-420b-a29b-8df5f172533f",
            "ticker": "KXHIGHNY-25FEB14-B35.5",
            "count": 35,
            "created_time": "2025-02-14T22:08:22.187395Z",
            "yes_price": 99,
            "no_price": 1,
            "taker_side": "no"
        },
        {
            "trade_id": "70e3bad1-7f76-42b5-a892-ddcdfedf1205",
            "ticker": "KXHIGHNY-25FEB14-B35.5",
            "count": 1,
            "created_time": "2025-02-14T21:55:30.244946Z",
            "yes_price": 99,
            "no_price": 1,
            "taker_side": "yes"
        },
        {
            "trade_id": "9cfa7ae1-c395-4eec-a01a-ad1e9067a4eb",
            "ticker": "KXHIGHNY-25FEB14-B35.5",
            "count": 54,
            "created_time": "2025-02-14T21:51:12.627816Z",
            "yes_price": 99,
            "no_price": 1,
            "taker_side": "yes"
        },
        {
            "trade_id": "6616b054-4ca2-4cd9-9fe6-c71f35b412c9",
            "ticker": "KXHIGHNY-25FEB14-B35.5",
            "count": 90,
            "created_time": "2025-02-14T21:51:12.627816Z",
            "yes_price": 99,
            "no_price": 1,
            "taker_side": "yes"
        },
        {
            "trade_id": "6343ae43-2920-455c-aa29-2817fa2f3d49",
            "ticker": "KXHIGHNY-25FEB14-B35.5",
            "count": 277,
            "created_time": "2025-02-14T21:51:12.627816Z",
            "yes_price": 99,
            "no_price": 1,
            "taker_side": "yes"
        },
        {
            "trade_id": "7f01427b-639f-4a1b-8f57-d4a984b2fd50",
            "ticker": "KXHIGHNY-25FEB14-B35.5",
            "count": 46,
            "created_time": "2025-02-14T21:47:15.085389Z",
            "yes_price": 99,
            "no_price": 1,
            "taker_side": "yes"
        },
        {
            "trade_id": "7a37d9d8-662b-4ec3-b0da-7c87b1d5821f",
            "ticker": "KXHIGHNY-25FEB14-B35.5",
            "count": 500,
            "created_time": "2025-02-14T21:45:26.695472Z",
            "yes_price": 99,
            "no_price": 1,
            "taker_side": "yes"
        },
        {
            "trade_id": "d78f16b3-7e5a-4fde-b95a-8d1030783d27",
            "ticker": "KXHIGHNY-25FEB14-B35.5",
            "count": 218,
            "created_time": "2025-02-14T21:45:11.580811Z",
            "yes_price": 99,
            "no_price": 1,
            "taker_side": "yes"
        },
        {
            "trade_id": "01203b1f-1c5d-4abd-b4bb-f157d4fef422",
            "ticker": "KXHIGHNY-25FEB14-B35.5",
            "count": 65,
            "created_time": "2025-02-14T21:41:09.827837Z",
            "yes_price": 97,
            "no_price": 3,
            "taker_side": "no"
        },
        {
            "trade_id": "8570c7cc-32c2-49f5-8956-337e25e2dd7c",
            "ticker": "KXHIGHNY-25FEB14-B35.5",
            "count": 21,
            "created_time": "2025-02-14T21:40:14.712694Z",
            "yes_price": 98,
            "no_price": 2,
            "taker_side": "no"
        },
        {
            "trade_id": "d64ce72e-5d93-4193-bda6-3fb0ad3ee035",
            "ticker": "KXHIGHNY-25FEB14-B35.5",
            "count": 704,
            "created_time": "2025-02-14T21:40:07.897173Z",
            "yes_price": 99,
            "no_price": 1,
            "taker_side": "yes"
        },
        {
            "trade_id": "88dadb2f-b036-4fb9-bafa-1f874ff63cd7",
            "ticker": "KXHIGHNY-25FEB14-B35.5",
            "count": 416,
            "created_time": "2025-02-14T21:40:07.897173Z",
            "yes_price": 99,
            "no_price": 1,
            "taker_side": "yes"
        },
        {
            "trade_id": "b1813ccd-8152-4bf0-827a-31955864ed5c",
            "ticker": "KXHIGHNY-25FEB14-B35.5",
            "count": 1,
            "created_time": "2025-02-14T21:36:37.17852Z",
            "yes_price": 97,
            "no_price": 3,
            "taker_side": "no"
        },
        {
            "trade_id": "2c9c0388-71e5-4045-9a6a-19d2f6099cec",
            "ticker": "KXHIGHNY-25FEB14-B35.5",
            "count": 84,
            "created_time": "2025-02-14T21:35:18.587564Z",
            "yes_price": 99,
            "no_price": 1,
            "taker_side": "yes"
        },
        {
            "trade_id": "93ce7439-2d97-4d8b-9f25-59fcc3531eca",
            "ticker": "KXHIGHNY-25FEB14-B35.5",
            "count": 17,
            "created_time": "2025-02-14T21:34:49.216952Z",
            "yes_price": 96,
            "no_price": 4,
            "taker_side": "no"
        },
        {
            "trade_id": "798a3df2-2084-413d-ae58-7f6ea1e77b6e",
            "ticker": "KXHIGHNY-25FEB14-B35.5",
            "count": 54,
            "created_time": "2025-02-14T21:33:50.077661Z",
            "yes_price": 96,
            "no_price": 4,
            "taker_side": "no"
        },
        {
            "trade_id": "4628bf12-6f07-44fb-bfdf-31e188d8c4f2",
            "ticker": "KXHIGHNY-25FEB14-B35.5",
            "count": 50,
            "created_time": "2025-02-14T21:33:50.077661Z",
            "yes_price": 97,
            "no_price": 3,
            "taker_side": "no"
        },
        {
            "trade_id": "9cfc3639-2986-4a06-9ec8-6152f6605fe8",
            "ticker": "KXHIGHNY-25FEB14-B35.5",
            "count": 50,
            "created_time": "2025-02-14T21:33:07.060966Z",
            "yes_price": 98,
            "no_price": 2,
            "taker_side": "yes"
        },
        {
            "trade_id": "dc4ce245-a6ed-4278-ac7b-b93ef8041b83",
            "ticker": "KXHIGHNY-25FEB14-B35.5",
            "count": 128,
            "created_time": "2025-02-14T21:31:41.397497Z",
            "yes_price": 98,
            "no_price": 2,
            "taker_side": "yes"
        },
        {
            "trade_id": "41c1a04f-8d17-4be4-b8b9-6e860cfdd122",
            "ticker": "KXHIGHNY-25FEB14-B35.5",
            "count": 10,
            "created_time": "2025-02-14T21:23:55.504213Z",
            "yes_price": 95,
            "no_price": 5,
            "taker_side": "no"
        },
        {
            "trade_id": "aed26a8a-89c8-464d-b1ab-69fbaeaa26dd",
            "ticker": "KXHIGHNY-25FEB14-B35.5",
            "count": 165,
            "created_time": "2025-02-14T21:22:50.242915Z",
            "yes_price": 96,
            "no_price": 4,
            "taker_side": "yes"
        },
        {
            "trade_id": "bf78b628-481f-4d70-94a3-6706f577d0b4",
            "ticker": "KXHIGHNY-25FEB14-B35.5",
            "count": 52,
            "created_time": "2025-02-14T21:20:20.070709Z",
            "yes_price": 95,
            "no_price": 5,
            "taker_side": "no"
        },
        {
            "trade_id": "a4320333-952f-4982-a0f9-9973929c9dfa",
            "ticker": "KXHIGHNY-25FEB14-B35.5",
            "count": 502,
            "created_time": "2025-02-14T21:20:19.219804Z",
            "yes_price": 95,
            "no_price": 5,
            "taker_side": "no"
        },
        {
            "trade_id": "589b5314-e60e-409b-93eb-43bec93e5f6f",
            "ticker": "KXHIGHNY-25FEB14-B35.5",
            "count": 502,
            "created_time": "2025-02-14T21:20:18.365559Z",
            "yes_price": 95,
            "no_price": 5,
            "taker_side": "no"
        },
        {
            "trade_id": "53788856-a84b-432f-a3cd-97af0226d2ea",
            "ticker": "KXHIGHNY-25FEB14-B35.5",
            "count": 502,
            "created_time": "2025-02-14T21:20:17.481887Z",
            "yes_price": 95,
            "no_price": 5,
            "taker_side": "no"
        },
        {
            "trade_id": "6d90877c-0847-4200-af2f-ef9153c46311",
            "ticker": "KXHIGHNY-25FEB14-B35.5",
            "count": 502,
            "created_time": "2025-02-14T21:20:16.622471Z",
            "yes_price": 95,
            "no_price": 5,
            "taker_side": "no"
        },
        {
            "trade_id": "3d7d4ee6-442e-40fb-ac68-971a7a2a954c",
            "ticker": "KXHIGHNY-25FEB14-B35.5",
            "count": 502,
            "created_time": "2025-02-14T21:20:15.760483Z",
            "yes_price": 95,
            "no_price": 5,
            "taker_side": "no"
        },
        {
            "trade_id": "a123584f-6135-440b-9d05-95fc7efbd2a3",
            "ticker": "KXHIGHNY-25FEB14-B35.5",
            "count": 1,
            "created_time": "2025-02-14T21:20:14.892078Z",
            "yes_price": 95,
            "no_price": 5,
            "taker_side": "no"
        },
        {
            "trade_id": "9f4594b7-acb9-4003-9343-48ddab3a7d30",
            "ticker": "KXHIGHNY-25FEB14-B35.5",
            "count": 51,
            "created_time": "2025-02-14T21:20:14.892078Z",
            "yes_price": 95,
            "no_price": 5,
            "taker_side": "no"
        },
        {
            "trade_id": "5a4da5fd-5310-4060-9e6b-9cd3bcb6b965",
            "ticker": "KXHIGHNY-25FEB14-B35.5",
            "count": 10,
            "created_time": "2025-02-14T21:16:04.335943Z",
            "yes_price": 96,
            "no_price": 4,
            "taker_side": "yes"
        },
        {
            "trade_id": "de54a5b3-a70e-47e8-8c6a-97571d6b0274",
            "ticker": "KXHIGHNY-25FEB14-B35.5",
            "count": 1,
            "created_time": "2025-02-14T21:15:28.545948Z",
            "yes_price": 88,
            "no_price": 12,
            "taker_side": "no"
        },
        {
            "trade_id": "6f675d92-91ba-4d47-a07a-a9dce0088273",
            "ticker": "KXHIGHNY-25FEB14-B35.5",
            "count": 30,
            "created_time": "2025-02-14T21:13:26.251853Z",
            "yes_price": 95,
            "no_price": 5,
            "taker_side": "yes"
        },
        {
            "trade_id": "cc2fb5b9-2cb1-4b16-882d-c8c622565fe0",
            "ticker": "KXHIGHNY-25FEB14-B35.5",
            "count": 14,
            "created_time": "2025-02-14T21:12:28.340857Z",
            "yes_price": 95,
            "no_price": 5,
            "taker_side": "yes"
        },
        {
            "trade_id": "1c656466-e0b4-4b6b-b9b8-b504648aee4a",
            "ticker": "KXHIGHNY-25FEB14-B35.5",
            "count": 788,
            "created_time": "2025-02-14T21:08:08.759338Z",
            "yes_price": 93,
            "no_price": 7,
            "taker_side": "yes"
        },
        {
            "trade_id": "34e3f341-081d-4958-a783-9baad2643e48",
            "ticker": "KXHIGHNY-25FEB14-B35.5",
            "count": 39,
            "created_time": "2025-02-14T21:06:12.304394Z",
            "yes_price": 84,
            "no_price": 16,
            "taker_side": "no"
        },
        {
            "trade_id": "2155bdb0-f2f0-4d2c-9394-d070a5e0e3ff",
            "ticker": "KXHIGHNY-25FEB14-B35.5",
            "count": 1,
            "created_time": "2025-02-14T21:02:12.674553Z",
            "yes_price": 90,
            "no_price": 10,
            "taker_side": "yes"
        },
        {
            "trade_id": "a62d5f35-964a-4697-a828-d7992cffba0d",
            "ticker": "KXHIGHNY-25FEB14-B35.5",
            "count": 18,
            "created_time": "2025-02-14T20:59:47.028075Z",
            "yes_price": 83,
            "no_price": 17,
            "taker_side": "no"
        },
        {
            "trade_id": "a1995400-c680-46fa-ba84-3d9726212925",
            "ticker": "KXHIGHNY-25FEB14-B35.5",
            "count": 20,
            "created_time": "2025-02-14T20:57:44.340653Z",
            "yes_price": 89,
            "no_price": 11,
            "taker_side": "yes"
        },
        {
            "trade_id": "d2150b18-6f79-4ff2-a76f-3cb321e88756",
            "ticker": "KXHIGHNY-25FEB14-B35.5",
            "count": 275,
            "created_time": "2025-02-14T20:57:12.777165Z",
            "yes_price": 90,
            "no_price": 10,
            "taker_side": "yes"
        },
        {
            "trade_id": "bd649c25-9fa1-490f-9a86-c360c521497a",
            "ticker": "KXHIGHNY-25FEB14-B35.5",
            "count": 50,
            "created_time": "2025-02-14T20:54:51.582356Z",
            "yes_price": 89,
            "no_price": 11,
            "taker_side": "yes"
        },
        {
            "trade_id": "4810ac27-4b98-4f70-bd9e-4d4f04d2f00a",
            "ticker": "KXHIGHNY-25FEB14-B35.5",
            "count": 6,
            "created_time": "2025-02-14T20:54:25.85066Z",
            "yes_price": 89,
            "no_price": 11,
            "taker_side": "no"
        },
        {
            "trade_id": "6aa55a0e-1d44-42c4-8f0e-a17d6b17302a",
            "ticker": "KXHIGHNY-25FEB14-B35.5",
            "count": 11,
            "created_time": "2025-02-14T20:54:20.970945Z",
            "yes_price": 90,
            "no_price": 10,
            "taker_side": "yes"
        },
        {
            "trade_id": "b8c9ec52-e8f1-4f0d-8b33-294a1626e30a",
            "ticker": "KXHIGHNY-25FEB14-B35.5",
            "count": 1,
            "created_time": "2025-02-14T20:53:22.700589Z",
            "yes_price": 90,
            "no_price": 10,
            "taker_side": "yes"
        },
        {
            "trade_id": "f142688c-23f8-4095-84d9-5613961e993a",
            "ticker": "KXHIGHNY-25FEB14-B35.5",
            "count": 9,
            "created_time": "2025-02-14T20:50:39.077425Z",
            "yes_price": 89,
            "no_price": 11,
            "taker_side": "yes"
        },
        {
            "trade_id": "c84d43dc-c431-4939-b642-43b23f516402",
            "ticker": "KXHIGHNY-25FEB14-B35.5",
            "count": 32,
            "created_time": "2025-02-14T20:47:20.711428Z",
            "yes_price": 88,
            "no_price": 12,
            "taker_side": "yes"
        },
        {
            "trade_id": "8b3925ed-41e0-4ec1-b093-bfa3d1aaac6a",
            "ticker": "KXHIGHNY-25FEB14-B35.5",
            "count": 1,
            "created_time": "2025-02-14T20:45:42.490895Z",
            "yes_price": 87,
            "no_price": 13,
            "taker_side": "yes"
        },
        {
            "trade_id": "8d68fc1b-18f1-4e94-93dd-5bcbf9cde0f4",
            "ticker": "KXHIGHNY-25FEB14-B35.5",
            "count": 5,
            "created_time": "2025-02-14T20:43:09.447183Z",
            "yes_price": 87,
            "no_price": 13,
            "taker_side": "yes"
        },
        {
            "trade_id": "328136d6-ccd7-4b62-8d0e-1cd163e170dd",
            "ticker": "KXHIGHNY-25FEB14-B35.5",
            "count": 5,
            "created_time": "2025-02-14T20:43:09.447183Z",
            "yes_price": 85,
            "no_price": 15,
            "taker_side": "yes"
        },
        {
            "trade_id": "f072b0f7-ee45-4dcf-9191-48f9411d7ee6",
            "ticker": "KXHIGHNY-25FEB14-B35.5",
            "count": 5,
            "created_time": "2025-02-14T20:36:40.229234Z",
            "yes_price": 85,
            "no_price": 15,
            "taker_side": "yes"
        },
        {
            "trade_id": "2af0c026-1aca-4315-a43f-d06daf207f5b",
            "ticker": "KXHIGHNY-25FEB14-B35.5",
            "count": 9,
            "created_time": "2025-02-14T20:33:36.591517Z",
            "yes_price": 81,
            "no_price": 19,
            "taker_side": "no"
        },
        {
            "trade_id": "58cec418-4c2c-4406-bdf9-4cf55fc91c82",
            "ticker": "KXHIGHNY-25FEB14-B35.5",
            "count": 3,
            "created_time": "2025-02-14T20:30:08.566747Z",
            "yes_price": 88,
            "no_price": 12,
            "taker_side": "yes"
        },
        {
            "trade_id": "1342cd08-7a85-4966-89aa-0c436ba0afa4",
            "ticker": "KXHIGHNY-25FEB14-B35.5",
            "count": 36,
            "created_time": "2025-02-14T20:29:21.485883Z",
            "yes_price": 84,
            "no_price": 16,
            "taker_side": "no"
        },
        {
            "trade_id": "c12edd6a-9d66-474f-ac4d-fa09dc4971f1",
            "ticker": "KXHIGHNY-25FEB14-B35.5",
            "count": 78,
            "created_time": "2025-02-14T20:27:13.687678Z",
            "yes_price": 81,
            "no_price": 19,
            "taker_side": "no"
        },
        {
            "trade_id": "bd5ca053-c44f-458b-88b7-056ae498dbed",
            "ticker": "KXHIGHNY-25FEB14-B35.5",
            "count": 50,
            "created_time": "2025-02-14T20:27:13.687678Z",
            "yes_price": 82,
            "no_price": 18,
            "taker_side": "no"
        },
        {
            "trade_id": "a6ed2d72-1452-4f2b-aa07-44414d66b760",
            "ticker": "KXHIGHNY-25FEB14-B35.5",
            "count": 35,
            "created_time": "2025-02-14T20:27:13.687678Z",
            "yes_price": 86,
            "no_price": 14,
            "taker_side": "no"
        },
        {
            "trade_id": "633814b0-d0ef-426e-95ce-b4abe3eb0d74",
            "ticker": "KXHIGHNY-25FEB14-B35.5",
            "count": 87,
            "created_time": "2025-02-14T20:27:13.687678Z",
            "yes_price": 85,
            "no_price": 15,
            "taker_side": "no"
        },
        {
            "trade_id": "ad7e3883-96d5-435c-9ded-14ffb9af063e",
            "ticker": "KXHIGHNY-25FEB14-B35.5",
            "count": 10,
            "created_time": "2025-02-14T20:26:47.304619Z",
            "yes_price": 87,
            "no_price": 13,
            "taker_side": "yes"
        },
        {
            "trade_id": "1edd4a31-8ca0-4544-a78f-a5fb2791a21e",
            "ticker": "KXHIGHNY-25FEB14-B35.5",
            "count": 78,
            "created_time": "2025-02-14T20:25:46.72953Z",
            "yes_price": 95,
            "no_price": 5,
            "taker_side": "no"
        },
        {
            "trade_id": "8ee969a9-39ae-43d2-8dc6-c895e19898dd",
            "ticker": "KXHIGHNY-25FEB14-B35.5",
            "count": 22,
            "created_time": "2025-02-14T20:25:46.594267Z",
            "yes_price": 95,
            "no_price": 5,
            "taker_side": "yes"
        },
        {
            "trade_id": "69aed5f9-015d-44c4-bb2b-9b3c98252cc7",
            "ticker": "KXHIGHNY-25FEB14-B35.5",
            "count": 23,
            "created_time": "2025-02-14T20:18:18.786951Z",
            "yes_price": 95,
            "no_price": 5,
            "taker_side": "yes"
        },
        {
            "trade_id": "88675e1e-80c6-42ed-b389-0d745953e629",
            "ticker": "KXHIGHNY-25FEB14-B35.5",
            "count": 792,
            "created_time": "2025-02-14T20:14:56.967502Z",
            "yes_price": 85,
            "no_price": 15,
            "taker_side": "yes"
        },
        {
            "trade_id": "c53955bb-b901-41f9-b76c-5dbbd04e2f00",
            "ticker": "KXHIGHNY-25FEB14-B35.5",
            "count": 38,
            "created_time": "2025-02-14T20:14:51.240811Z",
            "yes_price": 86,
            "no_price": 14,
            "taker_side": "no"
        },
        {
            "trade_id": "a89a6c98-7225-46a9-a423-890c1d5e964c",
            "ticker": "KXHIGHNY-25FEB14-B35.5",
            "count": 500,
            "created_time": "2025-02-14T20:14:51.240811Z",
            "yes_price": 85,
            "no_price": 15,
            "taker_side": "no"
        },
        {
            "trade_id": "6463d3fe-4e32-4f53-9f6d-790002fdcb2f",
            "ticker": "KXHIGHNY-25FEB14-B35.5",
            "count": 10,
            "created_time": "2025-02-14T20:14:37.202702Z",
            "yes_price": 88,
            "no_price": 12,
            "taker_side": "yes"
        },
        {
            "trade_id": "3341a9ef-110d-45d1-b89b-2f1fb35ea524",
            "ticker": "KXHIGHNY-25FEB14-B35.5",
            "count": 14,
            "created_time": "2025-02-14T20:14:06.670975Z",
            "yes_price": 90,
            "no_price": 10,
            "taker_side": "yes"
        },
        {
            "trade_id": "4b2800b3-35aa-4b02-989f-72b60af86282",
            "ticker": "KXHIGHNY-25FEB14-B35.5",
            "count": 100,
            "created_time": "2025-02-14T20:13:53.998912Z",
            "yes_price": 90,
            "no_price": 10,
            "taker_side": "yes"
        },
        {
            "trade_id": "810c49d8-d8e5-4aa9-b3d0-bb7d0b0da830",
            "ticker": "KXHIGHNY-25FEB14-B35.5",
            "count": 10,
            "created_time": "2025-02-14T20:11:41.529872Z",
            "yes_price": 87,
            "no_price": 13,
            "taker_side": "yes"
        },
        {
            "trade_id": "3b7506a3-9a66-4fe7-bd1e-a16d8ed57efe",
            "ticker": "KXHIGHNY-25FEB14-B35.5",
            "count": 50,
            "created_time": "2025-02-14T20:11:41.529872Z",
            "yes_price": 88,
            "no_price": 12,
            "taker_side": "yes"
        },
        {
            "trade_id": "f96d26a5-5964-4187-b5ad-866e2abfa305",
            "ticker": "KXHIGHNY-25FEB14-B35.5",
            "count": 20,
            "created_time": "2025-02-14T20:11:29.030163Z",
            "yes_price": 74,
            "no_price": 26,
            "taker_side": "no"
        },
        {
            "trade_id": "c957f3f4-38d4-4409-a4f0-3a122d5ae03f",
            "ticker": "KXHIGHNY-25FEB14-B35.5",
            "count": 10,
            "created_time": "2025-02-14T20:11:29.030163Z",
            "yes_price": 74,
            "no_price": 26,
            "taker_side": "no"
        },
        {
            "trade_id": "7dac2ce4-864e-46e0-901f-ac67a47d9800",
            "ticker": "KXHIGHNY-25FEB14-B35.5",
            "count": 2,
            "created_time": "2025-02-14T20:11:29.030163Z",
            "yes_price": 74,
            "no_price": 26,
            "taker_side": "no"
        },
        {
            "trade_id": "1737b0b0-2720-4206-b187-f7e8826a27e5",
            "ticker": "KXHIGHNY-25FEB14-B35.5",
            "count": 9,
            "created_time": "2025-02-14T20:11:29.030163Z",
            "yes_price": 74,
            "no_price": 26,
            "taker_side": "no"
        },
        {
            "trade_id": "77f47b60-ad46-4f96-a0ae-cbfaca945ce4",
            "ticker": "KXHIGHNY-25FEB14-B35.5",
            "count": 1,
            "created_time": "2025-02-14T20:06:27.72783Z",
            "yes_price": 85,
            "no_price": 15,
            "taker_side": "yes"
        },
        {
            "trade_id": "86a2dfab-b080-4343-b26a-fecd9fa415da",
            "ticker": "KXHIGHNY-25FEB14-B35.5",
            "count": 38,
            "created_time": "2025-02-14T20:03:51.212476Z",
            "yes_price": 85,
            "no_price": 15,
            "taker_side": "yes"
        },
        {
            "trade_id": "fe8b6437-05f1-4c8b-b88e-87c002533ebd",
            "ticker": "KXHIGHNY-25FEB14-B35.5",
            "count": 98,
            "created_time": "2025-02-14T20:03:26.973381Z",
            "yes_price": 85,
            "no_price": 15,
            "taker_side": "yes"
        },
        {
            "trade_id": "65d5aad7-1a89-4a6a-aa2e-8f04ae4fd7e4",
            "ticker": "KXHIGHNY-25FEB14-B35.5",
            "count": 17,
            "created_time": "2025-02-14T20:03:26.973381Z",
            "yes_price": 83,
            "no_price": 17,
            "taker_side": "yes"
        },
        {
            "trade_id": "b3eea31e-449e-48ca-b908-8dbfe439142a",
            "ticker": "KXHIGHNY-25FEB14-B35.5",
            "count": 23,
            "created_time": "2025-02-14T19:59:22.480503Z",
            "yes_price": 83,
            "no_price": 17,
            "taker_side": "yes"
        },
        {
            "trade_id": "575f9ba7-1bf7-48f9-8619-c5a51621e29a",
            "ticker": "KXHIGHNY-25FEB14-B35.5",
            "count": 30,
            "created_time": "2025-02-14T19:58:35.048983Z",
            "yes_price": 80,
            "no_price": 20,
            "taker_side": "yes"
        },
        {
            "trade_id": "ea2a10c3-5a2d-4b9a-98e1-d1c7c3f585b6",
            "ticker": "KXHIGHNY-25FEB14-B35.5",
            "count": 10,
            "created_time": "2025-02-14T19:57:06.677435Z",
            "yes_price": 76,
            "no_price": 24,
            "taker_side": "yes"
        },
        {
            "trade_id": "c6bfdd48-1548-4fb9-9707-4a982df42139",
