{
    "KXHIGHNY-25APR05-T53": [
        {
            "trade_id": "d2ff4edf-8ace-4b0d-802b-555d3299bbab",
            "ticker": "KXHIGHNY-25APR05-T53",
            "count": 1870,
            "created_time": "2025-04-05T20:26:14.294065Z",
            "yes_price": 1,
            "no_price": 99,
            "taker_side": "yes"
        },
        {
            "trade_id": "e0ec61bb-2383-4c5c-9a0e-7a8039f27370",
            "ticker": "KXHIGHNY-25APR05-T53",
            "count": 187,
            "created_time": "2025-04-05T18:15:56.763737Z",
            "yes_price": 1,
            "no_price": 99,
            "taker_side": "yes"
        },
        {
            "trade_id": "b701c511-e45c-4b30-bc1f-5146829fe24e",
            "ticker": "KXHIGHNY-25APR05-T53",
            "count": 371,
            "created_time": "2025-04-05T16:26:30.121985Z",
            "yes_price": 1,
            "no_price": 99,
            "taker_side": "yes"
        },
        {
            "trade_id": "2eb83528-b70a-4074-982f-de637acb60ea",
            "ticker": "KXHIGHNY-25APR05-T53",
            "count": 131,
            "created_time": "2025-04-05T16:26:30.121985Z",
            "yes_price": 1,
            "no_price": 99,
            "taker_side": "yes"
        },
        {
            "trade_id": "602dad7d-af9a-4ae9-bd8b-d3d5c7d92c31",
            "ticker": "KXHIGHNY-25APR05-T53",
            "count": 93,
            "created_time": "2025-04-05T13:36:28.063308Z",
            "yes_price": 1,
            "no_price": 99,
            "taker_side": "yes"
        },
        {
            "trade_id": "e35e6592-5ee0-4ea0-a8eb-6055bc54fd7a",
            "ticker": "KXHIGHNY-25APR05-T53",
            "count": 1309,
            "created_time": "2025-04-05T05:12:16.071182Z",
            "yes_price": 1,
            "no_price": 99,
            "taker_side": "yes"
        },
        {
            "trade_id": "464b0536-f2c3-40e0-b168-9e3075ebd011",
            "ticker": "KXHIGHNY-25APR05-T53",
            "count": 467,
            "created_time": "2025-04-05T03:53:03.107508Z",
            "yes_price": 1,
            "no_price": 99,
            "taker_side": "yes"
        },
        {
            "trade_id": "ca24b3a8-b599-4f25-9f77-b8699e6f6af3",
            "ticker": "KXHIGHNY-25APR05-T53",
            "count": 37,
            "created_time": "2025-04-05T03:01:14.334493Z",
            "yes_price": 1,
            "no_price": 99,
            "taker_side": "yes"
        },
        {
            "trade_id": "52725248-bdd5-4d86-9635-681afa49596f",
            "ticker": "KXHIGHNY-25APR05-T53",
            "count": 963,
            "created_time": "2025-04-05T03:01:14.334493Z",
            "yes_price": 1,
            "no_price": 99,
            "taker_side": "yes"
        },
        {
            "trade_id": "e618424e-3573-4d88-940f-f19b0e7052f6",
            "ticker": "KXHIGHNY-25APR05-T53",
            "count": 16,
            "created_time": "2025-04-05T02:46:37.128517Z",
            "yes_price": 1,
            "no_price": 99,
            "taker_side": "no"
        },
        {
            "trade_id": "dd6d8e49-9e19-49f6-87a3-9981a3a9d9c9",
            "ticker": "KXHIGHNY-25APR05-T53",
            "count": 184,
            "created_time": "2025-04-05T02:45:16.287044Z",
            "yes_price": 1,
            "no_price": 99,
            "taker_side": "no"
        },
        {
            "trade_id": "c9bbea7a-5efc-4a57-8922-6c5fdf792e1d",
            "ticker": "KXHIGHNY-25APR05-T53",
            "count": 29,
            "created_time": "2025-04-05T02:45:16.287044Z",
            "yes_price": 1,
            "no_price": 99,
            "taker_side": "no"
        },
        {
            "trade_id": "b9f76ee8-cd23-4fa8-ae5f-7e60551db466",
            "ticker": "KXHIGHNY-25APR05-T53",
            "count": 82,
            "created_time": "2025-04-05T02:40:02.894039Z",
            "yes_price": 1,
            "no_price": 99,
            "taker_side": "no"
        },
        {
            "trade_id": "5ad7767f-b73a-422b-80df-a768f9850ed9",
            "ticker": "KXHIGHNY-25APR05-T53",
            "count": 500,
            "created_time": "2025-04-05T02:23:31.502227Z",
            "yes_price": 2,
            "no_price": 98,
            "taker_side": "yes"
        },
        {
            "trade_id": "6584a815-f317-435e-b6e0-f8b7769ece5d",
            "ticker": "KXHIGHNY-25APR05-T53",
            "count": 13,
            "created_time": "2025-04-05T01:46:38.407707Z",
            "yes_price": 2,
            "no_price": 98,
            "taker_side": "no"
        },
        {
            "trade_id": "1a5c269b-3a27-4e2a-8f4f-a2cb7fc68fd5",
            "ticker": "KXHIGHNY-25APR05-T53",
            "count": 200,
            "created_time": "2025-04-05T01:32:41.388702Z",
            "yes_price": 3,
            "no_price": 97,
            "taker_side": "no"
        },
        {
            "trade_id": "66780809-33a4-4d45-a556-c419ba1fc364",
            "ticker": "KXHIGHNY-25APR05-T53",
            "count": 37,
            "created_time": "2025-04-05T01:03:48.123468Z",
            "yes_price": 7,
            "no_price": 93,
            "taker_side": "yes"
        },
        {
            "trade_id": "c73e681a-a08a-4341-b597-24bab465de55",
            "ticker": "KXHIGHNY-25APR05-T53",
            "count": 100,
            "created_time": "2025-04-05T00:42:39.394869Z",
            "yes_price": 9,
            "no_price": 91,
            "taker_side": "yes"
        },
        {
            "trade_id": "9aa8ac8a-eeb0-4c34-983a-94c6e9156312",
            "ticker": "KXHIGHNY-25APR05-T53",
            "count": 50,
            "created_time": "2025-04-05T00:42:39.394869Z",
            "yes_price": 6,
            "no_price": 94,
            "taker_side": "yes"
        },
        {
            "trade_id": "99fb5c5a-1214-4334-bdc9-a704833ec91f",
            "ticker": "KXHIGHNY-25APR05-T53",
            "count": 122,
            "created_time": "2025-04-05T00:42:39.394869Z",
            "yes_price": 9,
            "no_price": 91,
            "taker_side": "yes"
        },
        {
            "trade_id": "7bc8439e-c09d-419c-9440-5c7ba57dd536",
            "ticker": "KXHIGHNY-25APR05-T53",
            "count": 150,
            "created_time": "2025-04-05T00:42:39.394869Z",
            "yes_price": 8,
            "no_price": 92,
            "taker_side": "yes"
        },
        {
            "trade_id": "4531036a-c5ac-4822-9c01-87f582863a2b",
            "ticker": "KXHIGHNY-25APR05-T53",
            "count": 50,
            "created_time": "2025-04-05T00:42:39.394869Z",
            "yes_price": 4,
            "no_price": 96,
            "taker_side": "yes"
        },
        {
            "trade_id": "39bfa7eb-6dba-430b-8981-0286e74fd0c6",
            "ticker": "KXHIGHNY-25APR05-T53",
            "count": 50,
            "created_time": "2025-04-05T00:42:39.394869Z",
            "yes_price": 8,
            "no_price": 92,
            "taker_side": "yes"
        },
        {
            "trade_id": "1b7ee62f-f32d-44f2-8880-fabface90d74",
            "ticker": "KXHIGHNY-25APR05-T53",
            "count": 50,
            "created_time": "2025-04-05T00:42:39.394869Z",
            "yes_price": 7,
            "no_price": 93,
            "taker_side": "yes"
        },
        {
            "trade_id": "12ee0449-c4ff-4849-bcf0-29d60fbbb32d",
            "ticker": "KXHIGHNY-25APR05-T53",
            "count": 48,
            "created_time": "2025-04-05T00:42:39.394869Z",
            "yes_price": 5,
            "no_price": 95,
            "taker_side": "yes"
        },
        {
            "trade_id": "6d21a14f-a308-4a3a-bd3d-9f1661840a1f",
            "ticker": "KXHIGHNY-25APR05-T53",
            "count": 373,
            "created_time": "2025-04-05T00:16:53.737316Z",
            "yes_price": 5,
            "no_price": 95,
            "taker_side": "yes"
        },
        {
            "trade_id": "3aca6e34-5bd3-4b2e-87bd-4a0fc8976007",
            "ticker": "KXHIGHNY-25APR05-T53",
            "count": 100,
            "created_time": "2025-04-04T23:58:28.602601Z",
            "yes_price": 3,
            "no_price": 97,
            "taker_side": "yes"
        },
        {
            "trade_id": "6ba78f2c-1431-45a8-bec9-91b0986a9c51",
            "ticker": "KXHIGHNY-25APR05-T53",
            "count": 25,
            "created_time": "2025-04-04T23:58:16.190001Z",
            "yes_price": 3,
            "no_price": 97,
            "taker_side": "yes"
        },
        {
            "trade_id": "a1465b86-87b1-4c6a-9f3f-8b3652b57a4f",
            "ticker": "KXHIGHNY-25APR05-T53",
            "count": 25,
            "created_time": "2025-04-04T23:57:42.629216Z",
            "yes_price": 1,
            "no_price": 99,
            "taker_side": "no"
        },
        {
            "trade_id": "f7616f86-a1bf-4f52-a96b-fb4337b0a95d",
            "ticker": "KXHIGHNY-25APR05-T53",
            "count": 75,
            "created_time": "2025-04-04T23:57:19.214307Z",
            "yes_price": 3,
            "no_price": 97,
            "taker_side": "no"
        },
        {
            "trade_id": "a373281b-864a-4b8e-8038-d9182c3703a2",
            "ticker": "KXHIGHNY-25APR05-T53",
            "count": 7,
            "created_time": "2025-04-04T23:10:13.953899Z",
            "yes_price": 3,
            "no_price": 97,
            "taker_side": "no"
        },
        {
            "trade_id": "e7727b98-52bd-4b65-96ba-6b19ae73650a",
            "ticker": "KXHIGHNY-25APR05-T53",
            "count": 1,
            "created_time": "2025-04-04T22:29:03.543348Z",
            "yes_price": 10,
            "no_price": 90,
            "taker_side": "yes"
        },
        {
            "trade_id": "cd2a2586-a410-43fd-b6c2-702b5a9b9ee4",
            "ticker": "KXHIGHNY-25APR05-T53",
            "count": 33,
            "created_time": "2025-04-04T22:29:03.543348Z",
            "yes_price": 11,
            "no_price": 89,
            "taker_side": "yes"
        },
        {
            "trade_id": "ad155989-e980-44d8-8c37-410298de6b9e",
            "ticker": "KXHIGHNY-25APR05-T53",
            "count": 100,
            "created_time": "2025-04-04T22:29:03.543348Z",
            "yes_price": 9,
            "no_price": 91,
            "taker_side": "yes"
        },
        {
            "trade_id": "9a911609-4c03-427f-b7b9-0d1242083653",
            "ticker": "KXHIGHNY-25APR05-T53",
            "count": 5,
            "created_time": "2025-04-04T22:29:03.543348Z",
            "yes_price": 9,
            "no_price": 91,
            "taker_side": "yes"
        },
        {
            "trade_id": "0f105264-faec-4c68-bdea-f8ca1b308e75",
            "ticker": "KXHIGHNY-25APR05-T53",
            "count": 9,
            "created_time": "2025-04-04T22:29:03.543348Z",
            "yes_price": 10,
            "no_price": 90,
            "taker_side": "yes"
        },
        {
            "trade_id": "57625bc0-9c1f-4896-b56c-8400b76cba6e",
            "ticker": "KXHIGHNY-25APR05-T53",
            "count": 20,
            "created_time": "2025-04-04T22:19:33.011171Z",
            "yes_price": 9,
            "no_price": 91,
            "taker_side": "yes"
        },
        {
            "trade_id": "cfbee5ef-ed39-46d7-8887-b878ff0c3d6c",
            "ticker": "KXHIGHNY-25APR05-T53",
            "count": 100,
            "created_time": "2025-04-04T19:00:54.620147Z",
            "yes_price": 9,
            "no_price": 91,
            "taker_side": "yes"
        },
        {
            "trade_id": "34f918cc-9626-4e95-8644-8da3805207dd",
            "ticker": "KXHIGHNY-25APR05-T53",
            "count": 1,
            "created_time": "2025-04-04T19:00:54.620147Z",
            "yes_price": 11,
            "no_price": 89,
            "taker_side": "yes"
        },
        {
            "trade_id": "4956071f-5c59-44fd-863f-bb818f14838e",
            "ticker": "KXHIGHNY-25APR05-T53",
            "count": 36,
            "created_time": "2025-04-04T18:03:20.758698Z",
            "yes_price": 6,
            "no_price": 94,
            "taker_side": "no"
        },
        {
            "trade_id": "ef886dac-ff46-4ffc-858f-97e18af2e656",
            "ticker": "KXHIGHNY-25APR05-T53",
            "count": 13,
            "created_time": "2025-04-04T17:23:55.134266Z",
            "yes_price": 11,
            "no_price": 89,
            "taker_side": "yes"
        },
        {
            "trade_id": "a061f883-655e-4d1a-a8cf-63315d8ac00f",
            "ticker": "KXHIGHNY-25APR05-T53",
            "count": 240,
            "created_time": "2025-04-04T17:12:46.073182Z",
            "yes_price": 11,
            "no_price": 89,
            "taker_side": "yes"
        },
        {
            "trade_id": "05ca8026-1f02-4d73-bd5a-fb45d0512e2d",
            "ticker": "KXHIGHNY-25APR05-T53",
            "count": 102,
            "created_time": "2025-04-04T17:12:46.073182Z",
            "yes_price": 9,
            "no_price": 91,
            "taker_side": "yes"
        },
        {
            "trade_id": "d8008411-8336-4614-bc16-ffefe4ab066f",
            "ticker": "KXHIGHNY-25APR05-T53",
            "count": 21,
            "created_time": "2025-04-04T16:57:44.466785Z",
            "yes_price": 8,
            "no_price": 92,
            "taker_side": "yes"
        },
        {
            "trade_id": "9c224ddb-c459-4a75-b88c-4c280d69e128",
            "ticker": "KXHIGHNY-25APR05-T53",
            "count": 2,
            "created_time": "2025-04-04T16:57:44.466785Z",
            "yes_price": 8,
            "no_price": 92,
            "taker_side": "yes"
        },
        {
            "trade_id": "8b9e25e6-8fbf-433c-b0c6-9d66edd98a0c",
            "ticker": "KXHIGHNY-25APR05-T53",
            "count": 28,
            "created_time": "2025-04-04T16:57:44.466785Z",
            "yes_price": 10,
            "no_price": 90,
            "taker_side": "yes"
        },
        {
            "trade_id": "ec400596-360d-4bdb-8c94-5ee32c461180",
            "ticker": "KXHIGHNY-25APR05-T53",
            "count": 55,
            "created_time": "2025-04-04T16:43:26.087271Z",
            "yes_price": 6,
            "no_price": 94,
            "taker_side": "yes"
        },
        {
            "trade_id": "eb36c8c0-20a4-4cef-b6ea-6a0b9bd91dd5",
            "ticker": "KXHIGHNY-25APR05-T53",
            "count": 1,
            "created_time": "2025-04-04T16:43:26.087271Z",
            "yes_price": 6,
            "no_price": 94,
            "taker_side": "yes"
        },
        {
            "trade_id": "bdb9ba3d-ad07-4265-95ef-2b930f61240f",
            "ticker": "KXHIGHNY-25APR05-T53",
            "count": 8,
            "created_time": "2025-04-04T16:43:26.087271Z",
            "yes_price": 6,
            "no_price": 94,
            "taker_side": "yes"
        },
        {
            "trade_id": "292a3088-c341-4efc-9fcd-d4fd957db4ce",
            "ticker": "KXHIGHNY-25APR05-T53",
            "count": 240,
            "created_time": "2025-04-04T16:43:26.087271Z",
            "yes_price": 8,
            "no_price": 92,
            "taker_side": "yes"
        },
        {
            "trade_id": "65109696-acbe-48d5-b0e0-b28747149fe3",
            "ticker": "KXHIGHNY-25APR05-T53",
            "count": 121,
            "created_time": "2025-04-04T16:15:48.94715Z",
            "yes_price": 4,
            "no_price": 96,
            "taker_side": "no"
        },
        {
            "trade_id": "623f101a-ba58-4983-ac37-95fd8658a3a7",
            "ticker": "KXHIGHNY-25APR05-T53",
            "count": 2,
            "created_time": "2025-04-04T15:29:03.830848Z",
            "yes_price": 6,
            "no_price": 94,
            "taker_side": "yes"
        },
        {
            "trade_id": "4dae7a05-4680-432d-b04e-4759c62f4420",
            "ticker": "KXHIGHNY-25APR05-T53",
            "count": 240,
            "created_time": "2025-04-04T15:29:03.830848Z",
            "yes_price": 8,
            "no_price": 92,
            "taker_side": "yes"
        },
        {
            "trade_id": "425f566a-7926-4c08-8c04-c2fa40f778b9",
            "ticker": "KXHIGHNY-25APR05-T53",
            "count": 76,
            "created_time": "2025-04-04T15:29:03.830848Z",
            "yes_price": 6,
            "no_price": 94,
            "taker_side": "yes"
        },
        {
            "trade_id": "7b831909-581a-4c7d-a743-60ea93cea04d",
            "ticker": "KXHIGHNY-25APR05-T53",
            "count": 2,
            "created_time": "2025-04-04T14:00:56.32097Z",
            "yes_price": 15,
            "no_price": 85,
            "taker_side": "yes"
        }
    ],
    "KXHIGHNY-25APR05-B53.5": [
        {
            "trade_id": "c1484c62-69e5-495a-b902-1a790ae5c5b2",
            "ticker": "KXHIGHNY-25APR05-B53.5",
            "count": 93,
            "created_time": "2025-04-05T22:39:39.09134Z",
            "yes_price": 1,
            "no_price": 99,
            "taker_side": "yes"
        },
        {
            "trade_id": "d0c3ae34-79e2-46b5-a3ac-394f6080afb7",
            "ticker": "KXHIGHNY-25APR05-B53.5",
            "count": 93,
            "created_time": "2025-04-05T13:36:56.610935Z",
            "yes_price": 1,
            "no_price": 99,
            "taker_side": "yes"
        },
        {
            "trade_id": "723f4bd3-47fc-4459-b61d-1b92eb96cbc5",
            "ticker": "KXHIGHNY-25APR05-B53.5",
            "count": 31,
            "created_time": "2025-04-05T12:24:14.181654Z",
            "yes_price": 1,
            "no_price": 99,
            "taker_side": "yes"
        },
        {
            "trade_id": "035ad987-0685-49e5-8852-134913b93d41",
            "ticker": "KXHIGHNY-25APR05-B53.5",
            "count": 93,
            "created_time": "2025-04-05T12:09:34.098426Z",
            "yes_price": 1,
            "no_price": 99,
            "taker_side": "yes"
        },
        {
            "trade_id": "18be3898-dd1d-49c3-a7b1-9eaddf9ccd22",
            "ticker": "KXHIGHNY-25APR05-B53.5",
            "count": 69,
            "created_time": "2025-04-05T12:03:04.4058Z",
            "yes_price": 1,
            "no_price": 99,
            "taker_side": "yes"
        },
        {
            "trade_id": "493260c5-9525-4be4-b4f6-41c2c5f8d76b",
            "ticker": "KXHIGHNY-25APR05-B53.5",
            "count": 58,
            "created_time": "2025-04-05T05:17:06.608595Z",
            "yes_price": 1,
            "no_price": 99,
            "taker_side": "yes"
        },
        {
            "trade_id": "8730aa00-b657-4512-92ff-2e645582e9fe",
            "ticker": "KXHIGHNY-25APR05-B53.5",
            "count": 50,
            "created_time": "2025-04-05T03:18:55.899061Z",
            "yes_price": 1,
            "no_price": 99,
            "taker_side": "no"
        },
        {
            "trade_id": "2cd918e3-9c12-48c7-8fce-dfb9edbf9172",
            "ticker": "KXHIGHNY-25APR05-B53.5",
            "count": 100,
            "created_time": "2025-04-05T03:18:55.899061Z",
            "yes_price": 1,
            "no_price": 99,
            "taker_side": "no"
        },
        {
            "trade_id": "debee08f-7436-4d3f-8a8f-4d39d30ca1f1",
            "ticker": "KXHIGHNY-25APR05-B53.5",
            "count": 37,
            "created_time": "2025-04-05T03:01:06.450332Z",
            "yes_price": 1,
            "no_price": 99,
            "taker_side": "yes"
        },
        {
            "trade_id": "cb1a999d-ca25-43b5-bb2b-a03a4c06ef62",
            "ticker": "KXHIGHNY-25APR05-B53.5",
            "count": 963,
            "created_time": "2025-04-05T03:01:06.450332Z",
            "yes_price": 1,
            "no_price": 99,
            "taker_side": "yes"
        },
        {
            "trade_id": "cc38ef4c-dc7a-4687-bed9-8bdb229b8057",
            "ticker": "KXHIGHNY-25APR05-B53.5",
            "count": 31,
            "created_time": "2025-04-05T02:42:41.295607Z",
            "yes_price": 4,
            "no_price": 96,
            "taker_side": "no"
        },
        {
            "trade_id": "1fbd9c7f-f7dd-47ee-9f91-085ce2cfc8db",
            "ticker": "KXHIGHNY-25APR05-B53.5",
            "count": 37,
            "created_time": "2025-04-05T02:34:19.177329Z",
            "yes_price": 5,
            "no_price": 95,
            "taker_side": "yes"
        },
        {
            "trade_id": "1064abc9-2d3c-47b4-ac53-ed817d216893",
            "ticker": "KXHIGHNY-25APR05-B53.5",
            "count": 49,
            "created_time": "2025-04-05T02:31:40.342884Z",
            "yes_price": 4,
            "no_price": 96,
            "taker_side": "no"
        },
        {
            "trade_id": "e3d91fc1-34c3-4a4f-8c3a-ca224d58da29",
            "ticker": "KXHIGHNY-25APR05-B53.5",
            "count": 225,
            "created_time": "2025-04-05T02:17:51.081143Z",
            "yes_price": 3,
            "no_price": 97,
            "taker_side": "yes"
        },
        {
            "trade_id": "5bc60fe0-9f93-4507-b9a7-ad36d6e65175",
            "ticker": "KXHIGHNY-25APR05-B53.5",
            "count": 300,
            "created_time": "2025-04-05T02:17:51.081143Z",
            "yes_price": 3,
            "no_price": 97,
            "taker_side": "yes"
        },
        {
            "trade_id": "b6f6290d-b355-4264-bb25-de98b769a041",
            "ticker": "KXHIGHNY-25APR05-B53.5",
            "count": 200,
            "created_time": "2025-04-05T02:14:29.432443Z",
            "yes_price": 2,
            "no_price": 98,
            "taker_side": "no"
        },
        {
            "trade_id": "d484aeae-93a1-4ee9-b90b-0974ef22de1c",
            "ticker": "KXHIGHNY-25APR05-B53.5",
            "count": 127,
            "created_time": "2025-04-05T02:10:30.389885Z",
            "yes_price": 3,
            "no_price": 97,
            "taker_side": "yes"
        },
        {
            "trade_id": "c0964520-7775-4965-b507-9ea0f1b199c9",
            "ticker": "KXHIGHNY-25APR05-B53.5",
            "count": 28,
            "created_time": "2025-04-05T02:10:30.389885Z",
            "yes_price": 3,
            "no_price": 97,
            "taker_side": "yes"
        },
        {
            "trade_id": "a7b5dd5f-82a4-46de-8fb9-382d47bd25df",
            "ticker": "KXHIGHNY-25APR05-B53.5",
            "count": 49,
            "created_time": "2025-04-05T02:07:02.348349Z",
            "yes_price": 3,
            "no_price": 97,
            "taker_side": "no"
        },
        {
            "trade_id": "76112cc1-3eec-4060-9ba8-b4190203a498",
            "ticker": "KXHIGHNY-25APR05-B53.5",
            "count": 11,
            "created_time": "2025-04-05T02:07:02.348349Z",
            "yes_price": 3,
            "no_price": 97,
            "taker_side": "no"
        },
        {
            "trade_id": "c58bd1a6-81a4-436f-b57d-0dcb1a67602b",
            "ticker": "KXHIGHNY-25APR05-B53.5",
            "count": 100,
            "created_time": "2025-04-05T01:54:26.835098Z",
            "yes_price": 4,
            "no_price": 96,
            "taker_side": "no"
        },
        {
            "trade_id": "114bb819-b053-4ea1-ac7c-fe57538031f1",
            "ticker": "KXHIGHNY-25APR05-B53.5",
            "count": 25,
            "created_time": "2025-04-05T01:54:26.835098Z",
            "yes_price": 5,
            "no_price": 95,
            "taker_side": "no"
        },
        {
            "trade_id": "cb523215-5b28-4e91-99a7-460317fb88af",
            "ticker": "KXHIGHNY-25APR05-B53.5",
            "count": 13,
            "created_time": "2025-04-05T01:46:38.406376Z",
            "yes_price": 7,
            "no_price": 93,
            "taker_side": "no"
        },
        {
            "trade_id": "e2bc08d7-8d8c-42b8-a849-5448f0f655f9",
            "ticker": "KXHIGHNY-25APR05-B53.5",
            "count": 62,
            "created_time": "2025-04-05T01:41:45.919677Z",
            "yes_price": 8,
            "no_price": 92,
            "taker_side": "yes"
        },
        {
            "trade_id": "ba88d6c4-42bf-4a5a-966b-db6349e9c74d",
            "ticker": "KXHIGHNY-25APR05-B53.5",
            "count": 50,
            "created_time": "2025-04-05T01:41:45.919677Z",
            "yes_price": 9,
            "no_price": 91,
            "taker_side": "yes"
        },
        {
            "trade_id": "5c8ca8d0-a9a3-4286-a94f-a9e55ce88b89",
            "ticker": "KXHIGHNY-25APR05-B53.5",
            "count": 133,
            "created_time": "2025-04-05T01:41:45.919677Z",
            "yes_price": 11,
            "no_price": 89,
            "taker_side": "yes"
        },
        {
            "trade_id": "2dd9275d-2d23-4cfc-bc36-07e1e9a279be",
            "ticker": "KXHIGHNY-25APR05-B53.5",
            "count": 200,
            "created_time": "2025-04-05T01:41:45.919677Z",
            "yes_price": 11,
            "no_price": 89,
            "taker_side": "yes"
        },
        {
            "trade_id": "9ee005b8-34a2-4ce1-a5a9-081379aa273b",
            "ticker": "KXHIGHNY-25APR05-B53.5",
            "count": 10,
            "created_time": "2025-04-05T01:09:12.853847Z",
            "yes_price": 11,
            "no_price": 89,
            "taker_side": "yes"
        },
        {
            "trade_id": "ccbdc5aa-4c34-40be-b668-4aa65f6bd9c6",
            "ticker": "KXHIGHNY-25APR05-B53.5",
            "count": 26,
            "created_time": "2025-04-05T00:21:12.683486Z",
            "yes_price": 11,
            "no_price": 89,
            "taker_side": "no"
        },
        {
            "trade_id": "bb306b69-d726-4f01-9e7e-ed7acb59c729",
            "ticker": "KXHIGHNY-25APR05-B53.5",
            "count": 6,
            "created_time": "2025-04-05T00:21:12.683486Z",
            "yes_price": 11,
            "no_price": 89,
            "taker_side": "no"
        },
        {
            "trade_id": "d26c672b-5e91-4aa1-add4-c346b7141abc",
            "ticker": "KXHIGHNY-25APR05-B53.5",
            "count": 32,
            "created_time": "2025-04-04T23:58:40.122834Z",
            "yes_price": 10,
            "no_price": 90,
            "taker_side": "yes"
        },
        {
            "trade_id": "616d9ae1-5e27-49fc-b244-c754f5bf4ffa",
            "ticker": "KXHIGHNY-25APR05-B53.5",
            "count": 940,
            "created_time": "2025-04-04T23:57:00.752121Z",
            "yes_price": 10,
            "no_price": 90,
            "taker_side": "no"
        },
        {
            "trade_id": "278b5f2a-be6b-4b74-8c42-54cb706a931c",
            "ticker": "KXHIGHNY-25APR05-B53.5",
            "count": 28,
            "created_time": "2025-04-04T23:57:00.752121Z",
            "yes_price": 11,
            "no_price": 89,
            "taker_side": "no"
        },
        {
            "trade_id": "8514110f-44a9-40d8-840c-ac2897843d3f",
            "ticker": "KXHIGHNY-25APR05-B53.5",
            "count": 1,
            "created_time": "2025-04-04T23:31:28.480899Z",
            "yes_price": 12,
            "no_price": 88,
            "taker_side": "no"
        },
        {
            "trade_id": "ad8369e9-214d-4642-8ea2-f120ccb8b84a",
            "ticker": "KXHIGHNY-25APR05-B53.5",
            "count": 48,
            "created_time": "2025-04-04T23:31:20.122215Z",
            "yes_price": 12,
            "no_price": 88,
            "taker_side": "yes"
        },
        {
            "trade_id": "19074002-66ae-46be-bd19-26e6449ccba9",
            "ticker": "KXHIGHNY-25APR05-B53.5",
            "count": 11,
            "created_time": "2025-04-04T23:31:20.122215Z",
            "yes_price": 12,
            "no_price": 88,
            "taker_side": "yes"
        },
        {
            "trade_id": "efb678fd-1f8e-4c32-921a-e297c7ec75d0",
            "ticker": "KXHIGHNY-25APR05-B53.5",
            "count": 22,
            "created_time": "2025-04-04T22:11:18.592551Z",
            "yes_price": 14,
            "no_price": 86,
            "taker_side": "yes"
        },
        {
            "trade_id": "ad273899-421d-4c07-92ae-7e74afb8c682",
            "ticker": "KXHIGHNY-25APR05-B53.5",
            "count": 12,
            "created_time": "2025-04-04T22:11:18.592551Z",
            "yes_price": 13,
            "no_price": 87,
            "taker_side": "yes"
        },
        {
            "trade_id": "1dd59026-2f21-41cd-965b-9e2edbf09ded",
            "ticker": "KXHIGHNY-25APR05-B53.5",
            "count": 191,
            "created_time": "2025-04-04T22:11:18.592551Z",
            "yes_price": 15,
            "no_price": 85,
            "taker_side": "yes"
        },
        {
            "trade_id": "99ce9ede-4d09-4d8e-b357-5121436d8773",
            "ticker": "KXHIGHNY-25APR05-B53.5",
            "count": 16,
            "created_time": "2025-04-04T22:04:50.841836Z",
            "yes_price": 13,
            "no_price": 87,
            "taker_side": "yes"
        },
        {
            "trade_id": "491efa0f-7dab-47bf-a333-319dd9b74073",
            "ticker": "KXHIGHNY-25APR05-B53.5",
            "count": 96,
            "created_time": "2025-04-04T22:04:50.841836Z",
            "yes_price": 13,
            "no_price": 87,
            "taker_side": "yes"
        },
        {
            "trade_id": "1dc355b1-a5ef-4815-a4bb-f726b4d47841",
            "ticker": "KXHIGHNY-25APR05-B53.5",
            "count": 1,
            "created_time": "2025-04-04T21:13:07.015129Z",
            "yes_price": 13,
            "no_price": 87,
            "taker_side": "yes"
        },
        {
            "trade_id": "3221892f-6925-4883-b47a-4ffe40bfb88e",
            "ticker": "KXHIGHNY-25APR05-B53.5",
            "count": 99,
            "created_time": "2025-04-04T19:32:59.446054Z",
            "yes_price": 13,
            "no_price": 87,
            "taker_side": "no"
        },
        {
            "trade_id": "66bf192f-4fb0-476c-9eb6-c7c658023912",
            "ticker": "KXHIGHNY-25APR05-B53.5",
            "count": 99,
            "created_time": "2025-04-04T19:30:48.313204Z",
            "yes_price": 15,
            "no_price": 85,
            "taker_side": "no"
        },
        {
            "trade_id": "1ddeadef-d8f4-41d6-a254-f583813fc37a",
            "ticker": "KXHIGHNY-25APR05-B53.5",
            "count": 25,
            "created_time": "2025-04-04T17:12:48.215675Z",
            "yes_price": 13,
            "no_price": 87,
            "taker_side": "no"
        },
        {
            "trade_id": "c0f341e4-5dd5-4611-8261-82bc709be195",
            "ticker": "KXHIGHNY-25APR05-B53.5",
            "count": 240,
            "created_time": "2025-04-04T17:12:17.652273Z",
            "yes_price": 16,
            "no_price": 84,
            "taker_side": "yes"
        },
        {
            "trade_id": "9c5e0e77-f132-4c3c-8f79-2cf0fcb3ea96",
            "ticker": "KXHIGHNY-25APR05-B53.5",
            "count": 106,
            "created_time": "2025-04-04T17:12:17.652273Z",
            "yes_price": 14,
            "no_price": 86,
            "taker_side": "yes"
        },
        {
            "trade_id": "15b6e94f-3223-4401-91a3-1cd1fdf50a58",
            "ticker": "KXHIGHNY-25APR05-B53.5",
            "count": 31,
            "created_time": "2025-04-04T16:57:54.737847Z",
            "yes_price": 15,
            "no_price": 85,
            "taker_side": "yes"
        },
        {
            "trade_id": "d53cfdcf-6fc5-423a-88a9-8967170283c4",
            "ticker": "KXHIGHNY-25APR05-B53.5",
            "count": 5,
            "created_time": "2025-04-04T16:57:46.614566Z",
            "yes_price": 13,
            "no_price": 87,
            "taker_side": "no"
        },
        {
            "trade_id": "082c8b14-ee02-44b9-bac8-28ed6bfaab11",
            "ticker": "KXHIGHNY-25APR05-B53.5",
            "count": 11,
            "created_time": "2025-04-04T16:54:37.260246Z",
            "yes_price": 13,
            "no_price": 87,
            "taker_side": "no"
        },
        {
            "trade_id": "a272a18e-cc53-4d8c-b5a1-ed1194669d79",
            "ticker": "KXHIGHNY-25APR05-B53.5",
            "count": 1,
            "created_time": "2025-04-04T16:48:40.106947Z",
            "yes_price": 13,
            "no_price": 87,
            "taker_side": "no"
        },
        {
            "trade_id": "f99a26f5-c14f-4e46-b716-c5f6a6fd04f6",
            "ticker": "KXHIGHNY-25APR05-B53.5",
            "count": 36,
            "created_time": "2025-04-04T16:45:37.145252Z",
            "yes_price": 13,
            "no_price": 87,
            "taker_side": "no"
        },
        {
            "trade_id": "889d5e9a-1b17-4afb-8742-8b6116080752",
            "ticker": "KXHIGHNY-25APR05-B53.5",
            "count": 32,
            "created_time": "2025-04-04T16:43:31.416217Z",
            "yes_price": 13,
            "no_price": 87,
            "taker_side": "no"
        },
        {
            "trade_id": "37560db2-90f2-4f0b-a9fe-b97f3582c4ac",
            "ticker": "KXHIGHNY-25APR05-B53.5",
            "count": 16,
            "created_time": "2025-04-04T16:42:37.015176Z",
            "yes_price": 13,
            "no_price": 87,
            "taker_side": "no"
        },
        {
            "trade_id": "f1511584-36db-488a-9bd8-78ff3dcbcce4",
            "ticker": "KXHIGHNY-25APR05-B53.5",
            "count": 4,
            "created_time": "2025-04-04T16:36:35.074964Z",
            "yes_price": 13,
            "no_price": 87,
            "taker_side": "no"
        },
        {
            "trade_id": "4c77ea0f-2a7f-4621-af43-902012a02b65",
            "ticker": "KXHIGHNY-25APR05-B53.5",
            "count": 2,
            "created_time": "2025-04-04T16:35:02.963211Z",
            "yes_price": 13,
            "no_price": 87,
            "taker_side": "no"
        },
        {
            "trade_id": "5aa72932-9bb1-4435-912b-38690bbd4feb",
            "ticker": "KXHIGHNY-25APR05-B53.5",
            "count": 8,
            "created_time": "2025-04-04T16:33:35.55707Z",
            "yes_price": 13,
            "no_price": 87,
            "taker_side": "yes"
        },
        {
            "trade_id": "0c0f0e00-9f21-4aef-a7d0-64c80dbd93d1",
            "ticker": "KXHIGHNY-25APR05-B53.5",
            "count": 3,
            "created_time": "2025-04-04T16:33:35.55707Z",
            "yes_price": 13,
            "no_price": 87,
            "taker_side": "yes"
        },
        {
            "trade_id": "08008c36-25a9-42db-96ad-d16c82c01630",
            "ticker": "KXHIGHNY-25APR05-B53.5",
            "count": 101,
            "created_time": "2025-04-04T16:33:35.55707Z",
            "yes_price": 13,
            "no_price": 87,
            "taker_side": "yes"
        },
        {
            "trade_id": "40cc3d1f-6751-4533-b119-8eab81a38d5a",
            "ticker": "KXHIGHNY-25APR05-B53.5",
            "count": 53,
            "created_time": "2025-04-04T15:45:39.806151Z",
            "yes_price": 17,
            "no_price": 83,
            "taker_side": "yes"
        },
        {
            "trade_id": "1f2f5a79-9c46-4d35-8e8f-28886c20e720",
            "ticker": "KXHIGHNY-25APR05-B53.5",
            "count": 240,
            "created_time": "2025-04-04T15:45:39.806151Z",
            "yes_price": 19,
            "no_price": 81,
            "taker_side": "yes"
        },
        {
            "trade_id": "7bab580d-c9d3-49b8-b154-a68455b68470",
            "ticker": "KXHIGHNY-25APR05-B53.5",
            "count": 112,
            "created_time": "2025-04-04T15:28:32.233796Z",
            "yes_price": 18,
            "no_price": 82,
            "taker_side": "yes"
        },
        {
            "trade_id": "7b5f4304-8157-474e-8410-5f484e3f0361",
            "ticker": "KXHIGHNY-25APR05-B53.5",
            "count": 4,
            "created_time": "2025-04-04T15:28:32.233796Z",
            "yes_price": 18,
            "no_price": 82,
            "taker_side": "yes"
        },
        {
            "trade_id": "373a7486-e1f7-4ad1-9ca8-c72ed470fc1e",
            "ticker": "KXHIGHNY-25APR05-B53.5",
            "count": 55,
            "created_time": "2025-04-04T15:28:32.233796Z",
            "yes_price": 18,
            "no_price": 82,
            "taker_side": "yes"
        },
        {
            "trade_id": "ae07bc2d-888e-4f6e-8fd5-fba93d493396",
            "ticker": "KXHIGHNY-25APR05-B53.5",
            "count": 10,
            "created_time": "2025-04-04T15:01:43.604817Z",
            "yes_price": 17,
            "no_price": 83,
            "taker_side": "no"
        }
    ],
    "KXHIGHNY-25APR05-B55.5": [
        {
            "trade_id": "b293e83a-4437-4e9d-9013-b3b812fe2110",
            "ticker": "KXHIGHNY-25APR05-B55.5",
            "count": 93,
            "created_time": "2025-04-05T13:37:27.268432Z",
            "yes_price": 1,
            "no_price": 99,
            "taker_side": "yes"
        },
        {
            "trade_id": "f5823530-bc2e-4b14-9265-d8eda839d571",
            "ticker": "KXHIGHNY-25APR05-B55.5",
            "count": 93,
            "created_time": "2025-04-05T12:08:44.821251Z",
            "yes_price": 1,
            "no_price": 99,
            "taker_side": "yes"
        },
        {
            "trade_id": "94dd4565-b826-4f64-b534-fac1c90f9831",
            "ticker": "KXHIGHNY-25APR05-B55.5",
            "count": 93,
            "created_time": "2025-04-05T12:02:30.493885Z",
            "yes_price": 1,
            "no_price": 99,
            "taker_side": "yes"
        },
        {
            "trade_id": "4769d713-3be5-47f6-9ed9-77611ef42818",
            "ticker": "KXHIGHNY-25APR05-B55.5",
            "count": 1,
            "created_time": "2025-04-05T04:59:21.918805Z",
            "yes_price": 1,
            "no_price": 99,
            "taker_side": "yes"
        },
        {
            "trade_id": "880685f1-f4de-4354-8e4f-52df0a711d72",
            "ticker": "KXHIGHNY-25APR05-B55.5",
            "count": 899,
            "created_time": "2025-04-05T04:23:41.145878Z",
            "yes_price": 1,
            "no_price": 99,
            "taker_side": "no"
        },
        {
            "trade_id": "e01d77da-ec9a-402d-a930-db13fe091e7b",
            "ticker": "KXHIGHNY-25APR05-B55.5",
            "count": 50,
            "created_time": "2025-04-05T04:20:43.371683Z",
            "yes_price": 1,
            "no_price": 99,
            "taker_side": "no"
        },
        {
            "trade_id": "8cb18cf4-c41c-40f8-a3d4-d68ab28a5864",
            "ticker": "KXHIGHNY-25APR05-B55.5",
            "count": 51,
            "created_time": "2025-04-05T04:17:51.637268Z",
            "yes_price": 1,
            "no_price": 99,
            "taker_side": "no"
        },
        {
            "trade_id": "2b520f7f-83b1-491b-bee4-9c5d84c2b16c",
            "ticker": "KXHIGHNY-25APR05-B55.5",
            "count": 602,
            "created_time": "2025-04-05T04:13:45.427431Z",
            "yes_price": 1,
            "no_price": 99,
            "taker_side": "no"
        },
        {
            "trade_id": "620b1714-1981-4f6d-aaa5-6c5cc70399aa",
            "ticker": "KXHIGHNY-25APR05-B55.5",
            "count": 398,
            "created_time": "2025-04-05T04:13:25.079465Z",
            "yes_price": 1,
            "no_price": 99,
            "taker_side": "yes"
        },
        {
            "trade_id": "c2404a96-6df8-4e74-824f-4cc3c0f88816",
            "ticker": "KXHIGHNY-25APR05-B55.5",
            "count": 139,
            "created_time": "2025-04-05T04:12:30.295988Z",
            "yes_price": 1,
            "no_price": 99,
            "taker_side": "no"
        },
        {
            "trade_id": "b4946b9a-7e0f-4d98-b0ed-e5e846b7e49d",
            "ticker": "KXHIGHNY-25APR05-B55.5",
            "count": 200,
            "created_time": "2025-04-05T04:12:30.295988Z",
            "yes_price": 2,
            "no_price": 98,
            "taker_side": "no"
        },
        {
            "trade_id": "799d400c-f700-4a6f-8a0d-1a0b366ab731",
            "ticker": "KXHIGHNY-25APR05-B55.5",
            "count": 50,
            "created_time": "2025-04-05T04:12:30.295988Z",
            "yes_price": 1,
            "no_price": 99,
            "taker_side": "no"
        },
        {
            "trade_id": "770219cb-e02a-47ac-91b7-521266650968",
            "ticker": "KXHIGHNY-25APR05-B55.5",
            "count": 213,
            "created_time": "2025-04-05T04:12:30.295988Z",
            "yes_price": 2,
            "no_price": 98,
            "taker_side": "no"
        },
        {
            "trade_id": "732a1aa7-4b3b-4f33-98ea-029008d55255",
            "ticker": "KXHIGHNY-25APR05-B55.5",
            "count": 49,
            "created_time": "2025-04-05T04:09:20.912548Z",
            "yes_price": 3,
            "no_price": 97,
            "taker_side": "no"
        },
        {
            "trade_id": "45345bcb-dbe8-410e-aabc-2a17101c387b",
            "ticker": "KXHIGHNY-25APR05-B55.5",
            "count": 13,
            "created_time": "2025-04-05T03:21:12.590847Z",
            "yes_price": 4,
            "no_price": 96,
            "taker_side": "no"
        },
        {
            "trade_id": "c2cb6e8b-0894-46ea-a2c9-67e9321c9ab7",
            "ticker": "KXHIGHNY-25APR05-B55.5",
            "count": 37,
            "created_time": "2025-04-05T02:54:44.514141Z",
            "yes_price": 2,
            "no_price": 98,
            "taker_side": "no"
        },
        {
            "trade_id": "d4f8aa43-c720-4dea-b964-7751c4dac027",
            "ticker": "KXHIGHNY-25APR05-B55.5",
            "count": 50,
            "created_time": "2025-04-05T02:53:01.911972Z",
            "yes_price": 2,
            "no_price": 98,
            "taker_side": "no"
        },
        {
            "trade_id": "713ecb70-28ce-4250-a342-cb7e623a24d2",
            "ticker": "KXHIGHNY-25APR05-B55.5",
            "count": 50,
            "created_time": "2025-04-05T02:47:50.509846Z",
            "yes_price": 6,
            "no_price": 94,
            "taker_side": "yes"
        },
        {
            "trade_id": "0305f2b2-198a-4756-8350-8279c64e11fa",
            "ticker": "KXHIGHNY-25APR05-B55.5",
            "count": 106,
            "created_time": "2025-04-05T02:47:50.509846Z",
            "yes_price": 7,
            "no_price": 93,
            "taker_side": "yes"
        },
        {
            "trade_id": "a5779260-854a-4ef3-82de-bf32ed4ce874",
            "ticker": "KXHIGHNY-25APR05-B55.5",
            "count": 21,
            "created_time": "2025-04-05T02:47:20.694759Z",
            "yes_price": 7,
            "no_price": 93,
            "taker_side": "yes"
        },
        {
            "trade_id": "571e11da-eae2-4629-bd6c-5a8f9dc4ce9c",
            "ticker": "KXHIGHNY-25APR05-B55.5",
            "count": 124,
            "created_time": "2025-04-05T02:47:20.694759Z",
            "yes_price": 6,
            "no_price": 94,
            "taker_side": "yes"
        },
        {
            "trade_id": "4e69208b-09f4-43af-99a5-76a5f44c190e",
            "ticker": "KXHIGHNY-25APR05-B55.5",
            "count": 6,
            "created_time": "2025-04-05T02:47:20.694759Z",
            "yes_price": 7,
            "no_price": 93,
            "taker_side": "yes"
        },
        {
            "trade_id": "47dece08-9e54-4d2b-9df7-1e16a749af44",
            "ticker": "KXHIGHNY-25APR05-B55.5",
            "count": 35,
            "created_time": "2025-04-05T02:33:50.410821Z",
            "yes_price": 8,
            "no_price": 92,
            "taker_side": "yes"
        },
        {
            "trade_id": "1f7abd1d-0481-4692-b922-f4e4423124eb",
            "ticker": "KXHIGHNY-25APR05-B55.5",
            "count": 1,
            "created_time": "2025-04-05T02:32:34.668907Z",
            "yes_price": 8,
            "no_price": 92,
            "taker_side": "yes"
        },
        {
            "trade_id": "9e6f50b7-0b32-4488-93f4-7dca119899b8",
            "ticker": "KXHIGHNY-25APR05-B55.5",
            "count": 12,
            "created_time": "2025-04-05T02:27:09.237328Z",
            "yes_price": 7,
            "no_price": 93,
            "taker_side": "no"
        },
        {
            "trade_id": "8d5b2695-3590-4390-8f2b-f491e559c542",
            "ticker": "KXHIGHNY-25APR05-B55.5",
            "count": 17,
            "created_time": "2025-04-05T02:27:09.237328Z",
            "yes_price": 6,
            "no_price": 94,
            "taker_side": "no"
        },
        {
            "trade_id": "132c25bc-2130-4733-a163-150475b8ba11",
            "ticker": "KXHIGHNY-25APR05-B55.5",
            "count": 13,
            "created_time": "2025-04-05T02:24:36.708071Z",
            "yes_price": 7,
            "no_price": 93,
            "taker_side": "no"
        },
        {
            "trade_id": "bd9c7776-64fa-4f72-b0bb-cd50a869ab46",
            "ticker": "KXHIGHNY-25APR05-B55.5",
            "count": 27,
            "created_time": "2025-04-05T02:21:01.275606Z",
            "yes_price": 7,
            "no_price": 93,
            "taker_side": "yes"
        },
        {
            "trade_id": "f1ba466d-5d6f-443d-96ee-518097b4237c",
            "ticker": "KXHIGHNY-25APR05-B55.5",
            "count": 26,
            "created_time": "2025-04-05T02:19:38.099834Z",
            "yes_price": 6,
            "no_price": 94,
            "taker_side": "no"
        },
        {
            "trade_id": "3e96b3d9-fa7c-4cfe-ac04-270332a7b8bb",
            "ticker": "KXHIGHNY-25APR05-B55.5",
            "count": 5,
            "created_time": "2025-04-05T02:19:10.70901Z",
            "yes_price": 6,
            "no_price": 94,
            "taker_side": "no"
        },
        {
            "trade_id": "bcea3f82-7f7f-4a77-8593-8cd7d01cb26f",
            "ticker": "KXHIGHNY-25APR05-B55.5",
            "count": 39,
            "created_time": "2025-04-05T02:19:00.554728Z",
            "yes_price": 6,
            "no_price": 94,
            "taker_side": "yes"
        },
        {
            "trade_id": "4936961d-1f5e-45c4-9d73-fdb8e1e51751",
            "ticker": "KXHIGHNY-25APR05-B55.5",
            "count": 106,
            "created_time": "2025-04-05T02:19:00.554728Z",
            "yes_price": 6,
            "no_price": 94,
            "taker_side": "yes"
        },
        {
            "trade_id": "c7b82c11-1c8e-4cc9-94eb-03ecec41cb59",
            "ticker": "KXHIGHNY-25APR05-B55.5",
            "count": 32,
            "created_time": "2025-04-05T02:18:43.882823Z",
            "yes_price": 5,
            "no_price": 95,
            "taker_side": "no"
        },
        {
            "trade_id": "eb3d4b40-e7de-4dfb-9324-cff415584c01",
            "ticker": "KXHIGHNY-25APR05-B55.5",
            "count": 15,
            "created_time": "2025-04-05T02:18:38.872361Z",
            "yes_price": 5,
            "no_price": 95,
            "taker_side": "no"
        },
        {
            "trade_id": "f0da03b1-37f2-4123-a8aa-75eb324d85fc",
            "ticker": "KXHIGHNY-25APR05-B55.5",
            "count": 47,
            "created_time": "2025-04-05T02:18:38.802521Z",
            "yes_price": 6,
            "no_price": 94,
            "taker_side": "no"
        },
        {
            "trade_id": "3896d742-687f-4112-858e-128b314b0fb5",
            "ticker": "KXHIGHNY-25APR05-B55.5",
            "count": 39,
            "created_time": "2025-04-05T02:18:38.802521Z",
            "yes_price": 6,
            "no_price": 94,
            "taker_side": "no"
        },
        {
            "trade_id": "44bcff37-47e3-4926-9e54-84c1c598ed21",
            "ticker": "KXHIGHNY-25APR05-B55.5",
            "count": 160,
            "created_time": "2025-04-05T02:18:09.657308Z",
            "yes_price": 6,
            "no_price": 94,
            "taker_side": "no"
        },
        {
            "trade_id": "43a883c2-e3c8-4867-b292-46309d2ca4bf",
            "ticker": "KXHIGHNY-25APR05-B55.5",
            "count": 50,
            "created_time": "2025-04-05T02:18:09.657308Z",
            "yes_price": 6,
            "no_price": 94,
            "taker_side": "no"
        },
        {
            "trade_id": "d68429c1-5aaa-4f7d-a69b-220bb14dae8e",
            "ticker": "KXHIGHNY-25APR05-B55.5",
            "count": 38,
            "created_time": "2025-04-05T02:17:22.508708Z",
            "yes_price": 7,
            "no_price": 93,
            "taker_side": "no"
        },
        {
            "trade_id": "f9b1dcfe-da10-4423-ab5d-af9f7e95b637",
            "ticker": "KXHIGHNY-25APR05-B55.5",
            "count": 9,
            "created_time": "2025-04-05T02:17:09.381281Z",
            "yes_price": 9,
            "no_price": 91,
            "taker_side": "yes"
        },
        {
            "trade_id": "9fc1d02b-823e-4d8a-8089-1a9091b403b5",
            "ticker": "KXHIGHNY-25APR05-B55.5",
            "count": 70,
            "created_time": "2025-04-05T02:17:09.381281Z",
            "yes_price": 9,
            "no_price": 91,
            "taker_side": "yes"
        },
        {
            "trade_id": "30183d32-011b-4a13-bd76-b0276f3e2c7e",
            "ticker": "KXHIGHNY-25APR05-B55.5",
            "count": 21,
            "created_time": "2025-04-05T02:17:09.381281Z",
            "yes_price": 8,
            "no_price": 92,
            "taker_side": "yes"
        },
        {
            "trade_id": "0ccd4bb3-4b5b-4f12-b241-d13c03c91c28",
            "ticker": "KXHIGHNY-25APR05-B55.5",
            "count": 1,
            "created_time": "2025-04-05T02:17:09.381281Z",
            "yes_price": 9,
            "no_price": 91,
            "taker_side": "yes"
        },
        {
            "trade_id": "47d9fa16-11aa-4d87-bc86-892654992a61",
            "ticker": "KXHIGHNY-25APR05-B55.5",
            "count": 40,
            "created_time": "2025-04-05T02:13:33.422989Z",
            "yes_price": 8,
            "no_price": 92,
            "taker_side": "no"
        },
        {
            "trade_id": "0c23e222-c5ac-496c-a07c-8e78b86ea269",
            "ticker": "KXHIGHNY-25APR05-B55.5",
            "count": 100,
            "created_time": "2025-04-05T02:13:33.422989Z",
            "yes_price": 8,
            "no_price": 92,
            "taker_side": "no"
        },
        {
            "trade_id": "0575b49e-85b7-42ff-895f-25094e1ba8d7",
            "ticker": "KXHIGHNY-25APR05-B55.5",
            "count": 99,
            "created_time": "2025-04-05T02:13:33.422989Z",
            "yes_price": 8,
            "no_price": 92,
            "taker_side": "no"
        },
        {
            "trade_id": "ea4a5be2-b8b3-4955-a22e-2335b7bf09de",
            "ticker": "KXHIGHNY-25APR05-B55.5",
            "count": 50,
            "created_time": "2025-04-05T02:13:07.162112Z",
            "yes_price": 10,
            "no_price": 90,
            "taker_side": "no"
        },
        {
            "trade_id": "696c2e2e-90a9-4976-81e8-dcc531983cfb",
            "ticker": "KXHIGHNY-25APR05-B55.5",
            "count": 34,
            "created_time": "2025-04-05T02:12:29.723179Z",
            "yes_price": 10,
            "no_price": 90,
            "taker_side": "no"
        },
        {
            "trade_id": "a9756b51-d1b9-411c-9f64-2bffc23bd242",
            "ticker": "KXHIGHNY-25APR05-B55.5",
            "count": 2,
            "created_time": "2025-04-05T02:12:13.645139Z",
            "yes_price": 10,
            "no_price": 90,
            "taker_side": "no"
        },
        {
            "trade_id": "780afc05-960d-4e3a-8936-22213459aae8",
            "ticker": "KXHIGHNY-25APR05-B55.5",
            "count": 8,
            "created_time": "2025-04-05T02:12:13.645139Z",
            "yes_price": 10,
            "no_price": 90,
            "taker_side": "no"
        },
        {
            "trade_id": "f39bb711-141d-42d8-b29d-b0611607e699",
            "ticker": "KXHIGHNY-25APR05-B55.5",
            "count": 50,
            "created_time": "2025-04-05T02:11:36.6485Z",
            "yes_price": 17,
            "no_price": 83,
            "taker_side": "no"
        },
        {
            "trade_id": "4de446a3-8bb2-47be-9287-617ac46537a9",
            "ticker": "KXHIGHNY-25APR05-B55.5",
            "count": 29,
            "created_time": "2025-04-05T02:11:36.6485Z",
            "yes_price": 17,
            "no_price": 83,
            "taker_side": "no"
        },
        {
            "trade_id": "33109e2f-b1d2-4f12-a3e3-7832f674004a",
            "ticker": "KXHIGHNY-25APR05-B55.5",
            "count": 30,
            "created_time": "2025-04-05T02:05:13.01273Z",
            "yes_price": 19,
            "no_price": 81,
            "taker_side": "no"
        },
        {
            "trade_id": "39c58682-f0b2-49df-885c-feeec20941f9",
            "ticker": "KXHIGHNY-25APR05-B55.5",
            "count": 44,
            "created_time": "2025-04-05T01:59:35.658887Z",
            "yes_price": 20,
            "no_price": 80,
            "taker_side": "no"
        },
        {
            "trade_id": "0b8634ef-e0c1-456c-a175-e8917ed2cf4a",
            "ticker": "KXHIGHNY-25APR05-B55.5",
            "count": 26,
            "created_time": "2025-04-05T01:59:35.658887Z",
            "yes_price": 19,
            "no_price": 81,
            "taker_side": "no"
        },
        {
            "trade_id": "f43d918a-5006-48d0-9869-08a23a2a6ed3",
            "ticker": "KXHIGHNY-25APR05-B55.5",
            "count": 15,
            "created_time": "2025-04-05T01:57:25.090277Z",
            "yes_price": 21,
            "no_price": 79,
            "taker_side": "no"
        },
        {
            "trade_id": "9a48eea1-e27e-43c1-8933-6a2789bc4735",
            "ticker": "KXHIGHNY-25APR05-B55.5",
            "count": 40,
            "created_time": "2025-04-05T01:56:41.691068Z",
            "yes_price": 23,
            "no_price": 77,
            "taker_side": "no"
        },
        {
            "trade_id": "58a74a3a-99e4-40fd-a837-7b27cdd1e59c",
            "ticker": "KXHIGHNY-25APR05-B55.5",
            "count": 5,
            "created_time": "2025-04-05T01:56:41.691068Z",
            "yes_price": 23,
            "no_price": 77,
            "taker_side": "no"
        },
        {
            "trade_id": "391e40ef-13b5-47c8-9197-d6a4f31b427a",
            "ticker": "KXHIGHNY-25APR05-B55.5",
            "count": 162,
            "created_time": "2025-04-05T01:56:41.691068Z",
            "yes_price": 20,
            "no_price": 80,
            "taker_side": "no"
        },
        {
            "trade_id": "2e3f185a-215d-4e0f-b5aa-e56d42eb7c3d",
            "ticker": "KXHIGHNY-25APR05-B55.5",
            "count": 93,
            "created_time": "2025-04-05T01:56:41.691068Z",
            "yes_price": 22,
            "no_price": 78,
            "taker_side": "no"
        },
        {
            "trade_id": "88e26c5c-0bc4-4d41-bb91-8af6210a8b5f",
            "ticker": "KXHIGHNY-25APR05-B55.5",
            "count": 25,
            "created_time": "2025-04-05T01:48:34.492361Z",
            "yes_price": 25,
            "no_price": 75,
            "taker_side": "yes"
        },
        {
            "trade_id": "dd99ffdd-5e5e-4206-b258-d0a9715bb27e",
            "ticker": "KXHIGHNY-25APR05-B55.5",
            "count": 1,
            "created_time": "2025-04-05T01:47:36.871229Z",
            "yes_price": 24,
            "no_price": 76,
            "taker_side": "no"
        },
        {
            "trade_id": "d4ce3978-0805-4517-848d-755500da03a2",
            "ticker": "KXHIGHNY-25APR05-B55.5",
            "count": 185,
            "created_time": "2025-04-05T01:47:00.632675Z",
            "yes_price": 24,
            "no_price": 76,
            "taker_side": "no"
        },
        {
            "trade_id": "73d47982-71e2-4aea-9e79-10f9c214b021",
            "ticker": "KXHIGHNY-25APR05-B55.5",
            "count": 240,
            "created_time": "2025-04-05T01:47:00.632675Z",
            "yes_price": 26,
            "no_price": 74,
            "taker_side": "no"
        },
        {
            "trade_id": "25ce6951-219c-4da6-8769-e95218484a69",
            "ticker": "KXHIGHNY-25APR05-B55.5",
            "count": 75,
            "created_time": "2025-04-05T01:47:00.632675Z",
            "yes_price": 28,
            "no_price": 72,
            "taker_side": "no"
        },
        {
            "trade_id": "d86cf607-08c5-4fca-876c-9632775b3d1c",
            "ticker": "KXHIGHNY-25APR05-B55.5",
            "count": 13,
            "created_time": "2025-04-05T01:46:38.273636Z",
            "yes_price": 29,
            "no_price": 71,
            "taker_side": "no"
        },
        {
            "trade_id": "663f4b67-8267-4a01-8cd3-ad5151e2636a",
            "ticker": "KXHIGHNY-25APR05-B55.5",
            "count": 13,
            "created_time": "2025-04-05T01:20:06.696953Z",
            "yes_price": 36,
            "no_price": 64,
            "taker_side": "yes"
        },
        {
            "trade_id": "319ce52f-6d17-49cf-b222-c4e9aaac8176",
            "ticker": "KXHIGHNY-25APR05-B55.5",
            "count": 4,
            "created_time": "2025-04-05T01:13:28.203128Z",
            "yes_price": 36,
            "no_price": 64,
            "taker_side": "yes"
        },
        {
            "trade_id": "642e8b19-c770-4c5a-b9f6-2d3ceb4d7358",
            "ticker": "KXHIGHNY-25APR05-B55.5",
            "count": 6,
            "created_time": "2025-04-05T01:11:38.650508Z",
            "yes_price": 36,
            "no_price": 64,
            "taker_side": "yes"
        },
        {
            "trade_id": "2609260b-ae4c-4155-9721-8c956c813258",
            "ticker": "KXHIGHNY-25APR05-B55.5",
            "count": 34,
            "created_time": "2025-04-05T01:10:27.107824Z",
            "yes_price": 34,
            "no_price": 66,
            "taker_side": "yes"
        },
        {
            "trade_id": "41f98ebf-d427-48aa-97fa-7f8bdbd1a5f8",
            "ticker": "KXHIGHNY-25APR05-B55.5",
            "count": 12,
            "created_time": "2025-04-05T00:37:50.95927Z",
            "yes_price": 33,
            "no_price": 67,
            "taker_side": "no"
        },
        {
            "trade_id": "dd714a5d-95af-4818-87d8-e9cc98a1ecaa",
            "ticker": "KXHIGHNY-25APR05-B55.5",
            "count": 69,
            "created_time": "2025-04-05T00:09:29.497502Z",
            "yes_price": 23,
            "no_price": 77,
            "taker_side": "yes"
        },
        {
            "trade_id": "6acf7b96-9ee1-4b51-90ea-8458f2bbfe8b",
            "ticker": "KXHIGHNY-25APR05-B55.5",
            "count": 131,
            "created_time": "2025-04-05T00:09:29.497502Z",
            "yes_price": 25,
            "no_price": 75,
            "taker_side": "yes"
        },
        {
            "trade_id": "332e6a7f-1932-48a9-b21f-bef8212aca10",
            "ticker": "KXHIGHNY-25APR05-B55.5",
            "count": 13,
            "created_time": "2025-04-05T00:09:29.497502Z",
            "yes_price": 23,
            "no_price": 77,
            "taker_side": "yes"
        },
        {
            "trade_id": "bb96f51c-4fe2-4d60-8045-0839d6ccd8ca",
            "ticker": "KXHIGHNY-25APR05-B55.5",
            "count": 65,
            "created_time": "2025-04-04T23:59:46.914792Z",
            "yes_price": 22,
            "no_price": 78,
            "taker_side": "yes"
        },
        {
            "trade_id": "92783faa-bd25-4169-abd8-398c4a3d6c0c",
            "ticker": "KXHIGHNY-25APR05-B55.5",
            "count": 5,
            "created_time": "2025-04-04T23:59:46.914792Z",
            "yes_price": 21,
            "no_price": 79,
            "taker_side": "yes"
        },
        {
            "trade_id": "8a94dcc9-3ef2-4b69-b3fe-a4d9f41d2de4",
            "ticker": "KXHIGHNY-25APR05-B55.5",
            "count": 5,
            "created_time": "2025-04-04T23:30:49.192051Z",
            "yes_price": 22,
            "no_price": 78,
            "taker_side": "no"
        },
        {
            "trade_id": "6fdf528a-82b4-4187-a381-2415ca4eb3ce",
            "ticker": "KXHIGHNY-25APR05-B55.5",
            "count": 146,
            "created_time": "2025-04-04T23:27:30.813322Z",
            "yes_price": 21,
            "no_price": 79,
            "taker_side": "no"
        },
        {
            "trade_id": "276422ef-4af4-46f3-9397-c226c623c75c",
            "ticker": "KXHIGHNY-25APR05-B55.5",
            "count": 94,
            "created_time": "2025-04-04T23:27:30.813322Z",
            "yes_price": 25,
            "no_price": 75,
            "taker_side": "no"
        },
        {
            "trade_id": "ec891146-c85e-4f81-b475-1e11c0814490",
            "ticker": "KXHIGHNY-25APR05-B55.5",
            "count": 205,
            "created_time": "2025-04-04T23:27:30.753305Z",
            "yes_price": 22,
            "no_price": 78,
            "taker_side": "no"
        },
        {
            "trade_id": "d3eebbf4-b3de-4e86-802e-6ff100d509a6",
            "ticker": "KXHIGHNY-25APR05-B55.5",
            "count": 29,
            "created_time": "2025-04-04T23:27:30.753305Z",
            "yes_price": 23,
            "no_price": 77,
            "taker_side": "no"
        },
        {
            "trade_id": "5b7bdd81-a09c-4c65-b843-307aab864694",
            "ticker": "KXHIGHNY-25APR05-B55.5",
            "count": 5,
            "created_time": "2025-04-04T23:27:30.753305Z",
            "yes_price": 29,
            "no_price": 71,
            "taker_side": "no"
        },
        {
            "trade_id": "1e7ee0c0-ef94-445f-b03f-e056b4ecb60a",
            "ticker": "KXHIGHNY-25APR05-B55.5",
            "count": 1,
            "created_time": "2025-04-04T23:27:30.753305Z",
            "yes_price": 28,
            "no_price": 72,
            "taker_side": "no"
        },
        {
            "trade_id": "e17e16d7-d46e-46d6-ba23-2cf9a782d920",
            "ticker": "KXHIGHNY-25APR05-B55.5",
            "count": 43,
            "created_time": "2025-04-04T23:27:30.682743Z",
            "yes_price": 29,
            "no_price": 71,
            "taker_side": "no"
        },
        {
            "trade_id": "70349458-4da9-4138-9664-a082473d7544",
            "ticker": "KXHIGHNY-25APR05-B55.5",
            "count": 12,
            "created_time": "2025-04-04T23:19:02.902546Z",
            "yes_price": 31,
            "no_price": 69,
            "taker_side": "yes"
        },
        {
            "trade_id": "01005bd8-8e4e-4aab-9329-0743ac61598c",
            "ticker": "KXHIGHNY-25APR05-B55.5",
            "count": 5,
            "created_time": "2025-04-04T22:21:59.276534Z",
            "yes_price": 32,
            "no_price": 68,
            "taker_side": "yes"
        },
        {
            "trade_id": "c71546c2-1a53-43bc-bdbc-49ad6769f394",
            "ticker": "KXHIGHNY-25APR05-B55.5",
            "count": 29,
            "created_time": "2025-04-04T22:18:20.349423Z",
            "yes_price": 32,
            "no_price": 68,
            "taker_side": "yes"
        },
        {
            "trade_id": "8f187990-63c0-403d-8627-b39059693ed7",
            "ticker": "KXHIGHNY-25APR05-B55.5",
            "count": 27,
            "created_time": "2025-04-04T21:49:32.033389Z",
            "yes_price": 33,
            "no_price": 67,
            "taker_side": "no"
        },
        {
            "trade_id": "dae9c004-75d7-4743-9953-ddfd1a78c96a",
            "ticker": "KXHIGHNY-25APR05-B55.5",
            "count": 13,
            "created_time": "2025-04-04T21:49:29.266826Z",
            "yes_price": 32,
            "no_price": 68,
            "taker_side": "yes"
        },
        {
            "trade_id": "3e6ae97c-77ea-4d29-abac-87d77555488f",
            "ticker": "KXHIGHNY-25APR05-B55.5",
            "count": 95,
            "created_time": "2025-04-04T21:49:29.266826Z",
            "yes_price": 32,
            "no_price": 68,
            "taker_side": "yes"
        },
        {
            "trade_id": "d755957a-8dd6-44af-b42d-bdbb93f4c72d",
            "ticker": "KXHIGHNY-25APR05-B55.5",
            "count": 17,
            "created_time": "2025-04-04T21:45:31.533546Z",
            "yes_price": 32,
            "no_price": 68,
            "taker_side": "yes"
        },
        {
            "trade_id": "c737de40-8bc5-4973-8d51-98c72d9c0169",
            "ticker": "KXHIGHNY-25APR05-B55.5",
            "count": 1,
            "created_time": "2025-04-04T21:33:24.633328Z",
            "yes_price": 32,
            "no_price": 68,
            "taker_side": "yes"
        },
        {
            "trade_id": "d79783ec-7320-4e78-9265-c01549322798",
            "ticker": "KXHIGHNY-25APR05-B55.5",
            "count": 33,
            "created_time": "2025-04-04T21:29:00.107515Z",
            "yes_price": 31,
            "no_price": 69,
            "taker_side": "yes"
        },
        {
            "trade_id": "c1a383de-0d71-4e10-b9f1-296baee57102",
            "ticker": "KXHIGHNY-25APR05-B55.5",
            "count": 24,
            "created_time": "2025-04-04T21:09:31.790243Z",
            "yes_price": 31,
            "no_price": 69,
            "taker_side": "yes"
        },
        {
            "trade_id": "65c6d276-43a1-4bd5-bee6-a4268688e840",
            "ticker": "KXHIGHNY-25APR05-B55.5",
            "count": 6,
            "created_time": "2025-04-04T21:09:31.790243Z",
            "yes_price": 32,
            "no_price": 68,
            "taker_side": "yes"
        },
        {
            "trade_id": "f29bb29b-a07f-47e6-8f41-7f80eb72e087",
            "ticker": "KXHIGHNY-25APR05-B55.5",
            "count": 15,
            "created_time": "2025-04-04T21:08:58.632478Z",
            "yes_price": 31,
            "no_price": 69,
            "taker_side": "yes"
        },
        {
            "trade_id": "4daa6148-dd76-49d5-b7ff-aad7664ea51c",
            "ticker": "KXHIGHNY-25APR05-B55.5",
            "count": 25,
            "created_time": "2025-04-04T20:57:43.27178Z",
            "yes_price": 32,
            "no_price": 68,
            "taker_side": "yes"
        },
        {
            "trade_id": "04a0df13-9a61-4ac5-85d2-bd258a1eac11",
            "ticker": "KXHIGHNY-25APR05-B55.5",
            "count": 34,
            "created_time": "2025-04-04T20:57:43.27178Z",
            "yes_price": 31,
            "no_price": 69,
            "taker_side": "yes"
        },
        {
            "trade_id": "f722d769-514a-4e27-8512-99101135bba4",
            "ticker": "KXHIGHNY-25APR05-B55.5",
            "count": 1,
            "created_time": "2025-04-04T20:13:51.289477Z",
            "yes_price": 31,
            "no_price": 69,
            "taker_side": "yes"
        },
        {
            "trade_id": "cdce38ce-a8ee-4d21-8685-af832a0312ca",
            "ticker": "KXHIGHNY-25APR05-B55.5",
            "count": 1,
            "created_time": "2025-04-04T20:13:51.289477Z",
            "yes_price": 31,
            "no_price": 69,
            "taker_side": "yes"
        },
        {
            "trade_id": "d512bb36-2df2-4d6f-b6e5-b86f0d38c998",
            "ticker": "KXHIGHNY-25APR05-B55.5",
            "count": 59,
            "created_time": "2025-04-04T19:54:42.155253Z",
            "yes_price": 34,
            "no_price": 66,
            "taker_side": "no"
        },
        {
            "trade_id": "41dfb380-83a9-44d2-a227-031b81a0b1ac",
            "ticker": "KXHIGHNY-25APR05-B55.5",
            "count": 62,
            "created_time": "2025-04-04T19:54:42.073675Z",
            "yes_price": 34,
            "no_price": 66,
            "taker_side": "no"
        },
        {
            "trade_id": "0460abfe-8aa5-4d1f-be8b-f0848c1a5ef9",
            "ticker": "KXHIGHNY-25APR05-B55.5",
            "count": 37,
            "created_time": "2025-04-04T19:54:42.073675Z",
            "yes_price": 35,
            "no_price": 65,
            "taker_side": "no"
        },
        {
            "trade_id": "3a4904ed-782c-41f9-98f3-4d55975246b5",
            "ticker": "KXHIGHNY-25APR05-B55.5",
            "count": 55,
            "created_time": "2025-04-04T19:33:21.551243Z",
            "yes_price": 34,
            "no_price": 66,
            "taker_side": "yes"
        },
        {
            "trade_id": "2855cd11-378a-4bdb-a654-4c088823ee4d",
            "ticker": "KXHIGHNY-25APR05-B55.5",
            "count": 35,
            "created_time": "2025-04-04T19:30:54.072978Z",
            "yes_price": 34,
            "no_price": 66,
            "taker_side": "no"
        },
        {
            "trade_id": "9febecce-5730-40f1-bace-be37088b036c",
            "ticker": "KXHIGHNY-25APR05-B55.5",
            "count": 43,
            "created_time": "2025-04-04T19:30:45.343018Z",
            "yes_price": 34,
            "no_price": 66,
            "taker_side": "no"
        },
        {
            "trade_id": "fb1e94c8-f4ed-468f-b44a-6fc6034233bf",
            "ticker": "KXHIGHNY-25APR05-B55.5",
            "count": 117,
            "created_time": "2025-04-04T19:30:15.307357Z",
            "yes_price": 34,
            "no_price": 66,
            "taker_side": "yes"
        },
        {
            "trade_id": "ee1580ec-51c3-4d09-b307-cf569b1626d3",
            "ticker": "KXHIGHNY-25APR05-B55.5",
            "count": 14,
            "created_time": "2025-04-04T18:57:49.548743Z",
            "yes_price": 32,
            "no_price": 68,
            "taker_side": "no"
        },
        {
            "trade_id": "4c687ca8-b16c-4d4c-80c9-9e57f70d224e",
            "ticker": "KXHIGHNY-25APR05-B55.5",
            "count": 2,
            "created_time": "2025-04-04T18:33:51.664795Z",
            "yes_price": 33,
            "no_price": 67,
            "taker_side": "no"
        },
        {
            "trade_id": "cb41bb62-9fd5-4011-990f-5ca90d1f8b77",
            "ticker": "KXHIGHNY-25APR05-B55.5",
            "count": 25,
            "created_time": "2025-04-04T18:30:39.555865Z",
            "yes_price": 33,
            "no_price": 67,
            "taker_side": "no"
        },
        {
            "trade_id": "f79cbde7-6691-45f3-a60b-6d35e4e1d791",
            "ticker": "KXHIGHNY-25APR05-B55.5",
            "count": 14,
            "created_time": "2025-04-04T17:35:54.706472Z",
            "yes_price": 36,
            "no_price": 64,
            "taker_side": "yes"
        },
        {
            "trade_id": "9249a621-4b43-407a-8fbe-a5e6627f75a1",
            "ticker": "KXHIGHNY-25APR05-B55.5",
            "count": 29,
            "created_time": "2025-04-04T17:10:29.07294Z",
            "yes_price": 35,
            "no_price": 65,
            "taker_side": "yes"
        },
        {
            "trade_id": "384c49b7-ca83-4768-a8fe-e1e63ccfd104",
            "ticker": "KXHIGHNY-25APR05-B55.5",
            "count": 12,
            "created_time": "2025-04-04T17:10:29.07294Z",
            "yes_price": 36,
            "no_price": 64,
            "taker_side": "yes"
        },
        {
            "trade_id": "b17c6e9b-59f2-48c9-92a8-ef5e219d3008",
            "ticker": "KXHIGHNY-25APR05-B55.5",
            "count": 26,
            "created_time": "2025-04-04T16:34:54.711253Z",
            "yes_price": 37,
            "no_price": 63,
            "taker_side": "yes"
        },
        {
            "trade_id": "e49997ec-8bb5-446f-a82c-fdd7a07239dc",
            "ticker": "KXHIGHNY-25APR05-B55.5",
            "count": 8,
            "created_time": "2025-04-04T16:20:27.948121Z",
            "yes_price": 33,
            "no_price": 67,
            "taker_side": "yes"
        },
        {
            "trade_id": "d6ca4e86-756b-4c0f-9310-367e0de5a9fb",
            "ticker": "KXHIGHNY-25APR05-B55.5",
            "count": 240,
            "created_time": "2025-04-04T16:20:27.948121Z",
            "yes_price": 35,
            "no_price": 65,
            "taker_side": "yes"
        },
        {
            "trade_id": "9b696ae5-28a1-44dd-b435-5238c8a9c43e",
            "ticker": "KXHIGHNY-25APR05-B55.5",
            "count": 38,
            "created_time": "2025-04-04T16:20:27.948121Z",
            "yes_price": 33,
            "no_price": 67,
            "taker_side": "yes"
        },
        {
            "trade_id": "24dc5432-5213-4dec-a575-a7107f6c3f76",
            "ticker": "KXHIGHNY-25APR05-B55.5",
            "count": 214,
            "created_time": "2025-04-04T16:20:27.948121Z",
            "yes_price": 37,
            "no_price": 63,
            "taker_side": "yes"
        },
        {
            "trade_id": "5ac240a8-8c21-4f3d-86ee-913274fb3131",
            "ticker": "KXHIGHNY-25APR05-B55.5",
            "count": 1,
            "created_time": "2025-04-04T16:12:38.727571Z",
            "yes_price": 33,
            "no_price": 67,
            "taker_side": "yes"
        },
        {
            "trade_id": "ed8d4f4d-fe8f-4773-9d25-99a62e588a4e",
            "ticker": "KXHIGHNY-25APR05-B55.5",
            "count": 2,
            "created_time": "2025-04-04T15:45:37.967784Z",
            "yes_price": 41,
            "no_price": 59,
            "taker_side": "yes"
        },
        {
            "trade_id": "f61ccbb2-80de-43cb-a25f-5da23e9c3253",
            "ticker": "KXHIGHNY-25APR05-B55.5",
            "count": 20,
            "created_time": "2025-04-04T15:24:40.136041Z",
            "yes_price": 41,
            "no_price": 59,
            "taker_side": "no"
        },
        {
            "trade_id": "b1ab7148-a62a-4e46-9aa6-12fa202df6b6",
            "ticker": "KXHIGHNY-25APR05-B55.5",
            "count": 55,
            "created_time": "2025-04-04T15:06:04.071809Z",
            "yes_price": 38,
            "no_price": 62,
            "taker_side": "no"
        },
        {
            "trade_id": "88d472e4-0ffd-4aaa-8879-0603475f3ce5",
            "ticker": "KXHIGHNY-25APR05-B55.5",
            "count": 4,
            "created_time": "2025-04-04T14:53:10.377054Z",
            "yes_price": 44,
            "no_price": 56,
            "taker_side": "yes"
        },
        {
            "trade_id": "a4807e2b-6685-4930-92c4-9a7fba1a35e6",
            "ticker": "KXHIGHNY-25APR05-B55.5",
            "count": 2,
            "created_time": "2025-04-04T14:11:41.329696Z",
            "yes_price": 46,
            "no_price": 54,
            "taker_side": "yes"
        }
    ],
    "KXHIGHNY-25APR05-B57.5": [
        {
            "trade_id": "67569066-3058-400f-8033-1ee675192b10",
            "ticker": "KXHIGHNY-25APR05-B57.5",
            "count": 93,
            "created_time": "2025-04-05T22:36:51.354213Z",
            "yes_price": 1,
            "no_price": 99,
            "taker_side": "yes"
        },
        {
            "trade_id": "d89d4e43-a4cd-40da-b30b-190763834ccc",
            "ticker": "KXHIGHNY-25APR05-B57.5",
            "count": 100,
            "created_time": "2025-04-05T21:42:46.600052Z",
            "yes_price": 1,
            "no_price": 99,
            "taker_side": "yes"
        },
        {
            "trade_id": "5eab671d-4012-4704-ae30-e4f17ea8a426",
            "ticker": "KXHIGHNY-25APR05-B57.5",
            "count": 187,
            "created_time": "2025-04-05T18:25:45.843836Z",
            "yes_price": 1,
            "no_price": 99,
            "taker_side": "yes"
        },
        {
            "trade_id": "e5f8dfa0-ac1f-454a-a9b9-d8af7c426d5f",
            "ticker": "KXHIGHNY-25APR05-B57.5",
            "count": 15,
            "created_time": "2025-04-05T14:14:41.423231Z",
            "yes_price": 1,
            "no_price": 99,
            "taker_side": "yes"
        },
        {
            "trade_id": "8ef12338-a04d-4756-a554-0e89213f3795",
            "ticker": "KXHIGHNY-25APR05-B57.5",
            "count": 11,
            "created_time": "2025-04-05T13:34:12.372967Z",
            "yes_price": 1,
            "no_price": 99,
            "taker_side": "yes"
        },
        {
            "trade_id": "dbf40718-1fdb-4df4-b41b-7af2fa8132c9",
            "ticker": "KXHIGHNY-25APR05-B57.5",
            "count": 93,
            "created_time": "2025-04-05T12:08:26.620727Z",
            "yes_price": 1,
            "no_price": 99,
            "taker_side": "yes"
        },
        {
            "trade_id": "1824c8eb-ec49-46c0-818d-0584f7f63355",
            "ticker": "KXHIGHNY-25APR05-B57.5",
            "count": 93,
            "created_time": "2025-04-05T12:02:06.778547Z",
            "yes_price": 1,
            "no_price": 99,
            "taker_side": "yes"
        },
        {
            "trade_id": "63a33891-b358-467f-bd44-ab7390a705ab",
            "ticker": "KXHIGHNY-25APR05-B57.5",
            "count": 9,
            "created_time": "2025-04-05T04:53:59.014611Z",
            "yes_price": 4,
            "no_price": 96,
            "taker_side": "yes"
        },
        {
            "trade_id": "22b73b81-d72c-41bd-a83d-36052e2ff4f9",
            "ticker": "KXHIGHNY-25APR05-B57.5",
            "count": 20,
            "created_time": "2025-04-05T04:53:26.061407Z",
            "yes_price": 1,
            "no_price": 99,
            "taker_side": "no"
        },
        {
            "trade_id": "bde8ca25-2625-4cfe-b3f3-483c04373750",
            "ticker": "KXHIGHNY-25APR05-B57.5",
            "count": 500,
            "created_time": "2025-04-05T04:52:54.186577Z",
            "yes_price": 1,
            "no_price": 99,
            "taker_side": "no"
        },
        {
            "trade_id": "fad90331-9caf-43ef-a010-8f782f7163b5",
            "ticker": "KXHIGHNY-25APR05-B57.5",
            "count": 1000,
            "created_time": "2025-04-05T04:52:41.423159Z",
            "yes_price": 1,
            "no_price": 99,
            "taker_side": "no"
        },
        {
            "trade_id": "7f2cecc0-94ca-4269-aa01-8b7c8df129fb",
            "ticker": "KXHIGHNY-25APR05-B57.5",
            "count": 480,
            "created_time": "2025-04-05T04:52:26.669053Z",
            "yes_price": 1,
            "no_price": 99,
            "taker_side": "yes"
        },
        {
            "trade_id": "c5fc2ab8-51ac-4e6f-9096-6a60669a3c3f",
            "ticker": "KXHIGHNY-25APR05-B57.5",
            "count": 500,
            "created_time": "2025-04-05T04:52:15.575685Z",
            "yes_price": 2,
            "no_price": 98,
            "taker_side": "no"
        },
        {
            "trade_id": "8b999bff-9652-4ff8-943b-9892844ab826",
            "ticker": "KXHIGHNY-25APR05-B57.5",
            "count": 200,
            "created_time": "2025-04-05T04:52:15.575685Z",
            "yes_price": 3,
            "no_price": 97,
            "taker_side": "no"
        },
        {
            "trade_id": "84adf123-58b9-42b9-917c-2ae663608fe4",
            "ticker": "KXHIGHNY-25APR05-B57.5",
            "count": 25,
            "created_time": "2025-04-05T04:52:15.575685Z",
            "yes_price": 6,
            "no_price": 94,
            "taker_side": "no"
        },
        {
            "trade_id": "5c8a3ded-66b4-4d27-a383-7084eb506057",
            "ticker": "KXHIGHNY-25APR05-B57.5",
            "count": 150,
            "created_time": "2025-04-05T04:52:15.575685Z",
            "yes_price": 1,
            "no_price": 99,
            "taker_side": "no"
        },
        {
            "trade_id": "43ad1359-c890-4088-b2bc-318ce1d79d97",
            "ticker": "KXHIGHNY-25APR05-B57.5",
            "count": 300,
            "created_time": "2025-04-05T04:52:15.575685Z",
            "yes_price": 1,
            "no_price": 99,
            "taker_side": "no"
        },
        {
            "trade_id": "1bdb3213-def0-452a-baeb-f1c8c19207ee",
            "ticker": "KXHIGHNY-25APR05-B57.5",
            "count": 50,
            "created_time": "2025-04-05T04:52:15.575685Z",
            "yes_price": 1,
            "no_price": 99,
            "taker_side": "no"
        },
        {
            "trade_id": "02d4a5d8-1853-4bd5-8b15-adc8c41e59ee",
            "ticker": "KXHIGHNY-25APR05-B57.5",
            "count": 50,
            "created_time": "2025-04-05T04:52:15.575685Z",
            "yes_price": 3,
            "no_price": 97,
            "taker_side": "no"
        },
        {
            "trade_id": "5b7d1976-2aef-4330-a1ef-ccf316750b06",
            "ticker": "KXHIGHNY-25APR05-B57.5",
            "count": 27,
            "created_time": "2025-04-05T04:49:54.448436Z",
            "yes_price": 7,
            "no_price": 93,
            "taker_side": "no"
        },
        {
            "trade_id": "1ce8b03a-5573-4c25-8e3b-fd4b9ce9d5f4",
            "ticker": "KXHIGHNY-25APR05-B57.5",
            "count": 170,
            "created_time": "2025-04-05T04:47:00.98745Z",
            "yes_price": 8,
            "no_price": 92,
            "taker_side": "no"
        },
        {
            "trade_id": "4486f2c4-1953-4c6d-a092-8d45c82cc294",
            "ticker": "KXHIGHNY-25APR05-B57.5",
            "count": 8,
            "created_time": "2025-04-05T04:47:00.347122Z",
            "yes_price": 8,
            "no_price": 92,
            "taker_side": "no"
        },
        {
            "trade_id": "caff9404-089c-4e65-9692-4d284925c7d8",
            "ticker": "KXHIGHNY-25APR05-B57.5",
            "count": 142,
            "created_time": "2025-04-05T04:46:34.673626Z",
            "yes_price": 9,
            "no_price": 91,
            "taker_side": "no"
        },
        {
            "trade_id": "6045caca-ce92-40e6-bdf8-e4e7106295d0",
            "ticker": "KXHIGHNY-25APR05-B57.5",
            "count": 150,
            "created_time": "2025-04-05T04:46:09.113514Z",
            "yes_price": 9,
            "no_price": 91,
            "taker_side": "no"
        },
        {
            "trade_id": "c9744089-949c-4b75-b828-f0893457900e",
            "ticker": "KXHIGHNY-25APR05-B57.5",
            "count": 8,
            "created_time": "2025-04-05T04:35:37.489182Z",
            "yes_price": 9,
            "no_price": 91,
            "taker_side": "no"
        },
        {
            "trade_id": "68619a3d-8393-4b08-b79d-91ca92b3a0fc",
            "ticker": "KXHIGHNY-25APR05-B57.5",
            "count": 28,
            "created_time": "2025-04-05T04:35:37.489182Z",
            "yes_price": 9,
            "no_price": 91,
            "taker_side": "no"
        },
        {
            "trade_id": "5e72ab47-75fb-4dd0-b922-8a67160e881b",
            "ticker": "KXHIGHNY-25APR05-B57.5",
            "count": 29,
            "created_time": "2025-04-05T04:31:31.540724Z",
            "yes_price": 10,
            "no_price": 90,
            "taker_side": "no"
        },
        {
            "trade_id": "c3b9fc7b-bdde-45ce-b8af-e8b1773ecfe9",
            "ticker": "KXHIGHNY-25APR05-B57.5",
            "count": 5,
            "created_time": "2025-04-05T04:31:18.492535Z",
            "yes_price": 17,
            "no_price": 83,
            "taker_side": "yes"
        },
        {
            "trade_id": "15c9c9f7-d089-464d-be1f-f125511abe2b",
            "ticker": "KXHIGHNY-25APR05-B57.5",
            "count": 15,
            "created_time": "2025-04-05T04:31:18.492535Z",
            "yes_price": 18,
            "no_price": 82,
            "taker_side": "yes"
        },
        {
            "trade_id": "e79236f5-709e-49a3-93ff-89c27b87ddf6",
            "ticker": "KXHIGHNY-25APR05-B57.5",
            "count": 87,
            "created_time": "2025-04-05T04:30:18.458059Z",
            "yes_price": 18,
            "no_price": 82,
            "taker_side": "yes"
        },
        {
            "trade_id": "bda2a3a2-8cb6-4473-abb7-88934210f572",
            "ticker": "KXHIGHNY-25APR05-B57.5",
            "count": 1,
            "created_time": "2025-04-05T04:30:18.458059Z",
            "yes_price": 11,
            "no_price": 89,
            "taker_side": "yes"
        },
        {
            "trade_id": "89585d2f-eff7-4102-a139-cb97798c1dc5",
            "ticker": "KXHIGHNY-25APR05-B57.5",
            "count": 18,
            "created_time": "2025-04-05T04:30:18.458059Z",
            "yes_price": 17,
            "no_price": 83,
            "taker_side": "yes"
        },
        {
            "trade_id": "4f017e1d-74b8-4e8b-9761-a78d246257c5",
            "ticker": "KXHIGHNY-25APR05-B57.5",
            "count": 75,
            "created_time": "2025-04-05T04:28:22.255013Z",
            "yes_price": 11,
            "no_price": 89,
            "taker_side": "yes"
        },
        {
            "trade_id": "e1a26914-c658-43d5-971a-ebd55b3eec7e",
            "ticker": "KXHIGHNY-25APR05-B57.5",
            "count": 100,
            "created_time": "2025-04-05T04:16:23.09952Z",
            "yes_price": 12,
            "no_price": 88,
            "taker_side": "no"
        },
        {
            "trade_id": "f81491d5-5495-4878-973a-161219f36b26",
            "ticker": "KXHIGHNY-25APR05-B57.5",
            "count": 50,
            "created_time": "2025-04-05T04:15:45.710096Z",
            "yes_price": 14,
            "no_price": 86,
            "taker_side": "no"
        },
        {
            "trade_id": "dac8500d-ebfe-4292-93f0-f6bdbe613c56",
            "ticker": "KXHIGHNY-25APR05-B57.5",
            "count": 50,
            "created_time": "2025-04-05T04:11:01.573203Z",
            "yes_price": 16,
            "no_price": 84,
            "taker_side": "no"
        },
        {
            "trade_id": "506cbf02-24f1-4446-96c4-cc6ceeb58892",
            "ticker": "KXHIGHNY-25APR05-B57.5",
            "count": 100,
            "created_time": "2025-04-05T04:09:36.086687Z",
            "yes_price": 16,
            "no_price": 84,
            "taker_side": "no"
        },
        {
            "trade_id": "a3308bbf-af23-4245-899a-4541f5d2416a",
            "ticker": "KXHIGHNY-25APR05-B57.5",
            "count": 50,
            "created_time": "2025-04-05T04:06:16.582789Z",
            "yes_price": 18,
            "no_price": 82,
            "taker_side": "no"
        },
        {
            "trade_id": "e32c9990-9271-49a4-8326-008485332624",
            "ticker": "KXHIGHNY-25APR05-B57.5",
            "count": 250,
            "created_time": "2025-04-05T04:06:10.868328Z",
            "yes_price": 20,
            "no_price": 80,
            "taker_side": "no"
        },
        {
            "trade_id": "8cbebf2c-b113-4382-ab0a-8c7916d55924",
            "ticker": "KXHIGHNY-25APR05-B57.5",
            "count": 50,
            "created_time": "2025-04-05T04:04:39.916552Z",
            "yes_price": 20,
            "no_price": 80,
            "taker_side": "no"
        },
        {
            "trade_id": "7066dcb6-ae80-4256-b7a6-a7f972a6a976",
            "ticker": "KXHIGHNY-25APR05-B57.5",
            "count": 46,
            "created_time": "2025-04-05T04:01:28.210106Z",
            "yes_price": 21,
            "no_price": 79,
            "taker_side": "no"
        },
        {
            "trade_id": "22909dc4-33e9-4551-914d-e8e53fbc39fe",
            "ticker": "KXHIGHNY-25APR05-B57.5",
            "count": 5,
            "created_time": "2025-04-05T04:01:15.665869Z",
            "yes_price": 24,
            "no_price": 76,
            "taker_side": "no"
        },
        {
            "trade_id": "14430018-149a-4d76-8993-ec67ac230a9c",
            "ticker": "KXHIGHNY-25APR05-B57.5",
            "count": 34,
            "created_time": "2025-04-05T04:01:15.665869Z",
            "yes_price": 21,
            "no_price": 79,
            "taker_side": "no"
        },
        {
            "trade_id": "88627887-c7d6-4034-900e-427f39ee9682",
            "ticker": "KXHIGHNY-25APR05-B57.5",
            "count": 50,
            "created_time": "2025-04-05T04:00:47.665241Z",
            "yes_price": 25,
            "no_price": 75,
            "taker_side": "no"
        },
        {
            "trade_id": "7ea45fae-77ff-4190-b47c-d13417b20ade",
            "ticker": "KXHIGHNY-25APR05-B57.5",
            "count": 13,
            "created_time": "2025-04-05T03:57:48.024881Z",
            "yes_price": 22,
            "no_price": 78,
            "taker_side": "no"
        },
        {
            "trade_id": "75b44ea9-6480-45ba-9a4b-0ad2513d1a59",
            "ticker": "KXHIGHNY-25APR05-B57.5",
            "count": 3,
            "created_time": "2025-04-05T03:57:48.024881Z",
            "yes_price": 27,
            "no_price": 73,
            "taker_side": "no"
        },
        {
            "trade_id": "5dee3c73-81c3-4513-8d21-2f06725de651",
            "ticker": "KXHIGHNY-25APR05-B57.5",
            "count": 51,
            "created_time": "2025-04-05T03:57:48.024881Z",
            "yes_price": 28,
            "no_price": 72,
            "taker_side": "no"
        },
        {
            "trade_id": "42116927-85a0-42f9-9067-12dc5872d34e",
            "ticker": "KXHIGHNY-25APR05-B57.5",
            "count": 5,
            "created_time": "2025-04-05T03:57:48.024881Z",
            "yes_price": 21,
            "no_price": 79,
            "taker_side": "no"
        },
        {
            "trade_id": "b760ca4c-41d0-46af-831e-9a78599ca99a",
            "ticker": "KXHIGHNY-25APR05-B57.5",
            "count": 32,
            "created_time": "2025-04-05T03:57:13.428287Z",
            "yes_price": 29,
            "no_price": 71,
            "taker_side": "no"
        },
        {
            "trade_id": "ca952f64-398e-4a44-9d72-ad1f0d9220b9",
            "ticker": "KXHIGHNY-25APR05-B57.5",
            "count": 6,
            "created_time": "2025-04-05T03:49:14.304275Z",
            "yes_price": 33,
            "no_price": 67,
            "taker_side": "yes"
        },
        {
            "trade_id": "8791ca6c-6305-44c6-b2ad-875d5dd83d9c",
            "ticker": "KXHIGHNY-25APR05-B57.5",
            "count": 50,
            "created_time": "2025-04-05T03:48:28.790264Z",
            "yes_price": 29,
            "no_price": 71,
            "taker_side": "yes"
        },
        {
            "trade_id": "5396d81d-5058-4c3f-9930-8e5027f2d994",
            "ticker": "KXHIGHNY-25APR05-B57.5",
            "count": 30,
            "created_time": "2025-04-05T03:48:28.790264Z",
            "yes_price": 28,
            "no_price": 72,
            "taker_side": "yes"
        },
        {
            "trade_id": "2b8e7ccc-7c64-4f01-ab2c-1c872e2e9f08",
            "ticker": "KXHIGHNY-25APR05-B57.5",
            "count": 200,
            "created_time": "2025-04-05T03:48:28.790264Z",
            "yes_price": 32,
            "no_price": 68,
            "taker_side": "yes"
        },
        {
            "trade_id": "24b528f7-da2a-4f5d-9e0c-12be6d772302",
            "ticker": "KXHIGHNY-25APR05-B57.5",
            "count": 300,
            "created_time": "2025-04-05T03:48:28.790264Z",
            "yes_price": 31,
            "no_price": 69,
            "taker_side": "yes"
        },
        {
            "trade_id": "ec24dc54-e6a4-4d08-9152-481cf9f58cc2",
            "ticker": "KXHIGHNY-25APR05-B57.5",
            "count": 5,
            "created_time": "2025-04-05T03:47:31.933465Z",
            "yes_price": 29,
            "no_price": 71,
            "taker_side": "yes"
        },
        {
            "trade_id": "463806ad-0695-4249-b56c-2fa36bce83d2",
            "ticker": "KXHIGHNY-25APR05-B57.5",
            "count": 50,
            "created_time": "2025-04-05T03:40:45.517368Z",
            "yes_price": 27,
            "no_price": 73,
            "taker_side": "no"
        },
        {
            "trade_id": "8d255b3c-dea5-47c8-9fa3-5afe7842b476",
            "ticker": "KXHIGHNY-25APR05-B57.5",
            "count": 11,
            "created_time": "2025-04-05T03:12:16.800926Z",
            "yes_price": 33,
            "no_price": 67,
            "taker_side": "yes"
        },
        {
            "trade_id": "81df6603-f858-4d49-9c5f-98e0744e1085",
            "ticker": "KXHIGHNY-25APR05-B57.5",
            "count": 50,
            "created_time": "2025-04-05T03:10:41.645435Z",
            "yes_price": 32,
            "no_price": 68,
            "taker_side": "yes"
        },
        {
            "trade_id": "7baa79d9-26de-4c7b-ba24-04d49e494328",
            "ticker": "KXHIGHNY-25APR05-B57.5",
            "count": 17,
            "created_time": "2025-04-05T03:00:58.273448Z",
            "yes_price": 28,
            "no_price": 72,
            "taker_side": "yes"
        },
        {
            "trade_id": "3714e3f3-d0dd-4514-81cb-8497e86f4fcd",
            "ticker": "KXHIGHNY-25APR05-B57.5",
            "count": 15,
            "created_time": "2025-04-05T02:57:16.936293Z",
            "yes_price": 31,
            "no_price": 69,
            "taker_side": "yes"
        },
        {
            "trade_id": "d97e7d9c-df53-41b9-9686-f32044cdc62b",
            "ticker": "KXHIGHNY-25APR05-B57.5",
            "count": 300,
            "created_time": "2025-04-05T02:55:03.884066Z",
            "yes_price": 25,
            "no_price": 75,
            "taker_side": "no"
        },
        {
            "trade_id": "03d68edd-b2dc-4dff-b897-dcf6596ecd3c",
            "ticker": "KXHIGHNY-25APR05-B57.5",
            "count": 79,
            "created_time": "2025-04-05T02:55:03.884066Z",
            "yes_price": 22,
            "no_price": 78,
            "taker_side": "no"
        },
        {
            "trade_id": "94ba0717-373b-41c6-9f5b-289609d73b11",
            "ticker": "KXHIGHNY-25APR05-B57.5",
            "count": 37,
            "created_time": "2025-04-05T02:54:44.552347Z",
            "yes_price": 26,
            "no_price": 74,
            "taker_side": "no"
        },
        {
            "trade_id": "f6517798-7f3b-4c4b-a3a7-292b631cfd4b",
            "ticker": "KXHIGHNY-25APR05-B57.5",
            "count": 94,
            "created_time": "2025-04-05T02:53:08.726093Z",
            "yes_price": 26,
            "no_price": 74,
            "taker_side": "no"
        },
        {
            "trade_id": "b4ff8b27-03a5-4bc9-ab30-45a6d4c4d7d1",
            "ticker": "KXHIGHNY-25APR05-B57.5",
            "count": 300,
            "created_time": "2025-04-05T02:53:08.726093Z",
            "yes_price": 27,
            "no_price": 73,
            "taker_side": "no"
        },
        {
            "trade_id": "466cbbe2-3969-4d51-8b3c-404d20cd6d1f",
            "ticker": "KXHIGHNY-25APR05-B57.5",
            "count": 106,
            "created_time": "2025-04-05T02:53:08.726093Z",
            "yes_price": 27,
            "no_price": 73,
            "taker_side": "no"
        },
        {
            "trade_id": "f49abafc-a406-4895-b3f3-bd5c5dd1bbaf",
            "ticker": "KXHIGHNY-25APR05-B57.5",
            "count": 100,
            "created_time": "2025-04-05T02:51:43.913249Z",
            "yes_price": 29,
            "no_price": 71,
            "taker_side": "no"
        },
        {
            "trade_id": "deaf5147-4d31-46ce-b53a-43f03bc01ed8",
            "ticker": "KXHIGHNY-25APR05-B57.5",
            "count": 3,
            "created_time": "2025-04-05T02:48:59.406352Z",
            "yes_price": 32,
            "no_price": 68,
            "taker_side": "yes"
        },
        {
            "trade_id": "529c86a6-e391-4c29-a009-f3c4270215f4",
            "ticker": "KXHIGHNY-25APR05-B57.5",
            "count": 5,
            "created_time": "2025-04-05T02:48:59.406352Z",
            "yes_price": 32,
            "no_price": 68,
            "taker_side": "yes"
        },
        {
            "trade_id": "e9ee458a-ab8b-43b4-a642-b9296c4c6f62",
            "ticker": "KXHIGHNY-25APR05-B57.5",
            "count": 8,
            "created_time": "2025-04-05T02:42:15.587577Z",
            "yes_price": 25,
            "no_price": 75,
            "taker_side": "no"
        },
        {
            "trade_id": "75864723-8800-469c-9381-1759103cfe7f",
            "ticker": "KXHIGHNY-25APR05-B57.5",
            "count": 5,
            "created_time": "2025-04-05T02:42:15.587577Z",
            "yes_price": 29,
            "no_price": 71,
            "taker_side": "no"
        },
        {
            "trade_id": "672c82e2-0986-40cc-b4ad-ed2d1033703c",
            "ticker": "KXHIGHNY-25APR05-B57.5",
            "count": 48,
            "created_time": "2025-04-05T02:42:15.587577Z",
            "yes_price": 28,
            "no_price": 72,
            "taker_side": "no"
        },
        {
            "trade_id": "480c75ee-3b47-4059-a529-4399b0d96c8d",
            "ticker": "KXHIGHNY-25APR05-B57.5",
            "count": 21,
            "created_time": "2025-04-05T02:42:15.587577Z",
            "yes_price": 27,
            "no_price": 73,
            "taker_side": "no"
        },
        {
            "trade_id": "f58ae5e3-3ebd-419c-9f51-b2a72ff7f8f6",
            "ticker": "KXHIGHNY-25APR05-B57.5",
            "count": 50,
            "created_time": "2025-04-05T02:39:06.791752Z",
            "yes_price": 33,
            "no_price": 67,
            "taker_side": "yes"
        },
        {
            "trade_id": "f4803038-509d-4eb2-bb55-950f8f9d8e3d",
            "ticker": "KXHIGHNY-25APR05-B57.5",
            "count": 38,
            "created_time": "2025-04-05T02:39:06.791752Z",
            "yes_price": 34,
            "no_price": 66,
            "taker_side": "yes"
        },
        {
            "trade_id": "dc2786da-babe-4272-852b-e38f0369a5d0",
            "ticker": "KXHIGHNY-25APR05-B57.5",
            "count": 39,
            "created_time": "2025-04-05T02:39:06.791752Z",
            "yes_price": 32,
            "no_price": 68,
            "taker_side": "yes"
        },
        {
            "trade_id": "cbad681a-c5cd-4f07-a62b-f23a772a2599",
            "ticker": "KXHIGHNY-25APR05-B57.5",
            "count": 299,
            "created_time": "2025-04-05T02:39:06.791752Z",
            "yes_price": 33,
            "no_price": 67,
            "taker_side": "yes"
        },
        {
            "trade_id": "a55f291e-4b65-412e-8464-99dc66b40e5b",
            "ticker": "KXHIGHNY-25APR05-B57.5",
            "count": 65,
            "created_time": "2025-04-05T02:39:06.791752Z",
            "yes_price": 32,
            "no_price": 68,
            "taker_side": "yes"
        },
        {
            "trade_id": "6dcce137-172f-4eef-b1d3-92999ae4736c",
            "ticker": "KXHIGHNY-25APR05-B57.5",
            "count": 9,
            "created_time": "2025-04-05T02:39:06.791752Z",
            "yes_price": 32,
            "no_price": 68,
            "taker_side": "yes"
        },
        {
            "trade_id": "028e688f-2fff-4022-9c73-54cbfb46b99c",
            "ticker": "KXHIGHNY-25APR05-B57.5",
            "count": 7,
            "created_time": "2025-04-05T02:30:07.503763Z",
            "yes_price": 32,
            "no_price": 68,
            "taker_side": "yes"
        },
        {
            "trade_id": "5cee1dc4-1994-490e-84b3-8040d0c97f9d",
            "ticker": "KXHIGHNY-25APR05-B57.5",
            "count": 20,
            "created_time": "2025-04-05T02:29:25.746707Z",
            "yes_price": 28,
            "no_price": 72,
            "taker_side": "no"
        },
        {
            "trade_id": "02795744-829d-4d09-93a2-5fc393451af1",
            "ticker": "KXHIGHNY-25APR05-B57.5",
            "count": 9,
            "created_time": "2025-04-05T02:28:05.823988Z",
            "yes_price": 32,
            "no_price": 68,
            "taker_side": "yes"
        },
        {
            "trade_id": "d0a39c67-d041-48c3-9486-0dbd55604dc9",
            "ticker": "KXHIGHNY-25APR05-B57.5",
            "count": 12,
            "created_time": "2025-04-05T02:27:48.948477Z",
            "yes_price": 32,
            "no_price": 68,
            "taker_side": "yes"
        },
        {
            "trade_id": "d1ba44cd-5274-4a18-b8c9-832d61e2c54b",
            "ticker": "KXHIGHNY-25APR05-B57.5",
            "count": 12,
