{
    "KXHIGHNY-25MAR25-T55": [
        {
            "trade_id": "8195b24b-3bc2-4bd1-8cf6-2e7f04ab7d6f",
            "ticker": "KXHIGHNY-25MAR25-T55",
            "count": 47,
            "created_time": "2025-03-25T17:35:17.181913Z",
            "yes_price": 1,
            "no_price": 99,
            "taker_side": "yes"
        },
        {
            "trade_id": "05926e22-cf39-453f-b236-030fba7c34ea",
            "ticker": "KXHIGHNY-25MAR25-T55",
            "count": 450,
            "created_time": "2025-03-25T16:37:42.616131Z",
            "yes_price": 1,
            "no_price": 99,
            "taker_side": "yes"
        },
        {
            "trade_id": "a49c2938-d1b3-45ac-87e9-779e7cb723a5",
            "ticker": "KXHIGHNY-25MAR25-T55",
            "count": 322,
            "created_time": "2025-03-25T16:16:20.622926Z",
            "yes_price": 1,
            "no_price": 99,
            "taker_side": "no"
        },
        {
            "trade_id": "1369e096-d21f-44d6-908a-6ab54defab4a",
            "ticker": "KXHIGHNY-25MAR25-T55",
            "count": 1,
            "created_time": "2025-03-25T16:15:37.501843Z",
            "yes_price": 1,
            "no_price": 99,
            "taker_side": "no"
        },
        {
            "trade_id": "e7da4ebe-fb96-4bbb-b358-62dc640f5114",
            "ticker": "KXHIGHNY-25MAR25-T55",
            "count": 4,
            "created_time": "2025-03-25T16:14:54.083175Z",
            "yes_price": 1,
            "no_price": 99,
            "taker_side": "no"
        },
        {
            "trade_id": "6010b004-8856-452f-8ed1-ebc07cfdd1a5",
            "ticker": "KXHIGHNY-25MAR25-T55",
            "count": 2,
            "created_time": "2025-03-25T16:11:05.31114Z",
            "yes_price": 1,
            "no_price": 99,
            "taker_side": "no"
        },
        {
            "trade_id": "2603e187-ca8b-452a-85fa-7bb1b7b98c9b",
            "ticker": "KXHIGHNY-25MAR25-T55",
            "count": 100,
            "created_time": "2025-03-25T16:07:38.808468Z",
            "yes_price": 1,
            "no_price": 99,
            "taker_side": "no"
        },
        {
            "trade_id": "64cd144c-a8a1-47bf-9c55-7394100e22b1",
            "ticker": "KXHIGHNY-25MAR25-T55",
            "count": 100,
            "created_time": "2025-03-25T16:05:12.934083Z",
            "yes_price": 1,
            "no_price": 99,
            "taker_side": "no"
        },
        {
            "trade_id": "cad78d29-9c09-4813-a8b4-75f46daeb9d0",
            "ticker": "KXHIGHNY-25MAR25-T55",
            "count": 4,
            "created_time": "2025-03-25T16:03:20.344176Z",
            "yes_price": 1,
            "no_price": 99,
            "taker_side": "no"
        },
        {
            "trade_id": "0e8180c8-3b5b-434c-96a8-ea6b269dff15",
            "ticker": "KXHIGHNY-25MAR25-T55",
            "count": 25,
            "created_time": "2025-03-25T15:54:08.91107Z",
            "yes_price": 1,
            "no_price": 99,
            "taker_side": "no"
        },
        {
            "trade_id": "50fbf7e3-1f51-4d81-bdcc-b644baf980f7",
            "ticker": "KXHIGHNY-25MAR25-T55",
            "count": 25,
            "created_time": "2025-03-25T15:50:35.860703Z",
            "yes_price": 1,
            "no_price": 99,
            "taker_side": "no"
        },
        {
            "trade_id": "85a6dcec-0f6d-4588-b1de-5c430d134044",
            "ticker": "KXHIGHNY-25MAR25-T55",
            "count": 15,
            "created_time": "2025-03-25T15:26:34.483141Z",
            "yes_price": 1,
            "no_price": 99,
            "taker_side": "no"
        },
        {
            "trade_id": "7ed74cea-89f6-4dde-8774-ff85bee92776",
            "ticker": "KXHIGHNY-25MAR25-T55",
            "count": 10,
            "created_time": "2025-03-25T15:20:29.548326Z",
            "yes_price": 1,
            "no_price": 99,
            "taker_side": "no"
        },
        {
            "trade_id": "ddce8a40-5bb7-4b84-92dc-9884795745eb",
            "ticker": "KXHIGHNY-25MAR25-T55",
            "count": 5,
            "created_time": "2025-03-25T15:14:03.833031Z",
            "yes_price": 1,
            "no_price": 99,
            "taker_side": "no"
        },
        {
            "trade_id": "cf5fc966-84d8-4402-b048-df8210683f9d",
            "ticker": "KXHIGHNY-25MAR25-T55",
            "count": 2,
            "created_time": "2025-03-25T15:14:03.833031Z",
            "yes_price": 1,
            "no_price": 99,
            "taker_side": "no"
        },
        {
            "trade_id": "7e8fb7e3-a7ea-4e8c-9d14-e84cf99fc1d5",
            "ticker": "KXHIGHNY-25MAR25-T55",
            "count": 140,
            "created_time": "2025-03-25T15:11:01.566625Z",
            "yes_price": 2,
            "no_price": 98,
            "taker_side": "yes"
        },
        {
            "trade_id": "e8ed067f-e2ce-4db6-a883-aa5089bd11fa",
            "ticker": "KXHIGHNY-25MAR25-T55",
            "count": 25,
            "created_time": "2025-03-25T15:02:33.954157Z",
            "yes_price": 1,
            "no_price": 99,
            "taker_side": "no"
        },
        {
            "trade_id": "0cccddd1-d24e-4443-bac2-f34ec8d89568",
            "ticker": "KXHIGHNY-25MAR25-T55",
            "count": 25,
            "created_time": "2025-03-25T14:57:13.10533Z",
            "yes_price": 1,
            "no_price": 99,
            "taker_side": "no"
        },
        {
            "trade_id": "dd19a5d1-b1d2-44c8-8a25-19aeb59e2c4b",
            "ticker": "KXHIGHNY-25MAR25-T55",
            "count": 30,
            "created_time": "2025-03-25T14:56:19.074243Z",
            "yes_price": 3,
            "no_price": 97,
            "taker_side": "yes"
        },
        {
            "trade_id": "b1e9471e-7c93-4e8b-b1e9-4b6ecc8c2986",
            "ticker": "KXHIGHNY-25MAR25-T55",
            "count": 91,
            "created_time": "2025-03-25T14:56:15.825143Z",
            "yes_price": 3,
            "no_price": 97,
            "taker_side": "yes"
        },
        {
            "trade_id": "3572feef-b309-49fe-896e-25366f280f95",
            "ticker": "KXHIGHNY-25MAR25-T55",
            "count": 92,
            "created_time": "2025-03-25T14:56:15.003953Z",
            "yes_price": 3,
            "no_price": 97,
            "taker_side": "yes"
        },
        {
            "trade_id": "5dca8dd4-4408-4218-98a5-80f1cc8341a0",
            "ticker": "KXHIGHNY-25MAR25-T55",
            "count": 29,
            "created_time": "2025-03-25T14:54:04.77536Z",
            "yes_price": 1,
            "no_price": 99,
            "taker_side": "no"
        },
        {
            "trade_id": "22c34b45-7128-4d45-baf8-09763f843d56",
            "ticker": "KXHIGHNY-25MAR25-T55",
            "count": 16,
            "created_time": "2025-03-25T14:29:14.745042Z",
            "yes_price": 1,
            "no_price": 99,
            "taker_side": "no"
        },
        {
            "trade_id": "ee74df8d-7118-4e2e-95ed-616874e78933",
            "ticker": "KXHIGHNY-25MAR25-T55",
            "count": 12,
            "created_time": "2025-03-25T14:27:50.616365Z",
            "yes_price": 1,
            "no_price": 99,
            "taker_side": "no"
        },
        {
            "trade_id": "a1ec4bd5-0078-422d-b22b-cb1e8cc9fd7f",
            "ticker": "KXHIGHNY-25MAR25-T55",
            "count": 12,
            "created_time": "2025-03-25T14:27:50.616365Z",
            "yes_price": 1,
            "no_price": 99,
            "taker_side": "no"
        },
        {
            "trade_id": "bf2a77f9-0939-4357-b4b4-b0ccf482a274",
            "ticker": "KXHIGHNY-25MAR25-T55",
            "count": 600,
            "created_time": "2025-03-25T14:23:36.758233Z",
            "yes_price": 3,
            "no_price": 97,
            "taker_side": "yes"
        },
        {
            "trade_id": "79a740a6-68a7-4285-a737-b20f4c4091ef",
            "ticker": "KXHIGHNY-25MAR25-T55",
            "count": 300,
            "created_time": "2025-03-25T13:56:16.110492Z",
            "yes_price": 2,
            "no_price": 98,
            "taker_side": "no"
        },
        {
            "trade_id": "d7e1f570-33cf-47cc-9739-e4220c339b42",
            "ticker": "KXHIGHNY-25MAR25-T55",
            "count": 200,
            "created_time": "2025-03-25T12:37:42.827647Z",
            "yes_price": 6,
            "no_price": 94,
            "taker_side": "no"
        },
        {
            "trade_id": "ef3be9f4-e036-41bd-86e4-1d74338de47c",
            "ticker": "KXHIGHNY-25MAR25-T55",
            "count": 2,
            "created_time": "2025-03-25T12:36:58.59998Z",
            "yes_price": 8,
            "no_price": 92,
            "taker_side": "yes"
        },
        {
            "trade_id": "b3ee272d-a5cb-4a18-bfdf-8b92ed2f7512",
            "ticker": "KXHIGHNY-25MAR25-T55",
            "count": 11,
            "created_time": "2025-03-25T12:23:04.569815Z",
            "yes_price": 8,
            "no_price": 92,
            "taker_side": "yes"
        },
        {
            "trade_id": "a46c5904-bd80-4467-902e-9a975216a0ab",
            "ticker": "KXHIGHNY-25MAR25-T55",
            "count": 648,
            "created_time": "2025-03-25T12:22:17.211607Z",
            "yes_price": 7,
            "no_price": 93,
            "taker_side": "no"
        },
        {
            "trade_id": "79df917a-0be0-4521-97e2-24fdd8c66f64",
            "ticker": "KXHIGHNY-25MAR25-T55",
            "count": 25,
            "created_time": "2025-03-25T12:07:10.999853Z",
            "yes_price": 11,
            "no_price": 89,
            "taker_side": "yes"
        },
        {
            "trade_id": "2f37f565-9eb8-49e8-b6a0-f39b05dc92ef",
            "ticker": "KXHIGHNY-25MAR25-T55",
            "count": 8,
            "created_time": "2025-03-25T12:07:10.999853Z",
            "yes_price": 10,
            "no_price": 90,
            "taker_side": "yes"
        },
        {
            "trade_id": "f29226d5-3d59-4cef-aeea-adced0178164",
            "ticker": "KXHIGHNY-25MAR25-T55",
            "count": 39,
            "created_time": "2025-03-25T12:06:44.406068Z",
            "yes_price": 7,
            "no_price": 93,
            "taker_side": "no"
        },
        {
            "trade_id": "503a6ed9-2cc9-4edc-a04c-3641c09b00e1",
            "ticker": "KXHIGHNY-25MAR25-T55",
            "count": 47,
            "created_time": "2025-03-25T12:04:24.042599Z",
            "yes_price": 7,
            "no_price": 93,
            "taker_side": "no"
        },
        {
            "trade_id": "8cc83450-b973-4fe8-a727-17080bdb369c",
            "ticker": "KXHIGHNY-25MAR25-T55",
            "count": 42,
            "created_time": "2025-03-25T12:02:39.516325Z",
            "yes_price": 10,
            "no_price": 90,
            "taker_side": "yes"
        },
        {
            "trade_id": "8398c799-e771-4825-ad76-9b1dd5bf8de2",
            "ticker": "KXHIGHNY-25MAR25-T55",
            "count": 65,
            "created_time": "2025-03-25T12:00:14.294371Z",
            "yes_price": 7,
            "no_price": 93,
            "taker_side": "no"
        },
        {
            "trade_id": "1da931ab-45cc-4797-b333-55258bca8607",
            "ticker": "KXHIGHNY-25MAR25-T55",
            "count": 61,
            "created_time": "2025-03-25T12:00:05.121181Z",
            "yes_price": 11,
            "no_price": 89,
            "taker_side": "no"
        },
        {
            "trade_id": "ae7eec62-3b5f-4f62-b05a-82ba77475ce3",
            "ticker": "KXHIGHNY-25MAR25-T55",
            "count": 100,
            "created_time": "2025-03-25T12:00:05.119687Z",
            "yes_price": 11,
            "no_price": 89,
            "taker_side": "no"
        },
        {
            "trade_id": "965a6ca5-d0e5-41d7-8724-c8bfba44ff61",
            "ticker": "KXHIGHNY-25MAR25-T55",
            "count": 10,
            "created_time": "2025-03-25T12:00:05.118286Z",
            "yes_price": 11,
            "no_price": 89,
            "taker_side": "no"
        },
        {
            "trade_id": "3a54257d-7afd-4950-8b58-a5358ce32e30",
            "ticker": "KXHIGHNY-25MAR25-T55",
            "count": 65,
            "created_time": "2025-03-25T12:00:05.118286Z",
            "yes_price": 12,
            "no_price": 88,
            "taker_side": "no"
        },
        {
            "trade_id": "a4a2b10b-aef5-4901-b983-a65ad90d8237",
            "ticker": "KXHIGHNY-25MAR25-T55",
            "count": 10,
            "created_time": "2025-03-25T06:51:43.44093Z",
            "yes_price": 12,
            "no_price": 88,
            "taker_side": "no"
        },
        {
            "trade_id": "ed157cac-d2c9-42b2-8b1f-984110920aac",
            "ticker": "KXHIGHNY-25MAR25-T55",
            "count": 6,
            "created_time": "2025-03-25T06:04:30.030361Z",
            "yes_price": 15,
            "no_price": 85,
            "taker_side": "yes"
        },
        {
            "trade_id": "a44cb932-a31d-41c1-9b68-1dda2e3f372b",
            "ticker": "KXHIGHNY-25MAR25-T55",
            "count": 238,
            "created_time": "2025-03-25T06:04:30.030361Z",
            "yes_price": 15,
            "no_price": 85,
            "taker_side": "yes"
        },
        {
            "trade_id": "770d20d2-e415-4386-b763-e6385e356adb",
            "ticker": "KXHIGHNY-25MAR25-T55",
            "count": 93,
            "created_time": "2025-03-25T06:04:30.030361Z",
            "yes_price": 13,
            "no_price": 87,
            "taker_side": "yes"
        },
        {
            "trade_id": "c1dbce58-9076-4ce7-91fa-6450317bc1fa",
            "ticker": "KXHIGHNY-25MAR25-T55",
            "count": 15,
            "created_time": "2025-03-25T05:49:18.304334Z",
            "yes_price": 13,
            "no_price": 87,
            "taker_side": "yes"
        },
        {
            "trade_id": "92a3d2eb-3ab3-47e6-9fec-95e9458e8ca9",
            "ticker": "KXHIGHNY-25MAR25-T55",
            "count": 44,
            "created_time": "2025-03-25T05:49:18.304334Z",
            "yes_price": 13,
            "no_price": 87,
            "taker_side": "yes"
        },
        {
            "trade_id": "f0fc51e1-9e41-4cc4-806b-afbb83fdfe1c",
            "ticker": "KXHIGHNY-25MAR25-T55",
            "count": 10,
            "created_time": "2025-03-25T04:20:15.363813Z",
            "yes_price": 13,
            "no_price": 87,
            "taker_side": "yes"
        },
        {
            "trade_id": "e6f95048-ee6f-4fef-a37c-d48c827ed06a",
            "ticker": "KXHIGHNY-25MAR25-T55",
            "count": 1,
            "created_time": "2025-03-25T04:20:15.363813Z",
            "yes_price": 14,
            "no_price": 86,
            "taker_side": "yes"
        },
        {
            "trade_id": "b6d1ae46-634c-48e2-bd6c-ca50555c3b7a",
            "ticker": "KXHIGHNY-25MAR25-T55",
            "count": 9,
            "created_time": "2025-03-25T04:20:15.363813Z",
            "yes_price": 14,
            "no_price": 86,
            "taker_side": "yes"
        },
        {
            "trade_id": "92750811-eb69-498b-afc1-b4773448ee0f",
            "ticker": "KXHIGHNY-25MAR25-T55",
            "count": 47,
            "created_time": "2025-03-25T04:20:15.363813Z",
            "yes_price": 14,
            "no_price": 86,
            "taker_side": "yes"
        },
        {
            "trade_id": "8245ecaf-3efd-4277-9840-40ec999e1aeb",
            "ticker": "KXHIGHNY-25MAR25-T55",
            "count": 8,
            "created_time": "2025-03-25T04:20:15.363813Z",
            "yes_price": 14,
            "no_price": 86,
            "taker_side": "yes"
        },
        {
            "trade_id": "5e967af3-b036-4742-aaa8-548c097a9a9e",
            "ticker": "KXHIGHNY-25MAR25-T55",
            "count": 1,
            "created_time": "2025-03-25T04:20:15.363813Z",
            "yes_price": 14,
            "no_price": 86,
            "taker_side": "yes"
        },
        {
            "trade_id": "b3ea5c61-6dcb-4d56-895e-3e7e3062a61a",
            "ticker": "KXHIGHNY-25MAR25-T55",
            "count": 150,
            "created_time": "2025-03-25T03:59:21.417229Z",
            "yes_price": 11,
            "no_price": 89,
            "taker_side": "no"
        },
        {
            "trade_id": "de2a5cf0-0629-4145-8847-ffd3616b460d",
            "ticker": "KXHIGHNY-25MAR25-T55",
            "count": 1,
            "created_time": "2025-03-25T03:43:24.355016Z",
            "yes_price": 15,
            "no_price": 85,
            "taker_side": "yes"
        },
        {
            "trade_id": "d810f05b-2ba6-4d2b-9e6b-f074303d7f08",
            "ticker": "KXHIGHNY-25MAR25-T55",
            "count": 9,
            "created_time": "2025-03-25T03:43:24.355016Z",
            "yes_price": 14,
            "no_price": 86,
            "taker_side": "yes"
        },
        {
            "trade_id": "d4ff6646-e56f-42ca-b0d0-3ab26644bb7d",
            "ticker": "KXHIGHNY-25MAR25-T55",
            "count": 14,
            "created_time": "2025-03-25T03:43:24.355016Z",
            "yes_price": 13,
            "no_price": 87,
            "taker_side": "yes"
        },
        {
            "trade_id": "c5823b11-efe4-403d-9354-8dba073aebc3",
            "ticker": "KXHIGHNY-25MAR25-T55",
            "count": 11,
            "created_time": "2025-03-25T03:43:24.355016Z",
            "yes_price": 13,
            "no_price": 87,
            "taker_side": "yes"
        },
        {
            "trade_id": "8515e32f-7e35-4822-9fe4-8084c8128420",
            "ticker": "KXHIGHNY-25MAR25-T55",
            "count": 29,
            "created_time": "2025-03-25T03:43:24.355016Z",
            "yes_price": 14,
            "no_price": 86,
            "taker_side": "yes"
        },
        {
            "trade_id": "7d109675-a7a9-40a2-8417-f5c65d5cb016",
            "ticker": "KXHIGHNY-25MAR25-T55",
            "count": 2,
            "created_time": "2025-03-25T03:43:24.355016Z",
            "yes_price": 15,
            "no_price": 85,
            "taker_side": "yes"
        },
        {
            "trade_id": "74d41eb8-ad1b-4fcd-b790-e763ef47e602",
            "ticker": "KXHIGHNY-25MAR25-T55",
            "count": 240,
            "created_time": "2025-03-25T03:43:24.355016Z",
            "yes_price": 15,
            "no_price": 85,
            "taker_side": "yes"
        },
        {
            "trade_id": "6aef4d51-ed82-478e-8445-84f4871f8bac",
            "ticker": "KXHIGHNY-25MAR25-T55",
            "count": 1,
            "created_time": "2025-03-25T03:43:24.355016Z",
            "yes_price": 15,
            "no_price": 85,
            "taker_side": "yes"
        },
        {
            "trade_id": "9647926c-c760-4a7e-8888-2378e0d0366e",
            "ticker": "KXHIGHNY-25MAR25-T55",
            "count": 240,
            "created_time": "2025-03-25T03:40:29.448623Z",
            "yes_price": 13,
            "no_price": 87,
            "taker_side": "yes"
        },
        {
            "trade_id": "40a6be9f-92f1-45ab-9c3e-21a52694f5e3",
            "ticker": "KXHIGHNY-25MAR25-T55",
            "count": 1,
            "created_time": "2025-03-25T03:40:29.448623Z",
            "yes_price": 12,
            "no_price": 88,
            "taker_side": "yes"
        },
        {
            "trade_id": "19a6037d-456d-4673-9743-5bf25e36706b",
            "ticker": "KXHIGHNY-25MAR25-T55",
            "count": 10,
            "created_time": "2025-03-25T03:40:29.448623Z",
            "yes_price": 11,
            "no_price": 89,
            "taker_side": "yes"
        },
        {
            "trade_id": "c628f7bc-78ca-442e-a360-4229c3865bfd",
            "ticker": "KXHIGHNY-25MAR25-T55",
            "count": 10,
            "created_time": "2025-03-25T02:11:45.127478Z",
            "yes_price": 11,
            "no_price": 89,
            "taker_side": "yes"
        },
        {
            "trade_id": "b2b206df-d217-4da3-83fa-c7e7e733262f",
            "ticker": "KXHIGHNY-25MAR25-T55",
            "count": 6,
            "created_time": "2025-03-25T02:11:45.127478Z",
            "yes_price": 11,
            "no_price": 89,
            "taker_side": "yes"
        },
        {
            "trade_id": "6e0bfc4f-18cf-406b-b154-e31c87a180df",
            "ticker": "KXHIGHNY-25MAR25-T55",
            "count": 13,
            "created_time": "2025-03-25T02:11:45.127478Z",
            "yes_price": 13,
            "no_price": 87,
            "taker_side": "yes"
        },
        {
            "trade_id": "4d6aca0b-7afe-467c-9023-93112b2a773a",
            "ticker": "KXHIGHNY-25MAR25-T55",
            "count": 10,
            "created_time": "2025-03-25T02:11:45.127478Z",
            "yes_price": 12,
            "no_price": 88,
            "taker_side": "yes"
        },
        {
            "trade_id": "d5f0b57b-3193-4128-8568-c0d73705b8a9",
            "ticker": "KXHIGHNY-25MAR25-T55",
            "count": 8,
            "created_time": "2025-03-25T01:48:22.345591Z",
            "yes_price": 9,
            "no_price": 91,
            "taker_side": "yes"
        },
        {
            "trade_id": "bb28fe2e-ec53-4438-865f-149b3de5de1e",
            "ticker": "KXHIGHNY-25MAR25-T55",
            "count": 18,
            "created_time": "2025-03-25T01:48:22.345591Z",
            "yes_price": 9,
            "no_price": 91,
            "taker_side": "yes"
        },
        {
            "trade_id": "92735139-dbb4-4494-93a8-17b1a16801f1",
            "ticker": "KXHIGHNY-25MAR25-T55",
            "count": 9,
            "created_time": "2025-03-25T01:48:22.345591Z",
            "yes_price": 10,
            "no_price": 90,
            "taker_side": "yes"
        },
        {
            "trade_id": "6f605e6f-c23b-42fb-b3a6-99d596ed27dd",
            "ticker": "KXHIGHNY-25MAR25-T55",
            "count": 240,
            "created_time": "2025-03-25T01:48:22.345591Z",
            "yes_price": 11,
            "no_price": 89,
            "taker_side": "yes"
        },
        {
            "trade_id": "41c365ae-c84b-4ecf-904f-73c35eddb062",
            "ticker": "KXHIGHNY-25MAR25-T55",
            "count": 1,
            "created_time": "2025-03-25T01:41:44.125049Z",
            "yes_price": 8,
            "no_price": 92,
            "taker_side": "no"
        },
        {
            "trade_id": "4aeae0fb-e14f-4cce-a179-957cabef089d",
            "ticker": "KXHIGHNY-25MAR25-T55",
            "count": 2,
            "created_time": "2025-03-25T01:38:51.16615Z",
            "yes_price": 9,
            "no_price": 91,
            "taker_side": "yes"
        },
        {
            "trade_id": "b6aa10db-a8e7-46aa-986f-6beb931093f8",
            "ticker": "KXHIGHNY-25MAR25-T55",
            "count": 5,
            "created_time": "2025-03-25T00:21:58.504987Z",
            "yes_price": 5,
            "no_price": 95,
            "taker_side": "no"
        },
        {
            "trade_id": "e3f8b9c5-05b8-417f-b817-b367e11287b4",
            "ticker": "KXHIGHNY-25MAR25-T55",
            "count": 27,
            "created_time": "2025-03-24T23:54:29.901554Z",
            "yes_price": 10,
            "no_price": 90,
            "taker_side": "yes"
        },
        {
            "trade_id": "f49db866-e4d9-4d98-9c88-138809459d75",
            "ticker": "KXHIGHNY-25MAR25-T55",
            "count": 50,
            "created_time": "2025-03-24T23:42:40.937737Z",
            "yes_price": 4,
            "no_price": 96,
            "taker_side": "no"
        },
        {
            "trade_id": "e204b030-d590-4b7b-9e9c-f0b6484e1bfc",
            "ticker": "KXHIGHNY-25MAR25-T55",
            "count": 240,
            "created_time": "2025-03-24T23:42:40.937737Z",
            "yes_price": 5,
            "no_price": 95,
            "taker_side": "no"
        },
        {
            "trade_id": "52a5a430-a63a-474f-a420-38bc81a9b9b2",
            "ticker": "KXHIGHNY-25MAR25-T55",
            "count": 11,
            "created_time": "2025-03-24T23:42:40.937737Z",
            "yes_price": 7,
            "no_price": 93,
            "taker_side": "no"
        },
        {
            "trade_id": "1602c6a0-14d9-4418-b215-3c84cb25d077",
            "ticker": "KXHIGHNY-25MAR25-T55",
            "count": 3,
            "created_time": "2025-03-24T23:42:40.937737Z",
            "yes_price": 7,
            "no_price": 93,
            "taker_side": "no"
        },
        {
            "trade_id": "080f7994-94f4-4ae2-9fdb-ed77dc052aff",
            "ticker": "KXHIGHNY-25MAR25-T55",
            "count": 36,
            "created_time": "2025-03-24T23:33:08.473855Z",
            "yes_price": 7,
            "no_price": 93,
            "taker_side": "no"
        },
        {
            "trade_id": "a0d834c2-6114-484a-abdb-55c2b83c7786",
            "ticker": "KXHIGHNY-25MAR25-T55",
            "count": 5,
            "created_time": "2025-03-24T23:20:08.214146Z",
            "yes_price": 7,
            "no_price": 93,
            "taker_side": "no"
        },
        {
            "trade_id": "4ad14e98-cd76-4ddf-af08-731749842d4f",
            "ticker": "KXHIGHNY-25MAR25-T55",
            "count": 1,
            "created_time": "2025-03-24T23:13:19.105973Z",
            "yes_price": 13,
            "no_price": 87,
            "taker_side": "yes"
        },
        {
            "trade_id": "107d0619-e6e2-4bed-bce0-c962a21f5cbb",
            "ticker": "KXHIGHNY-25MAR25-T55",
            "count": 1,
            "created_time": "2025-03-24T23:13:19.105973Z",
            "yes_price": 14,
            "no_price": 86,
            "taker_side": "yes"
        },
        {
            "trade_id": "0f410ef1-2835-43bc-8847-88f1a2d4cf6a",
            "ticker": "KXHIGHNY-25MAR25-T55",
            "count": 8,
            "created_time": "2025-03-24T23:13:19.105973Z",
            "yes_price": 12,
            "no_price": 88,
            "taker_side": "yes"
        },
        {
            "trade_id": "f99463ea-36ce-431f-a4dc-87d888fbcd26",
            "ticker": "KXHIGHNY-25MAR25-T55",
            "count": 11,
            "created_time": "2025-03-24T22:26:40.029661Z",
            "yes_price": 11,
            "no_price": 89,
            "taker_side": "yes"
        },
        {
            "trade_id": "bd98b20e-65ca-4050-b67f-8a8c5208a32d",
            "ticker": "KXHIGHNY-25MAR25-T55",
            "count": 194,
            "created_time": "2025-03-24T22:26:40.029661Z",
            "yes_price": 13,
            "no_price": 87,
            "taker_side": "yes"
        },
        {
            "trade_id": "9eb54bfa-f1f5-4f4e-8212-e6db26922d44",
            "ticker": "KXHIGHNY-25MAR25-T55",
            "count": 1,
            "created_time": "2025-03-24T22:26:40.029661Z",
            "yes_price": 10,
            "no_price": 90,
            "taker_side": "yes"
        },
        {
            "trade_id": "5237c488-94bd-48d2-b9c7-cabb038b72f6",
            "ticker": "KXHIGHNY-25MAR25-T55",
            "count": 9,
            "created_time": "2025-03-24T22:26:40.029661Z",
            "yes_price": 12,
            "no_price": 88,
            "taker_side": "yes"
        },
        {
            "trade_id": "23abe16c-1cc7-4f40-a595-1327b34f702e",
            "ticker": "KXHIGHNY-25MAR25-T55",
            "count": 5,
            "created_time": "2025-03-24T22:26:40.029661Z",
            "yes_price": 11,
            "no_price": 89,
            "taker_side": "yes"
        },
        {
            "trade_id": "d2751af8-207a-4875-a39e-5afb550ae1e1",
            "ticker": "KXHIGHNY-25MAR25-T55",
            "count": 188,
            "created_time": "2025-03-24T21:57:19.723334Z",
            "yes_price": 6,
            "no_price": 94,
            "taker_side": "no"
        },
        {
            "trade_id": "b4accfc8-3845-46cf-b017-f60d951efb30",
            "ticker": "KXHIGHNY-25MAR25-T55",
            "count": 3,
            "created_time": "2025-03-24T21:57:19.723334Z",
            "yes_price": 6,
            "no_price": 94,
            "taker_side": "no"
        },
        {
            "trade_id": "57648f2c-48e8-4766-957e-a947e596e6ab",
            "ticker": "KXHIGHNY-25MAR25-T55",
            "count": 19,
            "created_time": "2025-03-24T21:57:19.723334Z",
            "yes_price": 10,
            "no_price": 90,
            "taker_side": "no"
        },
        {
            "trade_id": "24b2089e-9500-4a05-abfc-647673ae1aa8",
            "ticker": "KXHIGHNY-25MAR25-T55",
            "count": 240,
            "created_time": "2025-03-24T21:57:19.723334Z",
            "yes_price": 8,
            "no_price": 92,
            "taker_side": "no"
        },
        {
            "trade_id": "56fd82e7-5f6e-4204-8337-8669c7c7a208",
            "ticker": "KXHIGHNY-25MAR25-T55",
            "count": 12,
            "created_time": "2025-03-24T21:39:32.717078Z",
            "yes_price": 10,
            "no_price": 90,
            "taker_side": "no"
        },
        {
            "trade_id": "680b9961-788f-49a7-b8ed-d7dbf5010a6a",
            "ticker": "KXHIGHNY-25MAR25-T55",
            "count": 1,
            "created_time": "2025-03-24T21:33:10.968692Z",
            "yes_price": 12,
            "no_price": 88,
            "taker_side": "yes"
        },
        {
            "trade_id": "abcf2e20-1669-498c-bbd0-ad2a4e8247ef",
            "ticker": "KXHIGHNY-25MAR25-T55",
            "count": 1,
            "created_time": "2025-03-24T20:33:05.370962Z",
            "yes_price": 10,
            "no_price": 90,
            "taker_side": "no"
        },
        {
            "trade_id": "62f8de87-39d9-40d4-8f1a-984b72a2d420",
            "ticker": "KXHIGHNY-25MAR25-T55",
            "count": 5,
            "created_time": "2025-03-24T20:33:05.370962Z",
            "yes_price": 8,
            "no_price": 92,
            "taker_side": "no"
        },
        {
            "trade_id": "4bfdd279-456f-40e4-b33c-a1e501744edc",
            "ticker": "KXHIGHNY-25MAR25-T55",
            "count": 4,
            "created_time": "2025-03-24T20:33:05.370962Z",
            "yes_price": 10,
            "no_price": 90,
            "taker_side": "no"
        },
        {
            "trade_id": "4f703def-f9a3-4cb1-95e5-81b5b860fdaa",
            "ticker": "KXHIGHNY-25MAR25-T55",
            "count": 9,
            "created_time": "2025-03-24T20:20:42.553077Z",
            "yes_price": 10,
            "no_price": 90,
            "taker_side": "no"
        },
        {
            "trade_id": "293be4d4-caa3-485e-a231-993c5c6dd4a8",
            "ticker": "KXHIGHNY-25MAR25-T55",
            "count": 208,
            "created_time": "2025-03-24T18:16:50.022348Z",
            "yes_price": 6,
            "no_price": 94,
            "taker_side": "no"
        },
        {
            "trade_id": "5f354c48-b9a0-4a18-9273-3003e293d179",
            "ticker": "KXHIGHNY-25MAR25-T55",
            "count": 1,
            "created_time": "2025-03-24T15:21:07.978018Z",
            "yes_price": 6,
            "no_price": 94,
            "taker_side": "no"
        },
        {
            "trade_id": "ed584fd3-b01c-48dd-83c1-76a1f5aecda1",
            "ticker": "KXHIGHNY-25MAR25-T55",
            "count": 240,
            "created_time": "2025-03-24T14:21:07.244018Z",
            "yes_price": 9,
            "no_price": 91,
            "taker_side": "yes"
        },
        {
            "trade_id": "e3bda45c-75b3-46cf-9f7d-64b9c8473dc0",
            "ticker": "KXHIGHNY-25MAR25-T55",
            "count": 58,
            "created_time": "2025-03-24T14:21:07.244018Z",
            "yes_price": 7,
            "no_price": 93,
            "taker_side": "yes"
        },
        {
            "trade_id": "5573c492-0523-4be7-982d-5fc011d88ab2",
            "ticker": "KXHIGHNY-25MAR25-T55",
            "count": 240,
            "created_time": "2025-03-24T14:21:07.244018Z",
            "yes_price": 11,
            "no_price": 89,
            "taker_side": "yes"
        }
    ],
    "KXHIGHNY-25MAR25-B55.5": [
        {
            "trade_id": "b916123e-c2a6-47a8-ac43-a3850ae25697",
            "ticker": "KXHIGHNY-25MAR25-B55.5",
            "count": 1,
            "created_time": "2025-03-25T19:33:00.965539Z",
            "yes_price": 1,
            "no_price": 99,
            "taker_side": "yes"
        },
        {
            "trade_id": "a377c506-dfac-4378-b093-ee84fbfe85c9",
            "ticker": "KXHIGHNY-25MAR25-B55.5",
            "count": 600,
            "created_time": "2025-03-25T18:58:28.761783Z",
            "yes_price": 1,
            "no_price": 99,
            "taker_side": "yes"
        },
        {
            "trade_id": "fe8c6070-dec2-4b73-ab94-b4a033d9047a",
            "ticker": "KXHIGHNY-25MAR25-B55.5",
            "count": 423,
            "created_time": "2025-03-25T18:53:39.593407Z",
            "yes_price": 1,
            "no_price": 99,
            "taker_side": "no"
        },
        {
            "trade_id": "f3927ced-dea6-455f-bee4-b613b06137bc",
            "ticker": "KXHIGHNY-25MAR25-B55.5",
            "count": 3,
            "created_time": "2025-03-25T18:53:39.593407Z",
            "yes_price": 1,
            "no_price": 99,
            "taker_side": "no"
        },
        {
            "trade_id": "edb9bd32-f541-41de-a0b5-077e3ecc3933",
            "ticker": "KXHIGHNY-25MAR25-B55.5",
            "count": 500,
            "created_time": "2025-03-25T18:53:39.593407Z",
            "yes_price": 1,
            "no_price": 99,
            "taker_side": "no"
        },
        {
            "trade_id": "b4b687e1-07e9-4605-a467-02bcac7cfe1b",
            "ticker": "KXHIGHNY-25MAR25-B55.5",
            "count": 150,
            "created_time": "2025-03-25T18:53:39.593407Z",
            "yes_price": 1,
            "no_price": 99,
            "taker_side": "no"
        },
        {
            "trade_id": "96678894-22f7-4f2d-922a-e48a23b9c5e9",
            "ticker": "KXHIGHNY-25MAR25-B55.5",
            "count": 50,
            "created_time": "2025-03-25T18:53:39.593407Z",
            "yes_price": 1,
            "no_price": 99,
            "taker_side": "no"
        },
        {
            "trade_id": "3e170076-e290-4a3c-a16e-7448f85aa324",
            "ticker": "KXHIGHNY-25MAR25-B55.5",
            "count": 88,
            "created_time": "2025-03-25T18:53:39.593407Z",
            "yes_price": 1,
            "no_price": 99,
            "taker_side": "no"
        },
        {
            "trade_id": "bf213683-85cb-4c8b-957e-acf7bba268bd",
            "ticker": "KXHIGHNY-25MAR25-B55.5",
            "count": 74,
            "created_time": "2025-03-25T18:39:06.629726Z",
            "yes_price": 1,
            "no_price": 99,
            "taker_side": "no"
        },
        {
            "trade_id": "1d5b266d-9ecb-4104-8193-40c1a96eda9f",
            "ticker": "KXHIGHNY-25MAR25-B55.5",
            "count": 51,
            "created_time": "2025-03-25T18:39:06.629726Z",
            "yes_price": 1,
            "no_price": 99,
            "taker_side": "no"
        },
        {
            "trade_id": "1ae81ff1-e616-4f5b-bff4-1c7201c8cda6",
            "ticker": "KXHIGHNY-25MAR25-B55.5",
            "count": 124,
            "created_time": "2025-03-25T18:35:33.893085Z",
            "yes_price": 2,
            "no_price": 98,
            "taker_side": "no"
        },
        {
            "trade_id": "f17f1fee-4730-4cb1-8ea6-1458d1a076bb",
            "ticker": "KXHIGHNY-25MAR25-B55.5",
            "count": 10,
            "created_time": "2025-03-25T18:32:04.143649Z",
            "yes_price": 2,
            "no_price": 98,
            "taker_side": "no"
        },
        {
            "trade_id": "6c10a450-266f-401b-81b4-a60a924c8725",
            "ticker": "KXHIGHNY-25MAR25-B55.5",
            "count": 1,
            "created_time": "2025-03-25T18:31:22.441264Z",
            "yes_price": 3,
            "no_price": 97,
            "taker_side": "yes"
        },
        {
            "trade_id": "d7305cd7-9169-495e-a9a2-305a1ee721ad",
            "ticker": "KXHIGHNY-25MAR25-B55.5",
            "count": 40,
            "created_time": "2025-03-25T18:29:33.300084Z",
            "yes_price": 3,
            "no_price": 97,
            "taker_side": "yes"
        },
        {
            "trade_id": "18046ccb-809f-4cf3-a6e5-e54304a7d39a",
            "ticker": "KXHIGHNY-25MAR25-B55.5",
            "count": 134,
            "created_time": "2025-03-25T18:29:33.300084Z",
            "yes_price": 3,
            "no_price": 97,
            "taker_side": "yes"
        },
        {
            "trade_id": "88f89e65-c51c-4fb0-a2bd-a614d877a6a7",
            "ticker": "KXHIGHNY-25MAR25-B55.5",
            "count": 7,
            "created_time": "2025-03-25T18:28:05.550333Z",
            "yes_price": 3,
            "no_price": 97,
            "taker_side": "yes"
        },
        {
            "trade_id": "142d6ebb-06e4-414d-aeb3-0a221cf0b9b5",
            "ticker": "KXHIGHNY-25MAR25-B55.5",
            "count": 35,
            "created_time": "2025-03-25T18:28:05.550333Z",
            "yes_price": 3,
            "no_price": 97,
            "taker_side": "yes"
        },
        {
            "trade_id": "ecd51671-1463-4ada-bf6a-23c977b8e609",
            "ticker": "KXHIGHNY-25MAR25-B55.5",
            "count": 195,
            "created_time": "2025-03-25T18:25:38.840432Z",
            "yes_price": 2,
            "no_price": 98,
            "taker_side": "no"
        },
        {
            "trade_id": "a4bb537f-41c9-4b9b-a5c5-dce94a921fe2",
            "ticker": "KXHIGHNY-25MAR25-B55.5",
            "count": 208,
            "created_time": "2025-03-25T18:25:38.840432Z",
            "yes_price": 2,
            "no_price": 98,
            "taker_side": "no"
        },
        {
            "trade_id": "50ef5460-bd69-4d64-8409-4fd8bc8c72c8",
            "ticker": "KXHIGHNY-25MAR25-B55.5",
            "count": 97,
            "created_time": "2025-03-25T18:25:38.840432Z",
            "yes_price": 2,
            "no_price": 98,
            "taker_side": "no"
        },
        {
            "trade_id": "1f3c1724-22dd-4cc8-8b9a-cbedfc85b691",
            "ticker": "KXHIGHNY-25MAR25-B55.5",
            "count": 9,
            "created_time": "2025-03-25T18:22:00.907634Z",
            "yes_price": 2,
            "no_price": 98,
            "taker_side": "no"
        },
        {
            "trade_id": "655d68d5-9963-4c35-862f-ffd70da2d4be",
            "ticker": "KXHIGHNY-25MAR25-B55.5",
            "count": 31,
            "created_time": "2025-03-25T18:21:41.795337Z",
            "yes_price": 3,
            "no_price": 97,
            "taker_side": "yes"
        },
        {
            "trade_id": "754ae5cc-a7f7-4ca0-a73e-a0f1eda2cabb",
            "ticker": "KXHIGHNY-25MAR25-B55.5",
            "count": 62,
            "created_time": "2025-03-25T18:16:30.846598Z",
            "yes_price": 3,
            "no_price": 97,
            "taker_side": "yes"
        },
        {
            "trade_id": "6527bac5-220b-4cb3-be11-5c97c1622686",
            "ticker": "KXHIGHNY-25MAR25-B55.5",
            "count": 25,
            "created_time": "2025-03-25T18:16:25.948745Z",
            "yes_price": 2,
            "no_price": 98,
            "taker_side": "no"
        },
        {
            "trade_id": "105a6b13-c00b-4933-b26a-ac0ee24937d1",
            "ticker": "KXHIGHNY-25MAR25-B55.5",
            "count": 9,
            "created_time": "2025-03-25T18:13:15.832048Z",
            "yes_price": 2,
            "no_price": 98,
            "taker_side": "no"
        },
        {
            "trade_id": "0a10c5f1-b2d9-4d38-9a70-1a618eed2001",
            "ticker": "KXHIGHNY-25MAR25-B55.5",
            "count": 25,
            "created_time": "2025-03-25T18:08:58.236981Z",
            "yes_price": 1,
            "no_price": 99,
            "taker_side": "no"
        },
        {
            "trade_id": "f03c8171-4de0-4dbb-b776-4abf5e566a49",
            "ticker": "KXHIGHNY-25MAR25-B55.5",
            "count": 300,
            "created_time": "2025-03-25T18:08:47.39562Z",
            "yes_price": 3,
            "no_price": 97,
            "taker_side": "yes"
        },
        {
            "trade_id": "d48dc776-a041-4ef9-a877-65f40bef2f56",
            "ticker": "KXHIGHNY-25MAR25-B55.5",
            "count": 200,
            "created_time": "2025-03-25T18:08:47.39562Z",
            "yes_price": 4,
            "no_price": 96,
            "taker_side": "yes"
        },
        {
            "trade_id": "011f37e3-4377-45b0-96ef-2e56d2abc70e",
            "ticker": "KXHIGHNY-25MAR25-B55.5",
            "count": 1,
            "created_time": "2025-03-25T18:05:54.493308Z",
            "yes_price": 1,
            "no_price": 99,
            "taker_side": "no"
        },
        {
            "trade_id": "23a07c6d-2f48-462f-b07a-98aa5b2dcd15",
            "ticker": "KXHIGHNY-25MAR25-B55.5",
            "count": 50,
            "created_time": "2025-03-25T18:05:31.161987Z",
            "yes_price": 2,
            "no_price": 98,
            "taker_side": "no"
        },
        {
            "trade_id": "08c71a0a-0366-4406-ac72-8258522051b9",
            "ticker": "KXHIGHNY-25MAR25-B55.5",
            "count": 250,
            "created_time": "2025-03-25T17:53:53.741612Z",
            "yes_price": 5,
            "no_price": 95,
            "taker_side": "no"
        },
        {
            "trade_id": "6033e9fe-f83c-4f57-b112-134b4fa118b0",
            "ticker": "KXHIGHNY-25MAR25-B55.5",
            "count": 50,
            "created_time": "2025-03-25T17:53:26.406088Z",
            "yes_price": 5,
            "no_price": 95,
            "taker_side": "no"
        },
        {
            "trade_id": "fd1622c5-bb2a-43e4-b1e9-82275e6b3d0f",
            "ticker": "KXHIGHNY-25MAR25-B55.5",
            "count": 300,
            "created_time": "2025-03-25T17:53:11.635562Z",
            "yes_price": 9,
            "no_price": 91,
            "taker_side": "yes"
        },
        {
            "trade_id": "80ee534a-491d-4f95-a37c-25a805cbf922",
            "ticker": "KXHIGHNY-25MAR25-B55.5",
            "count": 50,
            "created_time": "2025-03-25T17:47:08.564846Z",
            "yes_price": 7,
            "no_price": 93,
            "taker_side": "no"
        },
        {
            "trade_id": "38d278ed-d896-4b3d-83f0-1f6f300f9ba9",
            "ticker": "KXHIGHNY-25MAR25-B55.5",
            "count": 200,
            "created_time": "2025-03-25T17:40:55.447804Z",
            "yes_price": 11,
            "no_price": 89,
            "taker_side": "yes"
        },
        {
            "trade_id": "854f431f-5100-44e2-82ae-0fc6f639136d",
            "ticker": "KXHIGHNY-25MAR25-B55.5",
            "count": 223,
            "created_time": "2025-03-25T17:40:43.562137Z",
            "yes_price": 11,
            "no_price": 89,
            "taker_side": "yes"
        },
        {
            "trade_id": "de2f931f-5e1e-4847-b147-e1cc7fb41138",
            "ticker": "KXHIGHNY-25MAR25-B55.5",
            "count": 2,
            "created_time": "2025-03-25T17:25:39.0941Z",
            "yes_price": 12,
            "no_price": 88,
            "taker_side": "yes"
        },
        {
            "trade_id": "27647281-3235-47f7-85cc-33bac80363d7",
            "ticker": "KXHIGHNY-25MAR25-B55.5",
            "count": 7,
            "created_time": "2025-03-25T17:16:14.282932Z",
            "yes_price": 13,
            "no_price": 87,
            "taker_side": "yes"
        },
        {
            "trade_id": "60225734-7ce8-4370-96d1-d0227fa08c54",
            "ticker": "KXHIGHNY-25MAR25-B55.5",
            "count": 72,
            "created_time": "2025-03-25T17:15:53.045112Z",
            "yes_price": 13,
            "no_price": 87,
            "taker_side": "yes"
        },
        {
            "trade_id": "87a3bf89-7514-4047-bf15-f4ec9d539182",
            "ticker": "KXHIGHNY-25MAR25-B55.5",
            "count": 27,
            "created_time": "2025-03-25T17:09:20.762758Z",
            "yes_price": 6,
            "no_price": 94,
            "taker_side": "no"
        },
        {
            "trade_id": "95b6bd4e-eab4-45a0-a494-a4c6faeedd63",
            "ticker": "KXHIGHNY-25MAR25-B55.5",
            "count": 6,
            "created_time": "2025-03-25T16:54:57.963696Z",
            "yes_price": 14,
            "no_price": 86,
            "taker_side": "yes"
        },
        {
            "trade_id": "d113fb54-6561-42db-89fb-6e2751ee6da2",
            "ticker": "KXHIGHNY-25MAR25-B55.5",
            "count": 48,
            "created_time": "2025-03-25T16:48:28.284435Z",
            "yes_price": 16,
            "no_price": 84,
            "taker_side": "yes"
        },
        {
            "trade_id": "0a0d4e22-a7df-4e7a-83de-93a6f7ed31a2",
            "ticker": "KXHIGHNY-25MAR25-B55.5",
            "count": 11,
            "created_time": "2025-03-25T16:48:28.284435Z",
            "yes_price": 15,
            "no_price": 85,
            "taker_side": "yes"
        },
        {
            "trade_id": "5110e03e-3373-49d2-ae51-e4257590e7a5",
            "ticker": "KXHIGHNY-25MAR25-B55.5",
            "count": 20,
            "created_time": "2025-03-25T16:46:22.503018Z",
            "yes_price": 7,
            "no_price": 93,
            "taker_side": "no"
        },
        {
            "trade_id": "0f31e012-db6d-4892-8d54-00f6e69d95c7",
            "ticker": "KXHIGHNY-25MAR25-B55.5",
            "count": 5,
            "created_time": "2025-03-25T16:46:22.503018Z",
            "yes_price": 6,
            "no_price": 94,
            "taker_side": "no"
        },
        {
            "trade_id": "283126a9-29b1-41ca-9235-21c45120bbf9",
            "ticker": "KXHIGHNY-25MAR25-B55.5",
            "count": 25,
            "created_time": "2025-03-25T16:46:09.48157Z",
            "yes_price": 7,
            "no_price": 93,
            "taker_side": "no"
        },
        {
            "trade_id": "fae48fb0-1524-43b9-bf3e-ab534a6a641c",
            "ticker": "KXHIGHNY-25MAR25-B55.5",
            "count": 2,
            "created_time": "2025-03-25T16:45:06.491204Z",
            "yes_price": 7,
            "no_price": 93,
            "taker_side": "no"
        },
        {
            "trade_id": "5a5f7915-5f65-4dfd-8fd8-00003c65f628",
            "ticker": "KXHIGHNY-25MAR25-B55.5",
            "count": 1,
            "created_time": "2025-03-25T16:42:08.808028Z",
            "yes_price": 8,
            "no_price": 92,
            "taker_side": "no"
        },
        {
            "trade_id": "f4b5cac4-8e74-47f1-a46a-87701d9f5be5",
            "ticker": "KXHIGHNY-25MAR25-B55.5",
            "count": 16,
            "created_time": "2025-03-25T16:35:22.666507Z",
            "yes_price": 8,
            "no_price": 92,
            "taker_side": "no"
        },
        {
            "trade_id": "a98dc933-4651-46f5-8184-ecde3ad8d556",
            "ticker": "KXHIGHNY-25MAR25-B55.5",
            "count": 250,
            "created_time": "2025-03-25T16:34:51.279492Z",
            "yes_price": 16,
            "no_price": 84,
            "taker_side": "yes"
        },
        {
            "trade_id": "21b5aad1-ac2e-4c11-b03e-3dac2af167d2",
            "ticker": "KXHIGHNY-25MAR25-B55.5",
            "count": 17,
            "created_time": "2025-03-25T16:34:51.279492Z",
            "yes_price": 15,
            "no_price": 85,
            "taker_side": "yes"
        },
        {
            "trade_id": "70ca1f43-6eb2-4fbf-9eac-c5308a55512f",
            "ticker": "KXHIGHNY-25MAR25-B55.5",
            "count": 28,
            "created_time": "2025-03-25T16:29:13.728708Z",
            "yes_price": 8,
            "no_price": 92,
            "taker_side": "no"
        },
        {
            "trade_id": "745ade23-25ee-48df-b20e-f2a20e76cdaf",
            "ticker": "KXHIGHNY-25MAR25-B55.5",
            "count": 6,
            "created_time": "2025-03-25T16:27:52.963599Z",
            "yes_price": 8,
            "no_price": 92,
            "taker_side": "no"
        },
        {
            "trade_id": "6e6d46e4-3947-4c4f-8466-7a993b625e34",
            "ticker": "KXHIGHNY-25MAR25-B55.5",
            "count": 45,
            "created_time": "2025-03-25T16:27:52.963599Z",
            "yes_price": 9,
            "no_price": 91,
            "taker_side": "no"
        },
        {
            "trade_id": "051f7311-cf37-4424-a3cf-7153380e116c",
            "ticker": "KXHIGHNY-25MAR25-B55.5",
            "count": 250,
            "created_time": "2025-03-25T16:24:14.033699Z",
            "yes_price": 8,
            "no_price": 92,
            "taker_side": "no"
        },
        {
            "trade_id": "92e72058-c33b-4615-a553-6acefe786a49",
            "ticker": "KXHIGHNY-25MAR25-B55.5",
            "count": 250,
            "created_time": "2025-03-25T16:24:05.822029Z",
            "yes_price": 8,
            "no_price": 92,
            "taker_side": "no"
        },
        {
            "trade_id": "1869fdf0-21b6-481c-95a0-9a4f105474e9",
            "ticker": "KXHIGHNY-25MAR25-B55.5",
            "count": 8,
            "created_time": "2025-03-25T16:23:55.958895Z",
            "yes_price": 15,
            "no_price": 85,
            "taker_side": "no"
        },
        {
            "trade_id": "fe329b6e-543a-4fc6-994e-85d80c4ff8ea",
            "ticker": "KXHIGHNY-25MAR25-B55.5",
            "count": 9,
            "created_time": "2025-03-25T16:19:37.604429Z",
            "yes_price": 19,
            "no_price": 81,
            "taker_side": "yes"
        },
        {
            "trade_id": "bf4235b7-9600-4e3e-b680-fa0d89bd90c4",
            "ticker": "KXHIGHNY-25MAR25-B55.5",
            "count": 1,
            "created_time": "2025-03-25T16:15:37.506862Z",
            "yes_price": 15,
            "no_price": 85,
            "taker_side": "no"
        },
        {
            "trade_id": "3de9ec26-5b7c-49a1-b1d2-1dd4fa78626d",
            "ticker": "KXHIGHNY-25MAR25-B55.5",
            "count": 4,
            "created_time": "2025-03-25T16:14:54.102773Z",
            "yes_price": 15,
            "no_price": 85,
            "taker_side": "no"
        },
        {
            "trade_id": "b38c0b9e-4587-4301-a3a6-93a890219c4d",
            "ticker": "KXHIGHNY-25MAR25-B55.5",
            "count": 2,
            "created_time": "2025-03-25T16:11:05.311779Z",
            "yes_price": 15,
            "no_price": 85,
            "taker_side": "no"
        },
        {
            "trade_id": "2a91768a-98df-40aa-ba15-75a438bca702",
            "ticker": "KXHIGHNY-25MAR25-B55.5",
            "count": 1,
            "created_time": "2025-03-25T16:03:34.61936Z",
            "yes_price": 15,
            "no_price": 85,
            "taker_side": "no"
        },
        {
            "trade_id": "74591d3a-dc6f-491b-a44c-b430363fcbb5",
            "ticker": "KXHIGHNY-25MAR25-B55.5",
            "count": 4,
            "created_time": "2025-03-25T16:03:20.355905Z",
            "yes_price": 15,
            "no_price": 85,
            "taker_side": "no"
        },
        {
            "trade_id": "6bf91dd0-ea7e-430b-9292-08ba62aa233d",
            "ticker": "KXHIGHNY-25MAR25-B55.5",
            "count": 200,
            "created_time": "2025-03-25T15:58:22.629046Z",
            "yes_price": 16,
            "no_price": 84,
            "taker_side": "no"
        },
        {
            "trade_id": "b7d5ad5f-e0ca-43de-8874-07c45ad57966",
            "ticker": "KXHIGHNY-25MAR25-B55.5",
            "count": 50,
            "created_time": "2025-03-25T15:58:17.279763Z",
            "yes_price": 19,
            "no_price": 81,
            "taker_side": "no"
        },
        {
            "trade_id": "09fc6d09-d20f-4fb7-bb6b-0d0d285825cf",
            "ticker": "KXHIGHNY-25MAR25-B55.5",
            "count": 50,
            "created_time": "2025-03-25T15:58:16.675868Z",
            "yes_price": 19,
            "no_price": 81,
            "taker_side": "no"
        },
        {
            "trade_id": "02f491f9-ab72-453e-8cd0-c4389b1d4100",
            "ticker": "KXHIGHNY-25MAR25-B55.5",
            "count": 15,
            "created_time": "2025-03-25T15:26:34.391618Z",
            "yes_price": 26,
            "no_price": 74,
            "taker_side": "yes"
        },
        {
            "trade_id": "c251f1bf-88d9-4adb-be5d-f428efd8d449",
            "ticker": "KXHIGHNY-25MAR25-B55.5",
            "count": 12,
            "created_time": "2025-03-25T15:25:08.253753Z",
            "yes_price": 19,
            "no_price": 81,
            "taker_side": "no"
        },
        {
            "trade_id": "7e1ad512-1342-40e5-a239-469f1251e8f2",
            "ticker": "KXHIGHNY-25MAR25-B55.5",
            "count": 132,
            "created_time": "2025-03-25T15:25:08.253753Z",
            "yes_price": 18,
            "no_price": 82,
            "taker_side": "no"
        },
        {
            "trade_id": "2e67725f-6246-4d0a-84ec-7897b0b973d5",
            "ticker": "KXHIGHNY-25MAR25-B55.5",
            "count": 51,
            "created_time": "2025-03-25T15:25:08.253753Z",
            "yes_price": 18,
            "no_price": 82,
            "taker_side": "no"
        },
        {
            "trade_id": "2e3b2b45-3fb3-41b8-8f99-6ed09e7152e7",
            "ticker": "KXHIGHNY-25MAR25-B55.5",
            "count": 13,
            "created_time": "2025-03-25T15:18:31.516138Z",
            "yes_price": 19,
            "no_price": 81,
            "taker_side": "no"
        },
        {
            "trade_id": "3e32ff67-8749-47c4-9278-8929644d65d8",
            "ticker": "KXHIGHNY-25MAR25-B55.5",
            "count": 1,
            "created_time": "2025-03-25T15:15:28.318472Z",
            "yes_price": 18,
            "no_price": 82,
            "taker_side": "no"
        },
        {
            "trade_id": "9d6803ec-d60e-4b64-a48d-be328a3bc6bf",
            "ticker": "KXHIGHNY-25MAR25-B55.5",
            "count": 7,
            "created_time": "2025-03-25T15:14:03.760818Z",
            "yes_price": 27,
            "no_price": 73,
            "taker_side": "yes"
        },
        {
            "trade_id": "d9e64525-27e8-48b2-b2b7-1fdcd75395dd",
            "ticker": "KXHIGHNY-25MAR25-B55.5",
            "count": 13,
            "created_time": "2025-03-25T15:13:16.635721Z",
            "yes_price": 28,
            "no_price": 72,
            "taker_side": "yes"
        },
        {
            "trade_id": "a502db7a-68b8-4a55-86b3-784bd4f0ec0c",
            "ticker": "KXHIGHNY-25MAR25-B55.5",
            "count": 1,
            "created_time": "2025-03-25T15:13:16.635721Z",
            "yes_price": 27,
            "no_price": 73,
            "taker_side": "yes"
        },
        {
            "trade_id": "961c3b09-e596-4ad8-a017-bacdc2e62e6b",
            "ticker": "KXHIGHNY-25MAR25-B55.5",
            "count": 19,
            "created_time": "2025-03-25T15:13:16.635721Z",
            "yes_price": 29,
            "no_price": 71,
            "taker_side": "yes"
        },
        {
            "trade_id": "500d4a22-dacf-4e53-b3f5-055c5f51f4aa",
            "ticker": "KXHIGHNY-25MAR25-B55.5",
            "count": 1,
            "created_time": "2025-03-25T15:13:16.635721Z",
            "yes_price": 28,
            "no_price": 72,
            "taker_side": "yes"
        },
        {
            "trade_id": "355cc2b0-df90-426f-836c-a2dbe73e0e78",
            "ticker": "KXHIGHNY-25MAR25-B55.5",
            "count": 1,
            "created_time": "2025-03-25T15:13:16.635721Z",
            "yes_price": 29,
            "no_price": 71,
            "taker_side": "yes"
        },
        {
            "trade_id": "01e155c1-7d56-4060-9ae6-d5aa557d9898",
            "ticker": "KXHIGHNY-25MAR25-B55.5",
            "count": 17,
            "created_time": "2025-03-25T15:13:16.635721Z",
            "yes_price": 25,
            "no_price": 75,
            "taker_side": "yes"
        },
        {
            "trade_id": "d34287d5-82d3-4a27-81e7-2c31b6c9f671",
            "ticker": "KXHIGHNY-25MAR25-B55.5",
            "count": 27,
            "created_time": "2025-03-25T15:05:31.331872Z",
            "yes_price": 17,
            "no_price": 83,
            "taker_side": "no"
        },
        {
            "trade_id": "adfe0bcc-2605-4619-8162-feb80104d4e6",
            "ticker": "KXHIGHNY-25MAR25-B55.5",
            "count": 19,
            "created_time": "2025-03-25T15:05:31.331872Z",
            "yes_price": 18,
            "no_price": 82,
            "taker_side": "no"
        },
        {
            "trade_id": "4e661ad3-ad65-4b43-bf5f-6598cf7517f1",
            "ticker": "KXHIGHNY-25MAR25-B55.5",
            "count": 1,
            "created_time": "2025-03-25T15:05:31.331872Z",
            "yes_price": 20,
            "no_price": 80,
            "taker_side": "no"
        },
        {
            "trade_id": "13b211c0-9480-4411-8e75-3b0828e336e9",
            "ticker": "KXHIGHNY-25MAR25-B55.5",
            "count": 22,
            "created_time": "2025-03-25T15:02:42.814809Z",
            "yes_price": 22,
            "no_price": 78,
            "taker_side": "no"
        },
        {
            "trade_id": "5f0645a9-b087-41e9-a217-7e0f6be87822",
            "ticker": "KXHIGHNY-25MAR25-B55.5",
            "count": 29,
            "created_time": "2025-03-25T14:54:04.690913Z",
            "yes_price": 24,
            "no_price": 76,
            "taker_side": "yes"
        },
        {
            "trade_id": "be31bb83-1ced-43e4-911a-7ad94126ef08",
            "ticker": "KXHIGHNY-25MAR25-B55.5",
            "count": 13,
            "created_time": "2025-03-25T14:32:47.710954Z",
            "yes_price": 25,
            "no_price": 75,
            "taker_side": "no"
        },
        {
            "trade_id": "e01aa7b1-3d17-4b06-b0da-8d56bd86f891",
            "ticker": "KXHIGHNY-25MAR25-B55.5",
            "count": 13,
            "created_time": "2025-03-25T14:32:17.825475Z",
            "yes_price": 25,
            "no_price": 75,
            "taker_side": "no"
        },
        {
            "trade_id": "4112baed-c17b-4630-a454-5d7ca169889b",
            "ticker": "KXHIGHNY-25MAR25-B55.5",
            "count": 16,
            "created_time": "2025-03-25T14:29:14.722863Z",
            "yes_price": 25,
            "no_price": 75,
            "taker_side": "no"
        },
        {
            "trade_id": "13995c6f-f1aa-495c-b3cd-f8c7e30bbe71",
            "ticker": "KXHIGHNY-25MAR25-B55.5",
            "count": 35,
            "created_time": "2025-03-25T14:28:30.055635Z",
            "yes_price": 25,
            "no_price": 75,
            "taker_side": "no"
        },
        {
            "trade_id": "5369ffab-1b9a-4713-86ba-8acb0fa7f716",
            "ticker": "KXHIGHNY-25MAR25-B55.5",
            "count": 17,
            "created_time": "2025-03-25T14:27:55.032401Z",
            "yes_price": 25,
            "no_price": 75,
            "taker_side": "no"
        },
        {
            "trade_id": "72432718-1030-49d6-a1aa-52a0ad507659",
            "ticker": "KXHIGHNY-25MAR25-B55.5",
            "count": 24,
            "created_time": "2025-03-25T14:27:50.613403Z",
            "yes_price": 25,
            "no_price": 75,
            "taker_side": "no"
        },
        {
            "trade_id": "b02cc135-675a-45e9-8c44-a654952bf46f",
            "ticker": "KXHIGHNY-25MAR25-B55.5",
            "count": 23,
            "created_time": "2025-03-25T14:26:44.633848Z",
            "yes_price": 26,
            "no_price": 74,
            "taker_side": "no"
        },
        {
            "trade_id": "9bae5624-dc2b-4d49-a5ec-1dbd398729a3",
            "ticker": "KXHIGHNY-25MAR25-B55.5",
            "count": 15,
            "created_time": "2025-03-25T14:11:10.658317Z",
            "yes_price": 25,
            "no_price": 75,
            "taker_side": "no"
        },
        {
            "trade_id": "84a8c4e4-d1d7-4be9-b3b0-df37e0187056",
            "ticker": "KXHIGHNY-25MAR25-B55.5",
            "count": 16,
            "created_time": "2025-03-25T14:05:17.088634Z",
            "yes_price": 27,
            "no_price": 73,
            "taker_side": "yes"
        },
        {
            "trade_id": "1576fa5a-43ee-4e89-a58a-504e5e35baff",
            "ticker": "KXHIGHNY-25MAR25-B55.5",
            "count": 19,
            "created_time": "2025-03-25T14:05:17.088634Z",
            "yes_price": 27,
            "no_price": 73,
            "taker_side": "yes"
        },
        {
            "trade_id": "d2d9eb89-3f02-4c8d-abd5-d6b7dd50fee1",
            "ticker": "KXHIGHNY-25MAR25-B55.5",
            "count": 6,
            "created_time": "2025-03-25T13:59:46.256884Z",
            "yes_price": 27,
            "no_price": 73,
            "taker_side": "yes"
        },
        {
            "trade_id": "6c66a95d-a886-498d-b7c0-236aa0394f00",
            "ticker": "KXHIGHNY-25MAR25-B55.5",
            "count": 1,
            "created_time": "2025-03-25T13:59:46.256884Z",
            "yes_price": 27,
            "no_price": 73,
            "taker_side": "yes"
        },
        {
            "trade_id": "46ae1208-cc7f-45f5-971d-846e579fe91f",
            "ticker": "KXHIGHNY-25MAR25-B55.5",
            "count": 13,
            "created_time": "2025-03-25T13:59:46.256884Z",
            "yes_price": 27,
            "no_price": 73,
            "taker_side": "yes"
        },
        {
            "trade_id": "f569faa9-7337-492b-bc4e-6547bd5ec0f2",
            "ticker": "KXHIGHNY-25MAR25-B55.5",
            "count": 1,
            "created_time": "2025-03-25T13:09:36.194839Z",
            "yes_price": 26,
            "no_price": 74,
            "taker_side": "no"
        },
        {
            "trade_id": "2d891368-7a09-4564-a810-90624ecf26c7",
            "ticker": "KXHIGHNY-25MAR25-B55.5",
            "count": 64,
            "created_time": "2025-03-25T13:05:22.12238Z",
            "yes_price": 29,
            "no_price": 71,
            "taker_side": "yes"
        },
        {
            "trade_id": "fb77ba96-ffa7-4c8a-b4df-8ac49ccf7381",
            "ticker": "KXHIGHNY-25MAR25-B55.5",
            "count": 6,
            "created_time": "2025-03-25T12:50:03.954708Z",
            "yes_price": 29,
            "no_price": 71,
            "taker_side": "yes"
        },
        {
            "trade_id": "daf44b4c-6b66-4741-9561-7e7d5b353336",
            "ticker": "KXHIGHNY-25MAR25-B55.5",
            "count": 17,
            "created_time": "2025-03-25T12:50:03.954708Z",
            "yes_price": 30,
            "no_price": 70,
            "taker_side": "yes"
        },
        {
            "trade_id": "77a500fa-7050-4f19-9f38-7c469b226774",
            "ticker": "KXHIGHNY-25MAR25-B55.5",
            "count": 1,
            "created_time": "2025-03-25T12:50:03.954708Z",
            "yes_price": 29,
            "no_price": 71,
            "taker_side": "yes"
        },
        {
            "trade_id": "76941de7-b101-4023-a5f2-f6a79d7f936b",
            "ticker": "KXHIGHNY-25MAR25-B55.5",
            "count": 8,
            "created_time": "2025-03-25T12:50:03.954708Z",
            "yes_price": 29,
            "no_price": 71,
            "taker_side": "yes"
        },
        {
            "trade_id": "bd45ac83-0546-4c62-b8a2-1c56dea3aee0",
            "ticker": "KXHIGHNY-25MAR25-B55.5",
            "count": 28,
            "created_time": "2025-03-25T12:38:39.300932Z",
            "yes_price": 26,
            "no_price": 74,
            "taker_side": "no"
        },
        {
            "trade_id": "48827d5e-d76d-463a-86ce-14e0ef61d839",
            "ticker": "KXHIGHNY-25MAR25-B55.5",
            "count": 31,
            "created_time": "2025-03-25T12:38:39.300932Z",
            "yes_price": 24,
            "no_price": 76,
            "taker_side": "no"
        },
        {
            "trade_id": "44b26a1d-9e26-4004-b6fd-4cc003920314",
            "ticker": "KXHIGHNY-25MAR25-B55.5",
            "count": 200,
            "created_time": "2025-03-25T12:38:39.300932Z",
            "yes_price": 25,
            "no_price": 75,
            "taker_side": "no"
        },
        {
            "trade_id": "d941759d-9631-4d9a-aa14-e9bc2ffde5b3",
            "ticker": "KXHIGHNY-25MAR25-B55.5",
            "count": 4,
            "created_time": "2025-03-25T12:34:54.006382Z",
            "yes_price": 30,
            "no_price": 70,
            "taker_side": "yes"
        },
        {
            "trade_id": "e9f85682-4c08-4234-8ce2-d18ae4b8ffb5",
            "ticker": "KXHIGHNY-25MAR25-B55.5",
            "count": 1,
            "created_time": "2025-03-25T12:33:18.755124Z",
            "yes_price": 30,
            "no_price": 70,
            "taker_side": "yes"
        },
        {
            "trade_id": "cc45d561-995d-4138-900d-fb4701b34e79",
            "ticker": "KXHIGHNY-25MAR25-B55.5",
            "count": 11,
            "created_time": "2025-03-25T12:30:07.340867Z",
            "yes_price": 29,
            "no_price": 71,
            "taker_side": "yes"
        },
        {
            "trade_id": "57d00559-85f5-4255-b50a-548cad10baa1",
            "ticker": "KXHIGHNY-25MAR25-B55.5",
            "count": 22,
            "created_time": "2025-03-25T12:30:07.340867Z",
            "yes_price": 29,
            "no_price": 71,
            "taker_side": "yes"
        },
        {
            "trade_id": "627e4b3e-9c1f-4a96-9319-c24d842367e9",
            "ticker": "KXHIGHNY-25MAR25-B55.5",
            "count": 3,
            "created_time": "2025-03-25T12:28:44.662715Z",
            "yes_price": 29,
            "no_price": 71,
            "taker_side": "yes"
        },
        {
            "trade_id": "586bbfd7-57a9-4db6-af8b-69dc4d38b224",
            "ticker": "KXHIGHNY-25MAR25-B55.5",
            "count": 16,
            "created_time": "2025-03-25T12:28:15.373932Z",
            "yes_price": 30,
            "no_price": 70,
            "taker_side": "no"
        },
        {
            "trade_id": "3d095d78-2c08-4051-b424-c327e3e8d4a8",
            "ticker": "KXHIGHNY-25MAR25-B55.5",
            "count": 1,
            "created_time": "2025-03-25T12:28:12.922504Z",
            "yes_price": 31,
            "no_price": 69,
            "taker_side": "yes"
        },
        {
            "trade_id": "35e9c3ce-6868-4f3b-8a4c-4fe701e8df2e",
            "ticker": "KXHIGHNY-25MAR25-B55.5",
            "count": 18,
            "created_time": "2025-03-25T12:26:50.49544Z",
            "yes_price": 29,
            "no_price": 71,
            "taker_side": "yes"
        },
        {
            "trade_id": "0a956e7c-a097-4ec6-88e9-99fe0d144a70",
            "ticker": "KXHIGHNY-25MAR25-B55.5",
            "count": 100,
            "created_time": "2025-03-25T12:26:33.223326Z",
            "yes_price": 30,
            "no_price": 70,
            "taker_side": "yes"
        },
        {
            "trade_id": "c528da58-4ccb-4cf6-93a3-c1fb36751051",
            "ticker": "KXHIGHNY-25MAR25-B55.5",
            "count": 11,
            "created_time": "2025-03-25T12:26:17.936359Z",
            "yes_price": 28,
            "no_price": 72,
            "taker_side": "yes"
        },
        {
            "trade_id": "b070ad84-1762-4174-b8fe-40cab5e18c0c",
            "ticker": "KXHIGHNY-25MAR25-B55.5",
            "count": 21,
            "created_time": "2025-03-25T12:25:30.040861Z",
            "yes_price": 25,
            "no_price": 75,
            "taker_side": "no"
        },
        {
            "trade_id": "8457b00f-ba9a-4a39-9268-83f8af6e1f7c",
            "ticker": "KXHIGHNY-25MAR25-B55.5",
            "count": 75,
            "created_time": "2025-03-25T12:25:11.366369Z",
            "yes_price": 28,
            "no_price": 72,
            "taker_side": "yes"
        },
        {
            "trade_id": "5d93b1d6-bc58-401d-b7ca-07b6815fa44c",
            "ticker": "KXHIGHNY-25MAR25-B55.5",
            "count": 31,
            "created_time": "2025-03-25T12:24:47.263928Z",
            "yes_price": 27,
            "no_price": 73,
            "taker_side": "yes"
        },
        {
            "trade_id": "469d7963-0dda-4696-8d8e-2ae73eeb4ae6",
            "ticker": "KXHIGHNY-25MAR25-B55.5",
            "count": 3,
            "created_time": "2025-03-25T12:23:25.511628Z",
            "yes_price": 27,
            "no_price": 73,
            "taker_side": "yes"
        },
        {
            "trade_id": "00f03679-e21f-4b38-9851-ef07d8342b81",
            "ticker": "KXHIGHNY-25MAR25-B55.5",
            "count": 6,
            "created_time": "2025-03-25T12:22:46.651473Z",
            "yes_price": 27,
            "no_price": 73,
            "taker_side": "yes"
        },
        {
            "trade_id": "9b45edd3-f8de-4cc4-a41e-aa1610bdf4d0",
            "ticker": "KXHIGHNY-25MAR25-B55.5",
            "count": 16,
            "created_time": "2025-03-25T12:22:31.289659Z",
            "yes_price": 27,
            "no_price": 73,
            "taker_side": "yes"
        },
        {
            "trade_id": "244276f7-62b7-4190-a401-20731b2b6704",
            "ticker": "KXHIGHNY-25MAR25-B55.5",
            "count": 100,
            "created_time": "2025-03-25T12:22:18.251195Z",
            "yes_price": 27,
            "no_price": 73,
            "taker_side": "yes"
        },
        {
            "trade_id": "9d7418a6-e342-4d54-9320-f4e31ae3fb00",
            "ticker": "KXHIGHNY-25MAR25-B55.5",
            "count": 118,
            "created_time": "2025-03-25T12:21:53.668601Z",
            "yes_price": 26,
            "no_price": 74,
            "taker_side": "yes"
        },
        {
            "trade_id": "ab4267a3-c156-4180-b547-5b0ee65b2535",
            "ticker": "KXHIGHNY-25MAR25-B55.5",
            "count": 102,
            "created_time": "2025-03-25T12:21:38.555948Z",
            "yes_price": 25,
            "no_price": 75,
            "taker_side": "yes"
        },
        {
            "trade_id": "03d352a6-bb5c-4516-86b4-7436fb16e394",
            "ticker": "KXHIGHNY-25MAR25-B55.5",
            "count": 17,
            "created_time": "2025-03-25T12:20:52.599364Z",
            "yes_price": 25,
            "no_price": 75,
            "taker_side": "yes"
        },
        {
            "trade_id": "892ca46b-4cc6-4b47-9075-f3f8b7e73f43",
            "ticker": "KXHIGHNY-25MAR25-B55.5",
            "count": 19,
            "created_time": "2025-03-25T12:20:37.248178Z",
            "yes_price": 25,
            "no_price": 75,
            "taker_side": "yes"
        },
        {
            "trade_id": "a4a04f68-7297-48e7-ab91-0a657166de41",
            "ticker": "KXHIGHNY-25MAR25-B55.5",
            "count": 22,
            "created_time": "2025-03-25T12:19:33.323372Z",
            "yes_price": 24,
            "no_price": 76,
            "taker_side": "yes"
        },
        {
            "trade_id": "a07fc0b9-c8f9-4a20-a756-0f960791d33f",
            "ticker": "KXHIGHNY-25MAR25-B55.5",
            "count": 24,
            "created_time": "2025-03-25T12:19:10.385221Z",
            "yes_price": 25,
            "no_price": 75,
            "taker_side": "no"
        },
        {
            "trade_id": "63e319c1-9d2f-427f-8c89-7352f0bb0252",
            "ticker": "KXHIGHNY-25MAR25-B55.5",
            "count": 23,
            "created_time": "2025-03-25T12:19:10.322373Z",
            "yes_price": 25,
            "no_price": 75,
            "taker_side": "no"
        },
        {
            "trade_id": "ad59a66d-1dde-4ebd-bc8d-04cf3e1ce98d",
            "ticker": "KXHIGHNY-25MAR25-B55.5",
            "count": 71,
            "created_time": "2025-03-25T12:19:08.227629Z",
            "yes_price": 25,
            "no_price": 75,
            "taker_side": "yes"
        },
        {
            "trade_id": "b7a69e86-1394-4590-babc-fa5eecc5d30c",
            "ticker": "KXHIGHNY-25MAR25-B55.5",
            "count": 45,
            "created_time": "2025-03-25T12:19:05.582541Z",
            "yes_price": 25,
            "no_price": 75,
            "taker_side": "yes"
        },
        {
            "trade_id": "d5e2c44e-d2d4-4a5f-800f-badcc0566a10",
            "ticker": "KXHIGHNY-25MAR25-B55.5",
            "count": 117,
            "created_time": "2025-03-25T12:18:47.784101Z",
            "yes_price": 24,
            "no_price": 76,
            "taker_side": "yes"
        },
        {
            "trade_id": "da7aae78-b8d8-499e-a7e2-e24a4b3af09e",
            "ticker": "KXHIGHNY-25MAR25-B55.5",
            "count": 1,
            "created_time": "2025-03-25T12:18:22.421912Z",
            "yes_price": 24,
            "no_price": 76,
            "taker_side": "yes"
        },
        {
            "trade_id": "dba144cb-0b2b-4e25-918d-26e3ab00f2c1",
            "ticker": "KXHIGHNY-25MAR25-B55.5",
            "count": 10,
            "created_time": "2025-03-25T12:17:36.693871Z",
            "yes_price": 23,
            "no_price": 77,
            "taker_side": "yes"
        },
        {
            "trade_id": "cec9b303-2f68-4942-98ac-97b120ab7cec",
            "ticker": "KXHIGHNY-25MAR25-B55.5",
            "count": 5,
            "created_time": "2025-03-25T12:17:36.693871Z",
            "yes_price": 23,
            "no_price": 77,
            "taker_side": "yes"
        },
        {
            "trade_id": "23f3b5c3-f584-422d-ad04-62afa8bd0d5e",
            "ticker": "KXHIGHNY-25MAR25-B55.5",
            "count": 85,
            "created_time": "2025-03-25T12:17:36.693871Z",
            "yes_price": 23,
            "no_price": 77,
            "taker_side": "yes"
        },
        {
            "trade_id": "bfb096e5-35bc-4ce7-bca6-297c42c037f9",
            "ticker": "KXHIGHNY-25MAR25-B55.5",
            "count": 25,
            "created_time": "2025-03-25T12:14:28.513315Z",
            "yes_price": 23,
            "no_price": 77,
            "taker_side": "yes"
        },
        {
            "trade_id": "dd99b76a-4a03-44fe-ae0b-a5b7cb68c554",
            "ticker": "KXHIGHNY-25MAR25-B55.5",
            "count": 25,
            "created_time": "2025-03-25T12:13:21.787063Z",
            "yes_price": 22,
            "no_price": 78,
            "taker_side": "yes"
        },
        {
            "trade_id": "e4178cc6-bf2c-4023-9398-98b061830615",
            "ticker": "KXHIGHNY-25MAR25-B55.5",
            "count": 8,
            "created_time": "2025-03-25T12:09:30.654392Z",
            "yes_price": 23,
            "no_price": 77,
            "taker_side": "yes"
        },
        {
            "trade_id": "6717c649-7b27-4960-87b5-8d0a8a04fe1d",
            "ticker": "KXHIGHNY-25MAR25-B55.5",
            "count": 24,
            "created_time": "2025-03-25T12:09:16.087914Z",
            "yes_price": 23,
            "no_price": 77,
            "taker_side": "yes"
        },
        {
            "trade_id": "e652287d-ea54-4522-a7ed-49b27e93b14f",
            "ticker": "KXHIGHNY-25MAR25-B55.5",
            "count": 25,
            "created_time": "2025-03-25T12:09:00.739567Z",
            "yes_price": 23,
            "no_price": 77,
            "taker_side": "yes"
        },
        {
            "trade_id": "960a1e98-5100-4a13-b243-c47dfec45f4f",
            "ticker": "KXHIGHNY-25MAR25-B55.5",
            "count": 14,
            "created_time": "2025-03-25T12:08:06.107442Z",
            "yes_price": 22,
            "no_price": 78,
            "taker_side": "yes"
        },
        {
            "trade_id": "9cc0bfe9-bbf1-4409-a070-5923b0444b86",
            "ticker": "KXHIGHNY-25MAR25-B55.5",
            "count": 18,
            "created_time": "2025-03-25T12:07:52.870077Z",
            "yes_price": 23,
            "no_price": 77,
            "taker_side": "yes"
        },
        {
            "trade_id": "120b52de-dedf-42fa-8602-9861c252d9cd",
            "ticker": "KXHIGHNY-25MAR25-B55.5",
            "count": 5,
            "created_time": "2025-03-25T12:07:43.576113Z",
            "yes_price": 22,
            "no_price": 78,
            "taker_side": "yes"
        },
        {
            "trade_id": "38eb352e-daa8-4190-ac95-a845ea8337a1",
            "ticker": "KXHIGHNY-25MAR25-B55.5",
            "count": 28,
            "created_time": "2025-03-25T12:04:30.302505Z",
            "yes_price": 22,
            "no_price": 78,
            "taker_side": "yes"
        },
        {
            "trade_id": "da3abb1a-2ac7-40f0-9450-08e09076ea20",
            "ticker": "KXHIGHNY-25MAR25-B55.5",
            "count": 7,
            "created_time": "2025-03-25T12:02:20.960882Z",
            "yes_price": 22,
            "no_price": 78,
            "taker_side": "yes"
        },
        {
            "trade_id": "8f4e2933-3039-46ea-9715-b948b7e7d3d3",
            "ticker": "KXHIGHNY-25MAR25-B55.5",
            "count": 7,
            "created_time": "2025-03-25T12:02:20.960882Z",
            "yes_price": 23,
            "no_price": 77,
            "taker_side": "yes"
        },
        {
            "trade_id": "6c4b8b26-0465-495e-a458-4cdfec428582",
            "ticker": "KXHIGHNY-25MAR25-B55.5",
            "count": 7,
            "created_time": "2025-03-25T12:02:20.960882Z",
            "yes_price": 22,
            "no_price": 78,
            "taker_side": "yes"
        },
        {
            "trade_id": "1e671f4d-ae7f-4ad7-9863-5edd08588140",
            "ticker": "KXHIGHNY-25MAR25-B55.5",
            "count": 15,
            "created_time": "2025-03-25T12:01:53.423862Z",
            "yes_price": 18,
            "no_price": 82,
            "taker_side": "no"
        },
        {
            "trade_id": "e94450a9-39bd-42d9-b13d-a88b7cab3930",
            "ticker": "KXHIGHNY-25MAR25-B55.5",
            "count": 22,
            "created_time": "2025-03-25T06:32:48.239511Z",
            "yes_price": 29,
            "no_price": 71,
            "taker_side": "no"
        },
        {
            "trade_id": "1bb849b7-b202-4d55-8c4a-cb8e110efd99",
            "ticker": "KXHIGHNY-25MAR25-B55.5",
            "count": 50,
            "created_time": "2025-03-25T06:32:48.239511Z",
            "yes_price": 30,
            "no_price": 70,
            "taker_side": "no"
        },
        {
            "trade_id": "4d753147-432d-4fd1-a084-cb78747321a7",
            "ticker": "KXHIGHNY-25MAR25-B55.5",
            "count": 20,
            "created_time": "2025-03-25T06:29:20.590601Z",
            "yes_price": 33,
            "no_price": 67,
            "taker_side": "yes"
        },
        {
            "trade_id": "4457d704-9fa3-4d40-83ac-9c77e71b00c4",
            "ticker": "KXHIGHNY-25MAR25-B55.5",
            "count": 5,
            "created_time": "2025-03-25T06:29:20.590601Z",
            "yes_price": 33,
            "no_price": 67,
            "taker_side": "yes"
        },
        {
            "trade_id": "d653fb8c-67fa-4b1e-b00d-58d718ea6d96",
            "ticker": "KXHIGHNY-25MAR25-B55.5",
            "count": 15,
            "created_time": "2025-03-25T06:04:18.460356Z",
            "yes_price": 35,
            "no_price": 65,
            "taker_side": "yes"
        },
        {
            "trade_id": "d6198964-adbe-4413-a486-4ee031b53d9c",
            "ticker": "KXHIGHNY-25MAR25-B55.5",
            "count": 22,
            "created_time": "2025-03-25T06:04:18.460356Z",
            "yes_price": 31,
            "no_price": 69,
            "taker_side": "yes"
        },
        {
            "trade_id": "bb88d29b-e664-40d6-be6a-6e2337b0deab",
            "ticker": "KXHIGHNY-25MAR25-B55.5",
            "count": 240,
            "created_time": "2025-03-25T06:04:18.460356Z",
            "yes_price": 35,
            "no_price": 65,
            "taker_side": "yes"
        },
        {
            "trade_id": "a4227914-1e1f-4c9f-8d04-190069f0d7c2",
            "ticker": "KXHIGHNY-25MAR25-B55.5",
            "count": 22,
            "created_time": "2025-03-25T06:04:18.460356Z",
            "yes_price": 31,
            "no_price": 69,
            "taker_side": "yes"
        },
        {
            "trade_id": "a30da290-7d51-48fc-8cfe-e44ab506406a",
            "ticker": "KXHIGHNY-25MAR25-B55.5",
            "count": 240,
            "created_time": "2025-03-25T06:04:18.460356Z",
            "yes_price": 33,
            "no_price": 67,
            "taker_side": "yes"
        },
        {
            "trade_id": "5b57c0a1-b44c-479e-88ad-fd733d86993a",
            "ticker": "KXHIGHNY-25MAR25-B55.5",
            "count": 15,
            "created_time": "2025-03-25T06:04:18.460356Z",
            "yes_price": 32,
            "no_price": 68,
            "taker_side": "yes"
        },
        {
            "trade_id": "0b3de3a2-f235-4dfb-839d-870e87f26725",
            "ticker": "KXHIGHNY-25MAR25-B55.5",
            "count": 55,
            "created_time": "2025-03-25T06:04:18.460356Z",
            "yes_price": 31,
            "no_price": 69,
            "taker_side": "yes"
        },
        {
            "trade_id": "db226509-6892-40bd-9d62-67932ba0e150",
            "ticker": "KXHIGHNY-25MAR25-B55.5",
            "count": 2,
            "created_time": "2025-03-25T04:48:26.680528Z",
            "yes_price": 32,
            "no_price": 68,
            "taker_side": "yes"
        },
        {
            "trade_id": "752cf156-b11f-4cc7-b664-670ebe2f623c",
            "ticker": "KXHIGHNY-25MAR25-B55.5",
            "count": 8,
            "created_time": "2025-03-25T04:17:49.303659Z",
            "yes_price": 28,
            "no_price": 72,
            "taker_side": "yes"
        },
        {
            "trade_id": "9e87c9dd-740c-4808-9ee6-156c404dac1c",
            "ticker": "KXHIGHNY-25MAR25-B55.5",
            "count": 12,
            "created_time": "2025-03-25T03:59:21.418629Z",
            "yes_price": 30,
            "no_price": 70,
            "taker_side": "no"
        },
        {
            "trade_id": "9c70c973-8a26-4540-9858-74bbf14eed3a",
            "ticker": "KXHIGHNY-25MAR25-B55.5",
            "count": 17,
            "created_time": "2025-03-25T03:59:21.418629Z",
            "yes_price": 34,
            "no_price": 66,
            "taker_side": "no"
        },
        {
            "trade_id": "8f619506-1c39-4297-b220-9426fb8d2098",
            "ticker": "KXHIGHNY-25MAR25-B55.5",
            "count": 22,
            "created_time": "2025-03-25T03:59:21.418629Z",
            "yes_price": 30,
            "no_price": 70,
            "taker_side": "no"
        },
        {
            "trade_id": "7579eada-66f0-4874-8f0a-e07ccce4430f",
            "ticker": "KXHIGHNY-25MAR25-B55.5",
            "count": 1,
            "created_time": "2025-03-25T03:59:21.418629Z",
            "yes_price": 34,
            "no_price": 66,
            "taker_side": "no"
        },
        {
            "trade_id": "5bf344bf-c7e1-4da0-a46e-aa7af65cee55",
            "ticker": "KXHIGHNY-25MAR25-B55.5",
            "count": 5,
            "created_time": "2025-03-25T03:59:21.418629Z",
            "yes_price": 30,
            "no_price": 70,
            "taker_side": "no"
        },
        {
            "trade_id": "30127fa7-ac71-45a1-926f-d40bf50a261f",
            "ticker": "KXHIGHNY-25MAR25-B55.5",
            "count": 8,
            "created_time": "2025-03-25T03:59:21.418629Z",
            "yes_price": 31,
            "no_price": 69,
            "taker_side": "no"
        },
        {
            "trade_id": "1ae03d28-4eb8-454a-b256-67bd3029c1d8",
            "ticker": "KXHIGHNY-25MAR25-B55.5",
            "count": 85,
            "created_time": "2025-03-25T03:59:21.418629Z",
            "yes_price": 30,
            "no_price": 70,
            "taker_side": "no"
        },
        {
            "trade_id": "1c7ba2aa-daa7-425f-bdda-cec9471a4c6f",
            "ticker": "KXHIGHNY-25MAR25-B55.5",
            "count": 3,
            "created_time": "2025-03-25T03:19:45.253463Z",
            "yes_price": 36,
            "no_price": 64,
            "taker_side": "yes"
        },
        {
            "trade_id": "568d8d31-8853-43fe-ab25-52b90f352c41",
            "ticker": "KXHIGHNY-25MAR25-B55.5",
            "count": 53,
            "created_time": "2025-03-25T02:47:09.772989Z",
            "yes_price": 36,
            "no_price": 64,
            "taker_side": "yes"
        },
        {
            "trade_id": "9e0d0c74-87ca-4b3f-92a4-4a93c97c3e91",
            "ticker": "KXHIGHNY-25MAR25-B55.5",
            "count": 79,
            "created_time": "2025-03-25T02:14:31.51284Z",
            "yes_price": 36,
            "no_price": 64,
            "taker_side": "yes"
        },
        {
            "trade_id": "ef72fb30-01dd-4087-9b8b-d8c26b8949b6",
            "ticker": "KXHIGHNY-25MAR25-B55.5",
            "count": 20,
            "created_time": "2025-03-25T02:13:16.652909Z",
            "yes_price": 34,
            "no_price": 66,
            "taker_side": "no"
        },
        {
            "trade_id": "68e0a56a-a24f-44c8-bd8b-846aa006ca2b",
            "ticker": "KXHIGHNY-25MAR25-B55.5",
            "count": 27,
            "created_time": "2025-03-25T01:48:24.851866Z",
            "yes_price": 35,
            "no_price": 65,
            "taker_side": "no"
        },
        {
            "trade_id": "45406016-f690-4461-9a47-da4faa4e9281",
            "ticker": "KXHIGHNY-25MAR25-B55.5",
            "count": 19,
            "created_time": "2025-03-25T01:48:24.851866Z",
            "yes_price": 35,
            "no_price": 65,
            "taker_side": "no"
        },
        {
            "trade_id": "ef16a932-109f-4ffa-9b4d-8ad1fd2768aa",
            "ticker": "KXHIGHNY-25MAR25-B55.5",
            "count": 1,
            "created_time": "2025-03-25T01:41:44.135883Z",
            "yes_price": 35,
            "no_price": 65,
            "taker_side": "no"
        },
        {
            "trade_id": "868586d8-534b-4068-bc3c-346ae74fb632",
            "ticker": "KXHIGHNY-25MAR25-B55.5",
            "count": 5,
            "created_time": "2025-03-25T01:28:59.296259Z",
            "yes_price": 36,
            "no_price": 64,
            "taker_side": "yes"
        },
        {
            "trade_id": "7068bbb4-4b77-42ce-b90f-54c905e34ea2",
            "ticker": "KXHIGHNY-25MAR25-B55.5",
            "count": 13,
            "created_time": "2025-03-25T01:28:59.296259Z",
            "yes_price": 37,
            "no_price": 63,
            "taker_side": "yes"
        },
        {
            "trade_id": "b94da09b-7a6f-4ae7-bbdd-71cf15b8d6b1",
            "ticker": "KXHIGHNY-25MAR25-B55.5",
            "count": 4,
            "created_time": "2025-03-25T01:26:05.856598Z",
            "yes_price": 36,
            "no_price": 64,
            "taker_side": "yes"
        },
        {
            "trade_id": "4320c611-c81f-4ecf-876a-d8a9d6da924f",
            "ticker": "KXHIGHNY-25MAR25-B55.5",
            "count": 2,
            "created_time": "2025-03-25T01:26:05.856598Z",
            "yes_price": 36,
            "no_price": 64,
            "taker_side": "yes"
        },
        {
            "trade_id": "299c2d96-3c6f-40d3-bb59-35f86399d311",
            "ticker": "KXHIGHNY-25MAR25-B55.5",
            "count": 45,
            "created_time": "2025-03-25T01:26:05.856598Z",
            "yes_price": 37,
            "no_price": 63,
            "taker_side": "yes"
        },
        {
            "trade_id": "efc2d137-1802-4fe2-a1c1-6353acbefbe2",
            "ticker": "KXHIGHNY-25MAR25-B55.5",
            "count": 10,
            "created_time": "2025-03-25T01:22:07.978089Z",
            "yes_price": 35,
            "no_price": 65,
            "taker_side": "yes"
        },
        {
            "trade_id": "77850012-84a8-4097-b64c-817b68449d33",
            "ticker": "KXHIGHNY-25MAR25-B55.5",
            "count": 16,
            "created_time": "2025-03-25T01:22:07.978089Z",
            "yes_price": 36,
            "no_price": 64,
            "taker_side": "yes"
        },
        {
            "trade_id": "e02c9eb1-e73b-463f-837e-646c53212d01",
            "ticker": "KXHIGHNY-25MAR25-B55.5",
            "count": 25,
            "created_time": "2025-03-25T00:10:36.359306Z",
            "yes_price": 36,
            "no_price": 64,
            "taker_side": "yes"
        },
        {
            "trade_id": "35d4b3df-d7c1-4412-89e3-56c53595c76e",
            "ticker": "KXHIGHNY-25MAR25-B55.5",
            "count": 6,
            "created_time": "2025-03-24T23:54:46.603056Z",
            "yes_price": 30,
            "no_price": 70,
            "taker_side": "no"
        },
        {
            "trade_id": "cfd18202-623c-40df-b1a0-4887d4da93e1",
            "ticker": "KXHIGHNY-25MAR25-B55.5",
            "count": 18,
            "created_time": "2025-03-24T23:48:58.780913Z",
            "yes_price": 36,
            "no_price": 64,
            "taker_side": "yes"
        },
        {
            "trade_id": "7cbb9a7d-ca9a-4de1-834d-91553cb7f021",
            "ticker": "KXHIGHNY-25MAR25-B55.5",
            "count": 31,
            "created_time": "2025-03-24T23:48:58.780913Z",
            "yes_price": 37,
            "no_price": 63,
            "taker_side": "yes"
        },
        {
            "trade_id": "76b9c675-2aab-4144-8319-965f4fa4894d",
            "ticker": "KXHIGHNY-25MAR25-B55.5",
            "count": 26,
            "created_time": "2025-03-24T23:48:58.780913Z",
            "yes_price": 37,
            "no_price": 63,
            "taker_side": "yes"
        },
        {
            "trade_id": "59aa2228-e371-4120-b61e-a123ca6847f5",
            "ticker": "KXHIGHNY-25MAR25-B55.5",
            "count": 40,
            "created_time": "2025-03-24T23:48:58.780913Z",
            "yes_price": 35,
            "no_price": 65,
            "taker_side": "yes"
        },
        {
            "trade_id": "19aa78d8-4f8d-47ee-a08e-7fcd2548f894",
            "ticker": "KXHIGHNY-25MAR25-B55.5",
            "count": 15,
            "created_time": "2025-03-24T23:48:58.780913Z",
            "yes_price": 35,
            "no_price": 65,
            "taker_side": "yes"
        },
        {
            "trade_id": "21736d75-26bd-455b-91b1-01730d4bc4c8",
            "ticker": "KXHIGHNY-25MAR25-B55.5",
            "count": 24,
            "created_time": "2025-03-24T23:40:33.846896Z",
            "yes_price": 29,
            "no_price": 71,
            "taker_side": "no"
        },
        {
            "trade_id": "b25d0f71-5c6c-43ae-9eb1-2df9586c6051",
            "ticker": "KXHIGHNY-25MAR25-B55.5",
            "count": 10,
            "created_time": "2025-03-24T23:37:56.949146Z",
            "yes_price": 34,
            "no_price": 66,
            "taker_side": "yes"
        },
        {
            "trade_id": "3723138f-e11a-4bf2-8c53-772bace6c6ac",
            "ticker": "KXHIGHNY-25MAR25-B55.5",
            "count": 14,
            "created_time": "2025-03-24T23:37:56.949146Z",
            "yes_price": 34,
            "no_price": 66,
            "taker_side": "yes"
        },
        {
            "trade_id": "b8bc0db0-3b77-405e-852a-0f96cb5b5da8",
            "ticker": "KXHIGHNY-25MAR25-B55.5",
            "count": 5,
            "created_time": "2025-03-24T23:20:42.952592Z",
            "yes_price": 30,
            "no_price": 70,
            "taker_side": "no"
        },
        {
            "trade_id": "f8c53bd2-52c1-4ab8-9117-1667c1ba8839",
            "ticker": "KXHIGHNY-25MAR25-B55.5",
            "count": 1,
            "created_time": "2025-03-24T23:09:38.119359Z",
            "yes_price": 34,
            "no_price": 66,
            "taker_side": "yes"
        },
        {
            "trade_id": "e89e5589-ea22-40d9-8ede-2a22beeafd69",
            "ticker": "KXHIGHNY-25MAR25-B55.5",
            "count": 3,
            "created_time": "2025-03-24T23:09:38.119359Z",
            "yes_price": 34,
            "no_price": 66,
            "taker_side": "yes"
        },
        {
            "trade_id": "4601c041-162e-475e-a6ff-ced01aaf029f",
            "ticker": "KXHIGHNY-25MAR25-B55.5",
            "count": 10,
            "created_time": "2025-03-24T23:09:38.119359Z",
            "yes_price": 34,
            "no_price": 66,
            "taker_side": "yes"
        },
        {
            "trade_id": "40af6386-4592-47ff-ba3b-2c3f3d7f91a6",
            "ticker": "KXHIGHNY-25MAR25-B55.5",
            "count": 10,
            "created_time": "2025-03-24T22:46:58.739449Z",
            "yes_price": 34,
            "no_price": 66,
            "taker_side": "yes"
        },
        {
            "trade_id": "4bf62f97-6b03-4ab5-8989-ba9d3ff18142",
            "ticker": "KXHIGHNY-25MAR25-B55.5",
            "count": 119,
            "created_time": "2025-03-24T22:46:22.71598Z",
            "yes_price": 34,
            "no_price": 66,
            "taker_side": "yes"
        },
        {
            "trade_id": "9ad99c37-70c4-44cc-a7f4-b44e4da9ed35",
            "ticker": "KXHIGHNY-25MAR25-B55.5",
            "count": 15,
            "created_time": "2025-03-24T22:46:02.430305Z",
            "yes_price": 34,
            "no_price": 66,
            "taker_side": "yes"
        },
        {
            "trade_id": "1df3d678-12bd-46ce-a676-bd4916151ae2",
            "ticker": "KXHIGHNY-25MAR25-B55.5",
            "count": 17,
            "created_time": "2025-03-24T22:44:59.47664Z",
            "yes_price": 34,
            "no_price": 66,
            "taker_side": "yes"
        },
        {
            "trade_id": "c40995b3-ad4c-4c16-a082-44bf2115fba7",
            "ticker": "KXHIGHNY-25MAR25-B55.5",
            "count": 17,
            "created_time": "2025-03-24T22:44:52.410095Z",
            "yes_price": 34,
            "no_price": 66,
            "taker_side": "yes"
        },
        {
            "trade_id": "ea10f6a0-ec9e-4613-957b-4389a5c5082c",
            "ticker": "KXHIGHNY-25MAR25-B55.5",
            "count": 16,
            "created_time": "2025-03-24T22:44:43.864579Z",
            "yes_price": 34,
            "no_price": 66,
            "taker_side": "yes"
        },
        {
            "trade_id": "825f319a-a8fc-467c-aed6-7e0afebd8a0e",
            "ticker": "KXHIGHNY-25MAR25-B55.5",
            "count": 16,
            "created_time": "2025-03-24T22:44:36.970254Z",
            "yes_price": 34,
            "no_price": 66,
            "taker_side": "yes"
        },
        {
            "trade_id": "ae103650-02d9-49a8-b0c5-0daa35ee7375",
            "ticker": "KXHIGHNY-25MAR25-B55.5",
            "count": 16,
            "created_time": "2025-03-24T22:44:29.371793Z",
            "yes_price": 34,
            "no_price": 66,
            "taker_side": "yes"
        },
        {
            "trade_id": "56c68aff-0f6a-49a3-b3c8-a8ace22bb7a6",
            "ticker": "KXHIGHNY-25MAR25-B55.5",
            "count": 17,
            "created_time": "2025-03-24T22:44:19.457394Z",
            "yes_price": 34,
            "no_price": 66,
            "taker_side": "yes"
        },
        {
            "trade_id": "68944538-90df-4d82-bbe3-eb0a0fb36ad6",
            "ticker": "KXHIGHNY-25MAR25-B55.5",
            "count": 10,
            "created_time": "2025-03-24T22:44:07.423196Z",
            "yes_price": 34,
            "no_price": 66,
            "taker_side": "yes"
        },
        {
            "trade_id": "fe30231e-3c1e-41b1-a732-8d6eec6c1e43",
            "ticker": "KXHIGHNY-25MAR25-B55.5",
            "count": 6,
            "created_time": "2025-03-24T22:43:47.110633Z",
            "yes_price": 34,
            "no_price": 66,
            "taker_side": "yes"
        },
        {
            "trade_id": "eea5ce68-7b0b-4482-9d1c-32cc863c26ab",
            "ticker": "KXHIGHNY-25MAR25-B55.5",
            "count": 10,
            "created_time": "2025-03-24T22:43:47.110633Z",
            "yes_price": 33,
            "no_price": 67,
            "taker_side": "yes"
        },
        {
            "trade_id": "1c4f5f33-7f08-448c-9ae2-599c815a1576",
            "ticker": "KXHIGHNY-25MAR25-B55.5",
            "count": 2,
            "created_time": "2025-03-24T22:43:37.069993Z",
            "yes_price": 33,
            "no_price": 67,
            "taker_side": "yes"
        },
        {
            "trade_id": "42da4b11-a0b0-47a5-b7df-4b4007800563",
            "ticker": "KXHIGHNY-25MAR25-B55.5",
            "count": 71,
            "created_time": "2025-03-24T22:42:09.975135Z",
            "yes_price": 33,
            "no_price": 67,
            "taker_side": "yes"
        },
        {
            "trade_id": "40705e9a-4a72-4f42-a0e5-68814c564585",
            "ticker": "KXHIGHNY-25MAR25-B55.5",
            "count": 14,
            "created_time": "2025-03-24T22:41:40.273609Z",
            "yes_price": 32,
            "no_price": 68,
            "taker_side": "yes"
        },
        {
            "trade_id": "1f72f3bb-c601-4f2c-bb17-0a2dab96e92f",
            "ticker": "KXHIGHNY-25MAR25-B55.5",
            "count": 1,
            "created_time": "2025-03-24T21:03:46.480485Z",
            "yes_price": 32,
            "no_price": 68,
            "taker_side": "yes"
        },
        {
            "trade_id": "d3b5c51e-c3f3-4d3e-8ab5-067b8de58d75",
            "ticker": "KXHIGHNY-25MAR25-B55.5",
            "count": 84,
            "created_time": "2025-03-24T20:39:32.057568Z",
            "yes_price": 29,
            "no_price": 71,
            "taker_side": "no"
        },
        {
            "trade_id": "4d46aeba-3c57-427d-b21a-1b613ee9f4b4",
            "ticker": "KXHIGHNY-25MAR25-B55.5",
            "count": 4,
            "created_time": "2025-03-24T20:39:32.057568Z",
            "yes_price": 29,
            "no_price": 71,
            "taker_side": "no"
        },
        {
            "trade_id": "46478285-fe52-4d97-a03d-7ffc3e13c075",
            "ticker": "KXHIGHNY-25MAR25-B55.5",
            "count": 183,
            "created_time": "2025-03-24T20:39:32.057568Z",
            "yes_price": 27,
            "no_price": 73,
            "taker_side": "no"
        },
        {
            "trade_id": "4d217093-b5fc-41f0-a60e-d0b475282d12",
            "ticker": "KXHIGHNY-25MAR25-B55.5",
            "count": 12,
            "created_time": "2025-03-24T20:37:18.158477Z",
            "yes_price": 30,
            "no_price": 70,
            "taker_side": "yes"
        },
        {
            "trade_id": "6e6db71c-8a23-4139-9161-b299dcbba066",
            "ticker": "KXHIGHNY-25MAR25-B55.5",
            "count": 14,
            "created_time": "2025-03-24T20:22:07.345307Z",
            "yes_price": 29,
            "no_price": 71,
            "taker_side": "no"
        },
        {
            "trade_id": "4118762c-7539-4c8e-b8ba-d77b8765f558",
            "ticker": "KXHIGHNY-25MAR25-B55.5",
            "count": 19,
            "created_time": "2025-03-24T20:21:11.840234Z",
            "yes_price": 29,
            "no_price": 71,
            "taker_side": "no"
        },
        {
            "trade_id": "5524176d-5d70-47bc-ab89-0eb9e1b1d490",
            "ticker": "KXHIGHNY-25MAR25-B55.5",
            "count": 22,
            "created_time": "2025-03-24T20:20:45.655646Z",
            "yes_price": 30,
            "no_price": 70,
            "taker_side": "no"
        },
        {
            "trade_id": "41b8dfd9-3dee-4a1c-a8ce-ef8c9f5b7b61",
            "ticker": "KXHIGHNY-25MAR25-B55.5",
            "count": 17,
            "created_time": "2025-03-24T19:37:49.766314Z",
            "yes_price": 27,
            "no_price": 73,
            "taker_side": "yes"
        },
        {
            "trade_id": "d6fbc4d3-0cea-4ea7-b6f7-ac679abf722c",
