{
    "KXHIGHNY-25MAY08-T71": [
        {
            "trade_id": "a935204d-f8a4-4cd2-98bb-78f43ea90baf",
            "ticker": "KXHIGHNY-25MAY08-T71",
            "count": 105,
            "created_time": "2025-05-08T12:57:16.615465Z",
            "yes_price": 1,
            "no_price": 99,
            "taker_side": "yes"
        },
        {
            "trade_id": "39a0376c-c5f6-4e29-b09e-c4c5283e2357",
            "ticker": "KXHIGHNY-25MAY08-T71",
            "count": 1,
            "created_time": "2025-05-08T12:21:38.189504Z",
            "yes_price": 1,
            "no_price": 99,
            "taker_side": "no"
        },
        {
            "trade_id": "0c93de56-71d2-4212-b7b8-3cc99a8b605c",
            "ticker": "KXHIGHNY-25MAY08-T71",
            "count": 2,
            "created_time": "2025-05-08T05:00:36.263065Z",
            "yes_price": 4,
            "no_price": 96,
            "taker_side": "yes"
        },
        {
            "trade_id": "4805a530-d38d-45c6-9528-f02b8d36ddce",
            "ticker": "KXHIGHNY-25MAY08-T71",
            "count": 7,
            "created_time": "2025-05-08T04:52:16.310595Z",
            "yes_price": 3,
            "no_price": 97,
            "taker_side": "no"
        },
        {
            "trade_id": "73214813-4499-438a-82b6-97d203ac4d35",
            "ticker": "KXHIGHNY-25MAY08-T71",
            "count": 10,
            "created_time": "2025-05-08T04:52:01.624443Z",
            "yes_price": 2,
            "no_price": 98,
            "taker_side": "no"
        },
        {
            "trade_id": "f153966a-5088-4305-b3df-3938a355fef0",
            "ticker": "KXHIGHNY-25MAY08-T71",
            "count": 64,
            "created_time": "2025-05-08T04:51:43.675334Z",
            "yes_price": 3,
            "no_price": 97,
            "taker_side": "no"
        },
        {
            "trade_id": "0f937561-4ef6-4f48-bab8-14e102f76ac8",
            "ticker": "KXHIGHNY-25MAY08-T71",
            "count": 2,
            "created_time": "2025-05-08T04:51:43.675334Z",
            "yes_price": 3,
            "no_price": 97,
            "taker_side": "no"
        },
        {
            "trade_id": "f06b7dfb-5a4e-4457-bc72-db1db03cdf02",
            "ticker": "KXHIGHNY-25MAY08-T71",
            "count": 22,
            "created_time": "2025-05-08T04:51:08.806945Z",
            "yes_price": 4,
            "no_price": 96,
            "taker_side": "no"
        },
        {
            "trade_id": "4a5858ef-c7dc-4cea-b50e-4dd50c305c23",
            "ticker": "KXHIGHNY-25MAY08-T71",
            "count": 5,
            "created_time": "2025-05-08T04:39:54.121946Z",
            "yes_price": 4,
            "no_price": 96,
            "taker_side": "no"
        },
        {
            "trade_id": "3b2072de-b64f-4366-affb-788439c6c41e",
            "ticker": "KXHIGHNY-25MAY08-T71",
            "count": 10,
            "created_time": "2025-05-08T04:39:23.904024Z",
            "yes_price": 4,
            "no_price": 96,
            "taker_side": "no"
        },
        {
            "trade_id": "ea56f4e3-fd3e-478e-ac0c-ad1fbcc1ae34",
            "ticker": "KXHIGHNY-25MAY08-T71",
            "count": 4,
            "created_time": "2025-05-08T04:39:23.05759Z",
            "yes_price": 4,
            "no_price": 96,
            "taker_side": "no"
        },
        {
            "trade_id": "a1c0c18c-4d1e-4ae2-a9d0-43e523c44474",
            "ticker": "KXHIGHNY-25MAY08-T71",
            "count": 2,
            "created_time": "2025-05-08T04:39:22.216085Z",
            "yes_price": 4,
            "no_price": 96,
            "taker_side": "no"
        },
        {
            "trade_id": "771b8c43-39b2-44cb-89c6-a2ca3e5297ec",
            "ticker": "KXHIGHNY-25MAY08-T71",
            "count": 6,
            "created_time": "2025-05-08T04:33:39.503843Z",
            "yes_price": 5,
            "no_price": 95,
            "taker_side": "no"
        },
        {
            "trade_id": "b2a2333f-a359-4edd-beb7-f348f588186f",
            "ticker": "KXHIGHNY-25MAY08-T71",
            "count": 22,
            "created_time": "2025-05-08T04:31:00.983731Z",
            "yes_price": 5,
            "no_price": 95,
            "taker_side": "no"
        },
        {
            "trade_id": "610c2322-e179-4420-a6bb-38b110cf3c43",
            "ticker": "KXHIGHNY-25MAY08-T71",
            "count": 1,
            "created_time": "2025-05-08T04:29:15.244642Z",
            "yes_price": 5,
            "no_price": 95,
            "taker_side": "no"
        },
        {
            "trade_id": "f0132cb9-1928-42b6-9fc0-243caa487a09",
            "ticker": "KXHIGHNY-25MAY08-T71",
            "count": 52,
            "created_time": "2025-05-08T04:28:00.288003Z",
            "yes_price": 5,
            "no_price": 95,
            "taker_side": "yes"
        },
        {
            "trade_id": "a6e2c647-3cd0-4d69-a8b2-8e3efd2faac1",
            "ticker": "KXHIGHNY-25MAY08-T71",
            "count": 45,
            "created_time": "2025-05-08T04:28:00.288003Z",
            "yes_price": 5,
            "no_price": 95,
            "taker_side": "yes"
        },
        {
            "trade_id": "fb486abd-c8ed-4724-8517-2f2f43f853f3",
            "ticker": "KXHIGHNY-25MAY08-T71",
            "count": 1,
            "created_time": "2025-05-08T03:44:48.398496Z",
            "yes_price": 3,
            "no_price": 97,
            "taker_side": "no"
        },
        {
            "trade_id": "fd14e99a-20ce-4c77-82e1-4e9fb40a56f8",
            "ticker": "KXHIGHNY-25MAY08-T71",
            "count": 1,
            "created_time": "2025-05-08T03:43:46.730425Z",
            "yes_price": 3,
            "no_price": 97,
            "taker_side": "no"
        },
        {
            "trade_id": "e72cec5c-b09f-428d-81c8-884a1616d686",
            "ticker": "KXHIGHNY-25MAY08-T71",
            "count": 11,
            "created_time": "2025-05-08T03:02:09.338401Z",
            "yes_price": 3,
            "no_price": 97,
            "taker_side": "no"
        },
        {
            "trade_id": "c7c24708-302b-4df9-bc23-5479b9952418",
            "ticker": "KXHIGHNY-25MAY08-T71",
            "count": 42,
            "created_time": "2025-05-08T00:48:25.773312Z",
            "yes_price": 5,
            "no_price": 95,
            "taker_side": "yes"
        },
        {
            "trade_id": "98f3880e-3784-4078-a9ed-b571b375f8df",
            "ticker": "KXHIGHNY-25MAY08-T71",
            "count": 200,
            "created_time": "2025-05-08T00:48:25.773312Z",
            "yes_price": 7,
            "no_price": 93,
            "taker_side": "yes"
        },
        {
            "trade_id": "37d3cd5f-0272-41a0-a289-6d88b9e84b48",
            "ticker": "KXHIGHNY-25MAY08-T71",
            "count": 90,
            "created_time": "2025-05-08T00:48:25.773312Z",
            "yes_price": 6,
            "no_price": 94,
            "taker_side": "yes"
        },
        {
            "trade_id": "4d2085ba-1fe9-4ee9-bb4d-04cc87b55469",
            "ticker": "KXHIGHNY-25MAY08-T71",
            "count": 10,
            "created_time": "2025-05-07T23:23:50.146887Z",
            "yes_price": 6,
            "no_price": 94,
            "taker_side": "yes"
        },
        {
            "trade_id": "4d76f5a8-631d-40e3-a113-f2409d39c950",
            "ticker": "KXHIGHNY-25MAY08-T71",
            "count": 10,
            "created_time": "2025-05-07T22:37:40.642535Z",
            "yes_price": 2,
            "no_price": 98,
            "taker_side": "no"
        },
        {
            "trade_id": "cb63cf49-3c91-4600-8f75-fb1551a0b525",
            "ticker": "KXHIGHNY-25MAY08-T71",
            "count": 3,
            "created_time": "2025-05-07T19:56:08.664699Z",
            "yes_price": 7,
            "no_price": 93,
            "taker_side": "yes"
        }
    ],
    "KXHIGHNY-25MAY08-B71.5": [
        {
            "trade_id": "cea4fcce-4f89-4474-bc2d-1abb511f0e88",
            "ticker": "KXHIGHNY-25MAY08-B71.5",
            "count": 11,
            "created_time": "2025-05-09T01:36:25.988757Z",
            "yes_price": 1,
            "no_price": 99,
            "taker_side": "yes"
        },
        {
            "trade_id": "f0274d11-1ed5-4c12-9edd-ef3043a64b0b",
            "ticker": "KXHIGHNY-25MAY08-B71.5",
            "count": 1,
            "created_time": "2025-05-08T16:17:16.040668Z",
            "yes_price": 1,
            "no_price": 99,
            "taker_side": "yes"
        },
        {
            "trade_id": "96f14725-3e99-417f-ab90-c9982b534464",
            "ticker": "KXHIGHNY-25MAY08-B71.5",
            "count": 57,
            "created_time": "2025-05-08T16:17:16.040668Z",
            "yes_price": 1,
            "no_price": 99,
            "taker_side": "yes"
        },
        {
            "trade_id": "ce6c8df2-3b5c-4908-9a1d-f872825730fb",
            "ticker": "KXHIGHNY-25MAY08-B71.5",
            "count": 100,
            "created_time": "2025-05-08T15:23:12.010581Z",
            "yes_price": 1,
            "no_price": 99,
            "taker_side": "no"
        },
        {
            "trade_id": "b76f0a78-9ae8-4d16-915b-c61bea7d6d8b",
            "ticker": "KXHIGHNY-25MAY08-B71.5",
            "count": 400,
            "created_time": "2025-05-08T15:23:12.010581Z",
            "yes_price": 1,
            "no_price": 99,
            "taker_side": "no"
        },
        {
            "trade_id": "68b03c06-d128-4776-8102-532fe4664f1c",
            "ticker": "KXHIGHNY-25MAY08-B71.5",
            "count": 40,
            "created_time": "2025-05-08T15:23:12.010581Z",
            "yes_price": 1,
            "no_price": 99,
            "taker_side": "no"
        },
        {
            "trade_id": "153acca8-f5d7-4a7a-bc4a-e3d881539d9e",
            "ticker": "KXHIGHNY-25MAY08-B71.5",
            "count": 341,
            "created_time": "2025-05-08T15:23:12.010581Z",
            "yes_price": 1,
            "no_price": 99,
            "taker_side": "no"
        },
        {
            "trade_id": "0456400f-904b-4161-bb4c-cbb085d80762",
            "ticker": "KXHIGHNY-25MAY08-B71.5",
            "count": 50,
            "created_time": "2025-05-08T15:23:12.010581Z",
            "yes_price": 1,
            "no_price": 99,
            "taker_side": "no"
        },
        {
            "trade_id": "ecc8f273-7a53-455b-b9d6-2c1921df03fc",
            "ticker": "KXHIGHNY-25MAY08-B71.5",
            "count": 2,
            "created_time": "2025-05-08T15:23:00.105348Z",
            "yes_price": 1,
            "no_price": 99,
            "taker_side": "no"
        },
        {
            "trade_id": "49cc801b-db12-4add-b5b9-55e689d6c7ac",
            "ticker": "KXHIGHNY-25MAY08-B71.5",
            "count": 1,
            "created_time": "2025-05-08T15:22:54.739548Z",
            "yes_price": 1,
            "no_price": 99,
            "taker_side": "no"
        },
        {
            "trade_id": "ab30f6bb-bdf1-40ad-a224-0616161c3d3a",
            "ticker": "KXHIGHNY-25MAY08-B71.5",
            "count": 500,
            "created_time": "2025-05-08T15:19:55.340802Z",
            "yes_price": 1,
            "no_price": 99,
            "taker_side": "no"
        },
        {
            "trade_id": "460f6fac-d30f-4510-985f-de40720d3cce",
            "ticker": "KXHIGHNY-25MAY08-B71.5",
            "count": 7,
            "created_time": "2025-05-08T15:16:22.323318Z",
            "yes_price": 1,
            "no_price": 99,
            "taker_side": "no"
        },
        {
            "trade_id": "18d10316-5dac-4046-9835-9571b5c6c445",
            "ticker": "KXHIGHNY-25MAY08-B71.5",
            "count": 100,
            "created_time": "2025-05-08T15:15:29.908188Z",
            "yes_price": 1,
            "no_price": 99,
            "taker_side": "no"
        },
        {
            "trade_id": "12407738-b712-4f59-88e9-c97a550d4d20",
            "ticker": "KXHIGHNY-25MAY08-B71.5",
            "count": 5,
            "created_time": "2025-05-08T15:07:38.318235Z",
            "yes_price": 1,
            "no_price": 99,
            "taker_side": "no"
        },
        {
            "trade_id": "adb48b3a-4488-449e-adf4-2d24e0709b29",
            "ticker": "KXHIGHNY-25MAY08-B71.5",
            "count": 2,
            "created_time": "2025-05-08T15:07:37.474546Z",
            "yes_price": 1,
            "no_price": 99,
            "taker_side": "no"
        },
        {
            "trade_id": "e91f9160-d328-441b-9ed8-f25b6fb4a83d",
            "ticker": "KXHIGHNY-25MAY08-B71.5",
            "count": 4,
            "created_time": "2025-05-08T15:05:33.934285Z",
            "yes_price": 1,
            "no_price": 99,
            "taker_side": "no"
        },
        {
            "trade_id": "65fdbf3b-62ce-43c9-9a34-ac588ef24a7a",
            "ticker": "KXHIGHNY-25MAY08-B71.5",
            "count": 41,
            "created_time": "2025-05-08T15:04:43.909169Z",
            "yes_price": 1,
            "no_price": 99,
            "taker_side": "no"
        },
        {
            "trade_id": "fce6152a-6c68-4d90-8b53-2d895ad24cde",
            "ticker": "KXHIGHNY-25MAY08-B71.5",
            "count": 31,
            "created_time": "2025-05-08T14:59:28.651563Z",
            "yes_price": 1,
            "no_price": 99,
            "taker_side": "no"
        },
        {
            "trade_id": "620aef96-0dab-42ad-b09c-151c2b94847e",
            "ticker": "KXHIGHNY-25MAY08-B71.5",
            "count": 240,
            "created_time": "2025-05-08T14:55:57.69506Z",
            "yes_price": 2,
            "no_price": 98,
            "taker_side": "yes"
        },
        {
            "trade_id": "1168d6c4-4130-4238-bebe-581dad20d2d7",
            "ticker": "KXHIGHNY-25MAY08-B71.5",
            "count": 200,
            "created_time": "2025-05-08T14:40:22.252977Z",
            "yes_price": 2,
            "no_price": 98,
            "taker_side": "yes"
        },
        {
            "trade_id": "99eea33a-7b6a-490a-ab8d-8a4d5717f24d",
            "ticker": "KXHIGHNY-25MAY08-B71.5",
            "count": 50,
            "created_time": "2025-05-08T14:39:39.081655Z",
            "yes_price": 2,
            "no_price": 98,
            "taker_side": "yes"
        },
        {
            "trade_id": "68f73e05-2173-4a98-a0c8-4d722db2ca91",
            "ticker": "KXHIGHNY-25MAY08-B71.5",
            "count": 150,
            "created_time": "2025-05-08T14:39:39.081655Z",
            "yes_price": 2,
            "no_price": 98,
            "taker_side": "yes"
        },
        {
            "trade_id": "d079644f-e7d1-401d-aa8d-2d88e802be43",
            "ticker": "KXHIGHNY-25MAY08-B71.5",
            "count": 14,
            "created_time": "2025-05-08T14:37:27.326315Z",
            "yes_price": 1,
            "no_price": 99,
            "taker_side": "no"
        },
        {
            "trade_id": "f67b7e73-7f65-4fb4-9260-f11176011192",
            "ticker": "KXHIGHNY-25MAY08-B71.5",
            "count": 40,
            "created_time": "2025-05-08T14:34:05.889627Z",
            "yes_price": 1,
            "no_price": 99,
            "taker_side": "no"
        },
        {
            "trade_id": "f5963b1c-112e-4a7e-89a7-4f7be0ffeecc",
            "ticker": "KXHIGHNY-25MAY08-B71.5",
            "count": 50,
            "created_time": "2025-05-08T14:32:53.352187Z",
            "yes_price": 3,
            "no_price": 97,
            "taker_side": "yes"
        },
        {
            "trade_id": "cacea243-8091-4410-9461-e323f7d65289",
            "ticker": "KXHIGHNY-25MAY08-B71.5",
            "count": 118,
            "created_time": "2025-05-08T14:32:53.352187Z",
            "yes_price": 4,
            "no_price": 96,
            "taker_side": "yes"
        },
        {
            "trade_id": "4d0feb53-ddce-4725-8d7c-85be38aecf75",
            "ticker": "KXHIGHNY-25MAY08-B71.5",
            "count": 32,
            "created_time": "2025-05-08T14:32:53.352187Z",
            "yes_price": 4,
            "no_price": 96,
            "taker_side": "yes"
        },
        {
            "trade_id": "33994ba6-0024-47f5-b4b0-50ced5a5835b",
            "ticker": "KXHIGHNY-25MAY08-B71.5",
            "count": 100,
            "created_time": "2025-05-08T14:32:30.541101Z",
            "yes_price": 3,
            "no_price": 97,
            "taker_side": "yes"
        },
        {
            "trade_id": "19214512-87d2-4089-9b35-8a38f42bfaa2",
            "ticker": "KXHIGHNY-25MAY08-B71.5",
            "count": 12,
            "created_time": "2025-05-08T14:26:07.278482Z",
            "yes_price": 1,
            "no_price": 99,
            "taker_side": "no"
        },
        {
            "trade_id": "ec138716-cc0b-40c4-95cd-f6edc198815d",
            "ticker": "KXHIGHNY-25MAY08-B71.5",
            "count": 2,
            "created_time": "2025-05-08T14:17:35.594499Z",
            "yes_price": 1,
            "no_price": 99,
            "taker_side": "no"
        },
        {
            "trade_id": "5ef60b0c-00a6-4043-8d40-aa42b015f4be",
            "ticker": "KXHIGHNY-25MAY08-B71.5",
            "count": 100,
            "created_time": "2025-05-08T14:15:12.656126Z",
            "yes_price": 1,
            "no_price": 99,
            "taker_side": "no"
        },
        {
            "trade_id": "58b6b947-8c2c-48fc-a398-2aa30853fc52",
            "ticker": "KXHIGHNY-25MAY08-B71.5",
            "count": 117,
            "created_time": "2025-05-08T14:12:33.041751Z",
            "yes_price": 1,
            "no_price": 99,
            "taker_side": "no"
        },
        {
            "trade_id": "9091ef94-82e1-4074-a0f7-0af6295f1b63",
            "ticker": "KXHIGHNY-25MAY08-B71.5",
            "count": 31,
            "created_time": "2025-05-08T13:53:19.044633Z",
            "yes_price": 1,
            "no_price": 99,
            "taker_side": "yes"
        },
        {
            "trade_id": "e0daae83-d5a4-4f08-b213-b7cfe0f8f02b",
            "ticker": "KXHIGHNY-25MAY08-B71.5",
            "count": 100,
            "created_time": "2025-05-08T13:47:49.614228Z",
            "yes_price": 2,
            "no_price": 98,
            "taker_side": "yes"
        },
        {
            "trade_id": "a2030a71-158b-42c2-a195-13b8aed24cf7",
            "ticker": "KXHIGHNY-25MAY08-B71.5",
            "count": 500,
            "created_time": "2025-05-08T13:47:49.614228Z",
            "yes_price": 2,
            "no_price": 98,
            "taker_side": "yes"
        },
        {
            "trade_id": "9d8b2a08-d4e5-4446-beda-1b4b1cbc90ef",
            "ticker": "KXHIGHNY-25MAY08-B71.5",
            "count": 50,
            "created_time": "2025-05-08T13:47:49.614228Z",
            "yes_price": 2,
            "no_price": 98,
            "taker_side": "yes"
        },
        {
            "trade_id": "970a0eba-a294-43cc-acab-4e24f12a2f61",
            "ticker": "KXHIGHNY-25MAY08-B71.5",
            "count": 150,
            "created_time": "2025-05-08T13:47:49.614228Z",
            "yes_price": 2,
            "no_price": 98,
            "taker_side": "yes"
        },
        {
            "trade_id": "67a34bf6-df9c-4952-8118-470450bd58d1",
            "ticker": "KXHIGHNY-25MAY08-B71.5",
            "count": 650,
            "created_time": "2025-05-08T13:47:49.614228Z",
            "yes_price": 3,
            "no_price": 97,
            "taker_side": "yes"
        },
        {
            "trade_id": "66dc5dce-dbe1-47a6-a4e4-411a99e639d2",
            "ticker": "KXHIGHNY-25MAY08-B71.5",
            "count": 29,
            "created_time": "2025-05-08T13:47:49.614228Z",
            "yes_price": 2,
            "no_price": 98,
            "taker_side": "yes"
        },
        {
            "trade_id": "65014b5c-6c83-4d5f-8ecd-91afe4328fd3",
            "ticker": "KXHIGHNY-25MAY08-B71.5",
            "count": 68,
            "created_time": "2025-05-08T13:47:49.614228Z",
            "yes_price": 4,
            "no_price": 96,
            "taker_side": "yes"
        },
        {
            "trade_id": "5f05534b-f0dc-4462-9411-8d0008b25730",
            "ticker": "KXHIGHNY-25MAY08-B71.5",
            "count": 200,
            "created_time": "2025-05-08T13:47:49.614228Z",
            "yes_price": 3,
            "no_price": 97,
            "taker_side": "yes"
        },
        {
            "trade_id": "186854f0-b137-4cdd-8892-baeeb1ead79b",
            "ticker": "KXHIGHNY-25MAY08-B71.5",
            "count": 100,
            "created_time": "2025-05-08T13:47:49.614228Z",
            "yes_price": 1,
            "no_price": 99,
            "taker_side": "yes"
        },
        {
            "trade_id": "474831e7-15bb-476c-9ba9-c51f21d147c0",
            "ticker": "KXHIGHNY-25MAY08-B71.5",
            "count": 11,
            "created_time": "2025-05-08T13:44:54.869579Z",
            "yes_price": 1,
            "no_price": 99,
            "taker_side": "no"
        },
        {
            "trade_id": "bf5da11d-8194-4a4c-b2aa-5ae775a5bf0b",
            "ticker": "KXHIGHNY-25MAY08-B71.5",
            "count": 21,
            "created_time": "2025-05-08T13:23:07.755154Z",
            "yes_price": 1,
            "no_price": 99,
            "taker_side": "yes"
        },
        {
            "trade_id": "d0f967e0-4bf5-496f-8d98-4e116fd9cd88",
            "ticker": "KXHIGHNY-25MAY08-B71.5",
            "count": 46,
            "created_time": "2025-05-08T13:11:26.594938Z",
            "yes_price": 2,
            "no_price": 98,
            "taker_side": "yes"
        },
        {
            "trade_id": "1df8e74a-d4a7-4daf-9359-0362c666d031",
            "ticker": "KXHIGHNY-25MAY08-B71.5",
            "count": 8,
            "created_time": "2025-05-08T12:58:52.002583Z",
            "yes_price": 3,
            "no_price": 97,
            "taker_side": "no"
        },
        {
            "trade_id": "ebf5d767-1290-478b-8d7c-2ef5e6317291",
            "ticker": "KXHIGHNY-25MAY08-B71.5",
            "count": 50,
            "created_time": "2025-05-08T12:55:38.11859Z",
            "yes_price": 2,
            "no_price": 98,
            "taker_side": "yes"
        },
        {
            "trade_id": "e236614f-954b-483b-8935-8b97284887a9",
            "ticker": "KXHIGHNY-25MAY08-B71.5",
            "count": 9,
            "created_time": "2025-05-08T12:55:38.11859Z",
            "yes_price": 4,
            "no_price": 96,
            "taker_side": "yes"
        },
        {
            "trade_id": "8f038f18-6898-4016-9cb6-3fcf302ded80",
            "ticker": "KXHIGHNY-25MAY08-B71.5",
            "count": 44,
            "created_time": "2025-05-08T12:55:38.11859Z",
            "yes_price": 3,
            "no_price": 97,
            "taker_side": "yes"
        },
        {
            "trade_id": "cb4c08d0-fa58-4768-951c-fe285961c9c8",
            "ticker": "KXHIGHNY-25MAY08-B71.5",
            "count": 50,
            "created_time": "2025-05-08T12:14:34.648969Z",
            "yes_price": 3,
            "no_price": 97,
            "taker_side": "no"
        },
        {
            "trade_id": "b14337fa-c2f8-4d5a-bf39-9bc43eb030e2",
            "ticker": "KXHIGHNY-25MAY08-B71.5",
            "count": 50,
            "created_time": "2025-05-08T12:14:34.648969Z",
            "yes_price": 3,
            "no_price": 97,
            "taker_side": "no"
        },
        {
            "trade_id": "80b2ffc2-9dad-404c-9256-fd0f2272a339",
            "ticker": "KXHIGHNY-25MAY08-B71.5",
            "count": 120,
            "created_time": "2025-05-08T12:14:34.648969Z",
            "yes_price": 1,
            "no_price": 99,
            "taker_side": "no"
        },
        {
            "trade_id": "4acdf56b-d588-4f5a-b680-49253230f0e5",
            "ticker": "KXHIGHNY-25MAY08-B71.5",
            "count": 21,
            "created_time": "2025-05-08T12:14:34.648969Z",
            "yes_price": 4,
            "no_price": 96,
            "taker_side": "no"
        },
        {
            "trade_id": "384ce12f-b74a-4782-8305-b81f89ad880c",
            "ticker": "KXHIGHNY-25MAY08-B71.5",
            "count": 34,
            "created_time": "2025-05-08T12:14:34.648969Z",
            "yes_price": 4,
            "no_price": 96,
            "taker_side": "no"
        },
        {
            "trade_id": "1b8459b6-c899-459d-b640-d42bd49da2fd",
            "ticker": "KXHIGHNY-25MAY08-B71.5",
            "count": 150,
            "created_time": "2025-05-08T12:14:34.648969Z",
            "yes_price": 1,
            "no_price": 99,
            "taker_side": "no"
        },
        {
            "trade_id": "b5f87b0b-ab46-4387-aef9-3c00d4c8295a",
            "ticker": "KXHIGHNY-25MAY08-B71.5",
            "count": 50,
            "created_time": "2025-05-08T12:10:21.441588Z",
            "yes_price": 5,
            "no_price": 95,
            "taker_side": "no"
        },
        {
            "trade_id": "cb64cd0e-19bd-4699-b79a-d2f09ad843a1",
            "ticker": "KXHIGHNY-25MAY08-B71.5",
            "count": 22,
            "created_time": "2025-05-08T12:05:43.254251Z",
            "yes_price": 5,
            "no_price": 95,
            "taker_side": "no"
        },
        {
            "trade_id": "16e3740e-e4f4-4bf9-a7a0-7ea4c4255b2a",
            "ticker": "KXHIGHNY-25MAY08-B71.5",
            "count": 5,
            "created_time": "2025-05-08T12:03:25.689878Z",
            "yes_price": 5,
            "no_price": 95,
            "taker_side": "no"
        },
        {
            "trade_id": "5b123ac4-8afa-469d-ae6d-2d40772525c1",
            "ticker": "KXHIGHNY-25MAY08-B71.5",
            "count": 4,
            "created_time": "2025-05-08T12:00:54.984377Z",
            "yes_price": 6,
            "no_price": 94,
            "taker_side": "no"
        },
        {
            "trade_id": "59099bc1-f3c7-44a8-8f6f-13005fd60716",
            "ticker": "KXHIGHNY-25MAY08-B71.5",
            "count": 1,
            "created_time": "2025-05-08T12:00:54.130113Z",
            "yes_price": 8,
            "no_price": 92,
            "taker_side": "no"
        },
        {
            "trade_id": "54e10b1d-80c6-41a4-aabf-46b262e79352",
            "ticker": "KXHIGHNY-25MAY08-B71.5",
            "count": 4,
            "created_time": "2025-05-08T06:34:59.277677Z",
            "yes_price": 14,
            "no_price": 86,
            "taker_side": "no"
        },
        {
            "trade_id": "6e0f407b-af8b-4aa2-945b-3cf42ce1fd88",
            "ticker": "KXHIGHNY-25MAY08-B71.5",
            "count": 7,
            "created_time": "2025-05-08T06:30:37.984747Z",
            "yes_price": 15,
            "no_price": 85,
            "taker_side": "no"
        },
        {
            "trade_id": "f1c6fcf8-8aba-4135-a274-f548ae1d3db2",
            "ticker": "KXHIGHNY-25MAY08-B71.5",
            "count": 43,
            "created_time": "2025-05-08T06:28:38.308141Z",
            "yes_price": 17,
            "no_price": 83,
            "taker_side": "yes"
        },
        {
            "trade_id": "db123381-9a2c-4aba-a160-6c8f646ec987",
            "ticker": "KXHIGHNY-25MAY08-B71.5",
            "count": 10,
            "created_time": "2025-05-08T06:28:38.308141Z",
            "yes_price": 15,
            "no_price": 85,
            "taker_side": "yes"
        },
        {
            "trade_id": "a0d43a48-945f-4045-9b6d-1c301c4f58a0",
            "ticker": "KXHIGHNY-25MAY08-B71.5",
            "count": 4,
            "created_time": "2025-05-08T06:28:38.308141Z",
            "yes_price": 15,
            "no_price": 85,
            "taker_side": "yes"
        },
        {
            "trade_id": "ad81a19b-3883-46d1-872b-813bcb373fd8",
            "ticker": "KXHIGHNY-25MAY08-B71.5",
            "count": 11,
            "created_time": "2025-05-08T06:23:12.85525Z",
            "yes_price": 15,
            "no_price": 85,
            "taker_side": "yes"
        },
        {
            "trade_id": "ebca4b41-ac28-4dd1-8ae3-7c093a9b5df7",
            "ticker": "KXHIGHNY-25MAY08-B71.5",
            "count": 103,
            "created_time": "2025-05-08T06:16:40.884436Z",
            "yes_price": 16,
            "no_price": 84,
            "taker_side": "yes"
        },
        {
            "trade_id": "e09a187e-9b57-4148-a414-a5a541dfdd8c",
            "ticker": "KXHIGHNY-25MAY08-B71.5",
            "count": 2,
            "created_time": "2025-05-08T06:16:40.884436Z",
            "yes_price": 14,
            "no_price": 86,
            "taker_side": "yes"
        },
        {
            "trade_id": "aa3b0e13-170c-44ea-8b4d-1bee31eb3ddc",
            "ticker": "KXHIGHNY-25MAY08-B71.5",
            "count": 36,
            "created_time": "2025-05-08T06:16:40.884436Z",
            "yes_price": 14,
            "no_price": 86,
            "taker_side": "yes"
        },
        {
            "trade_id": "a079abf9-847d-4857-bced-79f2f871e845",
            "ticker": "KXHIGHNY-25MAY08-B71.5",
            "count": 7,
            "created_time": "2025-05-08T06:16:40.884436Z",
            "yes_price": 15,
            "no_price": 85,
            "taker_side": "yes"
        },
        {
            "trade_id": "0cd501f4-8aa2-4466-bbc4-c6d164f79a69",
            "ticker": "KXHIGHNY-25MAY08-B71.5",
            "count": 4,
            "created_time": "2025-05-08T06:16:40.884436Z",
            "yes_price": 15,
            "no_price": 85,
            "taker_side": "yes"
        },
        {
            "trade_id": "f709762e-f5bf-4004-a7d0-da5bafcea6fb",
            "ticker": "KXHIGHNY-25MAY08-B71.5",
            "count": 2,
            "created_time": "2025-05-08T06:13:17.687554Z",
            "yes_price": 11,
            "no_price": 89,
            "taker_side": "yes"
        },
        {
            "trade_id": "a4c188d6-c29b-4588-9a9e-8cd0a7d7fe34",
            "ticker": "KXHIGHNY-25MAY08-B71.5",
            "count": 10,
            "created_time": "2025-05-08T06:13:17.687554Z",
            "yes_price": 12,
            "no_price": 88,
            "taker_side": "yes"
        },
        {
            "trade_id": "9a2c6500-aa78-46b5-a13a-4e5460c74fd6",
            "ticker": "KXHIGHNY-25MAY08-B71.5",
            "count": 9,
            "created_time": "2025-05-08T06:13:17.687554Z",
            "yes_price": 13,
            "no_price": 87,
            "taker_side": "yes"
        },
        {
            "trade_id": "4dff3846-046d-452f-b0fc-33476406b6c0",
            "ticker": "KXHIGHNY-25MAY08-B71.5",
            "count": 3,
            "created_time": "2025-05-08T06:13:17.687554Z",
            "yes_price": 14,
            "no_price": 86,
            "taker_side": "yes"
        },
        {
            "trade_id": "12d9b709-b99f-4b0b-b7db-6ee38935a19f",
            "ticker": "KXHIGHNY-25MAY08-B71.5",
            "count": 5,
            "created_time": "2025-05-08T06:13:17.687554Z",
            "yes_price": 14,
            "no_price": 86,
            "taker_side": "yes"
        },
        {
            "trade_id": "5f41e4ea-436c-4534-be15-54cfd189e32f",
            "ticker": "KXHIGHNY-25MAY08-B71.5",
            "count": 2,
            "created_time": "2025-05-08T04:56:21.14012Z",
            "yes_price": 12,
            "no_price": 88,
            "taker_side": "yes"
        },
        {
            "trade_id": "b5eef2c4-1778-4eab-82d7-e1610e5bf900",
            "ticker": "KXHIGHNY-25MAY08-B71.5",
            "count": 10,
            "created_time": "2025-05-08T04:55:58.708158Z",
            "yes_price": 10,
            "no_price": 90,
            "taker_side": "no"
        },
        {
            "trade_id": "92954652-1d94-4df2-a8ef-e5cbb96923a7",
            "ticker": "KXHIGHNY-25MAY08-B71.5",
            "count": 1,
            "created_time": "2025-05-08T04:55:58.708158Z",
            "yes_price": 10,
            "no_price": 90,
            "taker_side": "no"
        },
        {
            "trade_id": "300966a4-cc04-48c1-8b43-bd09b6402b3b",
            "ticker": "KXHIGHNY-25MAY08-B71.5",
            "count": 4,
            "created_time": "2025-05-08T04:42:38.854891Z",
            "yes_price": 10,
            "no_price": 90,
            "taker_side": "no"
        },
        {
            "trade_id": "c82a239c-1d65-4278-8bd5-3a65a27bdcce",
            "ticker": "KXHIGHNY-25MAY08-B71.5",
            "count": 11,
            "created_time": "2025-05-08T04:42:07.600235Z",
            "yes_price": 11,
            "no_price": 89,
            "taker_side": "yes"
        },
        {
            "trade_id": "838945a0-200f-44f4-aae0-e6df6d2f1ede",
            "ticker": "KXHIGHNY-25MAY08-B71.5",
            "count": 93,
            "created_time": "2025-05-08T04:42:07.600235Z",
            "yes_price": 11,
            "no_price": 89,
            "taker_side": "yes"
        },
        {
            "trade_id": "4ff2617b-9e1e-4fee-8c3c-9f3e7ebbb480",
            "ticker": "KXHIGHNY-25MAY08-B71.5",
            "count": 200,
            "created_time": "2025-05-08T04:42:07.600235Z",
            "yes_price": 13,
            "no_price": 87,
            "taker_side": "yes"
        },
        {
            "trade_id": "0d8d8d37-c3b7-406c-afe2-7af21bd504b0",
            "ticker": "KXHIGHNY-25MAY08-B71.5",
            "count": 200,
            "created_time": "2025-05-08T04:42:07.600235Z",
            "yes_price": 15,
            "no_price": 85,
            "taker_side": "yes"
        },
        {
            "trade_id": "d867b546-0811-4032-8d2c-7eba0a425de2",
            "ticker": "KXHIGHNY-25MAY08-B71.5",
            "count": 7,
            "created_time": "2025-05-08T04:39:53.989444Z",
            "yes_price": 12,
            "no_price": 88,
            "taker_side": "yes"
        },
        {
            "trade_id": "5813b697-68ab-4daf-8751-680db07839cf",
            "ticker": "KXHIGHNY-25MAY08-B71.5",
            "count": 5,
            "created_time": "2025-05-08T04:39:53.989444Z",
            "yes_price": 11,
            "no_price": 89,
            "taker_side": "yes"
        },
        {
            "trade_id": "11bc326d-222b-4b48-a8c5-979ba648a169",
            "ticker": "KXHIGHNY-25MAY08-B71.5",
            "count": 10,
            "created_time": "2025-05-08T04:39:23.903667Z",
            "yes_price": 10,
            "no_price": 90,
            "taker_side": "no"
        },
        {
            "trade_id": "adbf3d9c-e123-46b8-ae3c-17a9e337851f",
            "ticker": "KXHIGHNY-25MAY08-B71.5",
            "count": 4,
            "created_time": "2025-05-08T04:39:23.057001Z",
            "yes_price": 10,
            "no_price": 90,
            "taker_side": "no"
        },
        {
            "trade_id": "716709e2-00dc-4f1e-8de0-c40f285ee2be",
            "ticker": "KXHIGHNY-25MAY08-B71.5",
            "count": 2,
            "created_time": "2025-05-08T04:39:22.216571Z",
            "yes_price": 10,
            "no_price": 90,
            "taker_side": "no"
        },
        {
            "trade_id": "c74cf223-030d-49b0-b58c-2026e11abd8f",
            "ticker": "KXHIGHNY-25MAY08-B71.5",
            "count": 15,
            "created_time": "2025-05-08T04:29:09.984956Z",
            "yes_price": 11,
            "no_price": 89,
            "taker_side": "no"
        },
        {
            "trade_id": "1c603f5a-e288-4fec-a355-95f2cb4e3c3b",
            "ticker": "KXHIGHNY-25MAY08-B71.5",
            "count": 23,
            "created_time": "2025-05-08T04:29:05.705884Z",
            "yes_price": 12,
            "no_price": 88,
            "taker_side": "yes"
        },
        {
            "trade_id": "56b04202-5cf0-4e15-8f4d-de1d71efabc4",
            "ticker": "KXHIGHNY-25MAY08-B71.5",
            "count": 7,
            "created_time": "2025-05-08T04:28:06.258477Z",
            "yes_price": 10,
            "no_price": 90,
            "taker_side": "no"
        },
        {
            "trade_id": "64305b31-ca95-461b-b2cb-3115d2675d90",
            "ticker": "KXHIGHNY-25MAY08-B71.5",
            "count": 1,
            "created_time": "2025-05-08T04:27:59.485725Z",
            "yes_price": 10,
            "no_price": 90,
            "taker_side": "yes"
        },
        {
            "trade_id": "18bb9451-f0f0-4113-8556-f75e56ca8b10",
            "ticker": "KXHIGHNY-25MAY08-B71.5",
            "count": 25,
            "created_time": "2025-05-08T04:27:59.485725Z",
            "yes_price": 10,
            "no_price": 90,
            "taker_side": "yes"
        },
        {
            "trade_id": "4b6debeb-b7e0-4789-a44c-54f9e6d7008b",
            "ticker": "KXHIGHNY-25MAY08-B71.5",
            "count": 21,
            "created_time": "2025-05-08T03:53:03.60565Z",
            "yes_price": 11,
            "no_price": 89,
            "taker_side": "yes"
        },
        {
            "trade_id": "468b75ab-6e0f-4dcb-8e60-c230d0aa1de4",
            "ticker": "KXHIGHNY-25MAY08-B71.5",
            "count": 8,
            "created_time": "2025-05-08T03:50:10.865631Z",
            "yes_price": 11,
            "no_price": 89,
            "taker_side": "yes"
        },
        {
            "trade_id": "d85e36ca-6d9b-4ab2-8201-7e893fc732f1",
            "ticker": "KXHIGHNY-25MAY08-B71.5",
            "count": 8,
            "created_time": "2025-05-08T03:41:12.487638Z",
            "yes_price": 11,
            "no_price": 89,
            "taker_side": "yes"
        },
        {
            "trade_id": "07771bf2-db55-45f2-b5fc-5dea00b19655",
            "ticker": "KXHIGHNY-25MAY08-B71.5",
            "count": 8,
            "created_time": "2025-05-08T03:38:12.555625Z",
            "yes_price": 11,
            "no_price": 89,
            "taker_side": "yes"
        },
        {
            "trade_id": "762df6d2-3b73-4c2d-a9d4-2d35d0ede58c",
            "ticker": "KXHIGHNY-25MAY08-B71.5",
            "count": 25,
            "created_time": "2025-05-08T03:20:24.653063Z",
            "yes_price": 11,
            "no_price": 89,
            "taker_side": "yes"
        },
        {
            "trade_id": "7fa53c3e-7fde-49d3-b8f8-63c2875f337a",
            "ticker": "KXHIGHNY-25MAY08-B71.5",
            "count": 8,
            "created_time": "2025-05-08T03:10:19.029725Z",
            "yes_price": 11,
            "no_price": 89,
            "taker_side": "yes"
        },
        {
            "trade_id": "ae89811b-6f5d-49fc-8af4-5f46729f0488",
            "ticker": "KXHIGHNY-25MAY08-B71.5",
            "count": 10,
            "created_time": "2025-05-08T02:50:25.104629Z",
            "yes_price": 11,
            "no_price": 89,
            "taker_side": "yes"
        },
        {
            "trade_id": "48830937-0129-4da2-b5d9-c80045eb4740",
            "ticker": "KXHIGHNY-25MAY08-B71.5",
            "count": 8,
            "created_time": "2025-05-08T02:38:56.93091Z",
            "yes_price": 11,
            "no_price": 89,
            "taker_side": "yes"
        },
        {
            "trade_id": "ef808d72-b30b-46fb-a92d-a6adbedf591d",
            "ticker": "KXHIGHNY-25MAY08-B71.5",
            "count": 1,
            "created_time": "2025-05-08T02:35:55.553218Z",
            "yes_price": 10,
            "no_price": 90,
            "taker_side": "yes"
        },
        {
            "trade_id": "e823c3c5-d414-451d-af00-4bb0f6971e8a",
            "ticker": "KXHIGHNY-25MAY08-B71.5",
            "count": 69,
            "created_time": "2025-05-08T02:35:55.553218Z",
            "yes_price": 10,
            "no_price": 90,
            "taker_side": "yes"
        },
        {
            "trade_id": "5ebfb4fb-3092-4019-bdc1-65c2016abe2c",
            "ticker": "KXHIGHNY-25MAY08-B71.5",
            "count": 20,
            "created_time": "2025-05-08T02:35:55.553218Z",
            "yes_price": 12,
            "no_price": 88,
            "taker_side": "yes"
        },
        {
            "trade_id": "3ddaa8a3-d150-4d6a-8d1c-fc0647187111",
            "ticker": "KXHIGHNY-25MAY08-B71.5",
            "count": 42,
            "created_time": "2025-05-08T01:47:08.844121Z",
            "yes_price": 11,
            "no_price": 89,
            "taker_side": "yes"
        },
        {
            "trade_id": "aaaf839f-20fd-438d-bf00-70a551ec6be3",
            "ticker": "KXHIGHNY-25MAY08-B71.5",
            "count": 8,
            "created_time": "2025-05-08T01:29:04.527107Z",
            "yes_price": 11,
            "no_price": 89,
            "taker_side": "yes"
        },
        {
            "trade_id": "aad8b386-4025-4fc5-8df1-617b8a5d8929",
            "ticker": "KXHIGHNY-25MAY08-B71.5",
            "count": 7,
            "created_time": "2025-05-08T01:10:24.601347Z",
            "yes_price": 10,
            "no_price": 90,
            "taker_side": "yes"
        },
        {
            "trade_id": "3c5d10b5-1fca-4a6d-a446-a7dca85ffbfb",
            "ticker": "KXHIGHNY-25MAY08-B71.5",
            "count": 10,
            "created_time": "2025-05-08T00:26:16.835819Z",
            "yes_price": 14,
            "no_price": 86,
            "taker_side": "no"
        },
        {
            "trade_id": "8fb88934-396f-4f48-a1dd-a9ce03e644a9",
            "ticker": "KXHIGHNY-25MAY08-B71.5",
            "count": 51,
            "created_time": "2025-05-07T22:47:08.540164Z",
            "yes_price": 16,
            "no_price": 84,
            "taker_side": "no"
        },
        {
            "trade_id": "0e1a6f5f-5a28-489e-8af3-7208adf2434b",
            "ticker": "KXHIGHNY-25MAY08-B71.5",
            "count": 7,
            "created_time": "2025-05-07T22:47:08.540164Z",
            "yes_price": 17,
            "no_price": 83,
            "taker_side": "no"
        },
        {
            "trade_id": "8ea3c624-32c9-4284-bd72-8164cede8f9e",
            "ticker": "KXHIGHNY-25MAY08-B71.5",
            "count": 37,
            "created_time": "2025-05-07T22:04:48.313509Z",
            "yes_price": 19,
            "no_price": 81,
            "taker_side": "no"
        },
        {
            "trade_id": "f4faf74e-6ff4-43d9-978b-f1e94498ecf8",
            "ticker": "KXHIGHNY-25MAY08-B71.5",
            "count": 5,
            "created_time": "2025-05-07T21:53:31.226378Z",
            "yes_price": 19,
            "no_price": 81,
            "taker_side": "yes"
        },
        {
            "trade_id": "517cb6d5-67cd-4518-99b1-7f8fd484f9ba",
            "ticker": "KXHIGHNY-25MAY08-B71.5",
            "count": 95,
            "created_time": "2025-05-07T21:35:32.512088Z",
            "yes_price": 19,
            "no_price": 81,
            "taker_side": "yes"
        },
        {
            "trade_id": "3709229f-0e15-4e94-8026-59087ac1e4ff",
            "ticker": "KXHIGHNY-25MAY08-B71.5",
            "count": 5,
            "created_time": "2025-05-07T21:34:16.011615Z",
            "yes_price": 18,
            "no_price": 82,
            "taker_side": "yes"
        },
        {
            "trade_id": "52781b9a-fa69-43c0-a6e0-790fd616a681",
            "ticker": "KXHIGHNY-25MAY08-B71.5",
            "count": 78,
            "created_time": "2025-05-07T21:19:19.555051Z",
            "yes_price": 12,
            "no_price": 88,
            "taker_side": "no"
        },
        {
            "trade_id": "e511c21e-15f5-4f21-8b5b-dae941d2841b",
            "ticker": "KXHIGHNY-25MAY08-B71.5",
            "count": 5,
            "created_time": "2025-05-07T21:19:09.25643Z",
            "yes_price": 13,
            "no_price": 87,
            "taker_side": "no"
        },
        {
            "trade_id": "b80d4460-2355-405a-8b7b-aba4c3c7fd8c",
            "ticker": "KXHIGHNY-25MAY08-B71.5",
            "count": 10,
            "created_time": "2025-05-07T21:17:27.030944Z",
            "yes_price": 18,
            "no_price": 82,
            "taker_side": "yes"
        },
        {
            "trade_id": "f4216aa3-5fa7-46fa-8c7e-c0b60ebfc6b2",
            "ticker": "KXHIGHNY-25MAY08-B71.5",
            "count": 2,
            "created_time": "2025-05-07T21:11:37.068941Z",
            "yes_price": 13,
            "no_price": 87,
            "taker_side": "no"
        },
        {
            "trade_id": "87078593-61f1-4550-9eed-d580d66ddd31",
            "ticker": "KXHIGHNY-25MAY08-B71.5",
            "count": 40,
            "created_time": "2025-05-07T14:49:45.650126Z",
            "yes_price": 18,
            "no_price": 82,
            "taker_side": "yes"
        },
        {
            "trade_id": "15a5e736-9af5-4078-beac-c66310e1a696",
            "ticker": "KXHIGHNY-25MAY08-B71.5",
            "count": 14,
            "created_time": "2025-05-07T14:49:45.650126Z",
            "yes_price": 16,
            "no_price": 84,
            "taker_side": "yes"
        }
    ],
    "KXHIGHNY-25MAY08-B73.5": [
        {
            "trade_id": "d4400e51-61fa-4a21-ad0c-26e83ee13faf",
            "ticker": "KXHIGHNY-25MAY08-B73.5",
            "count": 150,
            "created_time": "2025-05-08T21:30:35.778368Z",
            "yes_price": 1,
            "no_price": 99,
            "taker_side": "yes"
        },
        {
            "trade_id": "d7333030-4f48-4a12-8719-1ab72c8b5cfd",
            "ticker": "KXHIGHNY-25MAY08-B73.5",
            "count": 100,
            "created_time": "2025-05-08T21:28:44.960057Z",
            "yes_price": 1,
            "no_price": 99,
            "taker_side": "yes"
        },
        {
            "trade_id": "6e63ece2-977f-4d5d-be1f-3a0f339269a1",
            "ticker": "KXHIGHNY-25MAY08-B73.5",
            "count": 93,
            "created_time": "2025-05-08T21:00:18.225119Z",
            "yes_price": 1,
            "no_price": 99,
            "taker_side": "yes"
        },
        {
            "trade_id": "47ca9242-ec8f-4d60-96a2-313a34ec787c",
            "ticker": "KXHIGHNY-25MAY08-B73.5",
            "count": 449,
            "created_time": "2025-05-08T20:25:04.733286Z",
            "yes_price": 1,
            "no_price": 99,
            "taker_side": "yes"
        },
        {
            "trade_id": "87a1c490-1feb-4f32-9aa2-eb8d3ea1a9d4",
            "ticker": "KXHIGHNY-25MAY08-B73.5",
            "count": 467,
            "created_time": "2025-05-08T20:24:27.937162Z",
            "yes_price": 1,
            "no_price": 99,
            "taker_side": "yes"
        },
        {
            "trade_id": "dfe6ae38-1015-47b7-b49f-af7a422fc802",
            "ticker": "KXHIGHNY-25MAY08-B73.5",
            "count": 1,
            "created_time": "2025-05-08T19:59:15.059945Z",
            "yes_price": 1,
            "no_price": 99,
            "taker_side": "yes"
        },
        {
            "trade_id": "45564a16-ca1e-4464-92bf-8476f7791747",
            "ticker": "KXHIGHNY-25MAY08-B73.5",
            "count": 87,
            "created_time": "2025-05-08T17:52:36.897576Z",
            "yes_price": 1,
            "no_price": 99,
            "taker_side": "yes"
        },
        {
            "trade_id": "f0afc963-8a77-4bdf-80e1-50f27aa9e6d8",
            "ticker": "KXHIGHNY-25MAY08-B73.5",
            "count": 35,
            "created_time": "2025-05-08T17:35:03.357382Z",
            "yes_price": 1,
            "no_price": 99,
            "taker_side": "yes"
        },
        {
            "trade_id": "9cbfccf4-c1ab-42d3-9b32-8d28c2d9c23b",
            "ticker": "KXHIGHNY-25MAY08-B73.5",
            "count": 4,
            "created_time": "2025-05-08T17:26:09.952734Z",
            "yes_price": 1,
            "no_price": 99,
            "taker_side": "yes"
        },
        {
            "trade_id": "21531217-a7e6-4879-9486-3c7c6fc2f5d0",
            "ticker": "KXHIGHNY-25MAY08-B73.5",
            "count": 7,
            "created_time": "2025-05-08T17:14:35.433884Z",
            "yes_price": 1,
            "no_price": 99,
            "taker_side": "yes"
        },
        {
            "trade_id": "3ef446d7-84fc-4cd5-abd2-c88ebe7958be",
            "ticker": "KXHIGHNY-25MAY08-B73.5",
            "count": 197,
            "created_time": "2025-05-08T16:53:05.935463Z",
            "yes_price": 1,
            "no_price": 99,
            "taker_side": "yes"
        },
        {
            "trade_id": "fecf63f3-b1af-4fc4-b11a-d5a1636d05af",
            "ticker": "KXHIGHNY-25MAY08-B73.5",
            "count": 100,
            "created_time": "2025-05-08T16:53:05.861711Z",
            "yes_price": 1,
            "no_price": 99,
            "taker_side": "no"
        },
        {
            "trade_id": "fc8b229e-970a-4003-83ff-a358c4f47e36",
            "ticker": "KXHIGHNY-25MAY08-B73.5",
            "count": 49,
            "created_time": "2025-05-08T16:53:05.861711Z",
            "yes_price": 1,
            "no_price": 99,
            "taker_side": "no"
        },
        {
            "trade_id": "b41640da-98f1-4b0d-92c0-adefb2aacdbd",
            "ticker": "KXHIGHNY-25MAY08-B73.5",
            "count": 500,
            "created_time": "2025-05-08T16:53:05.861711Z",
            "yes_price": 1,
            "no_price": 99,
            "taker_side": "no"
        },
        {
            "trade_id": "b1ea34a4-dda3-4a1a-98bc-dba02716eeed",
            "ticker": "KXHIGHNY-25MAY08-B73.5",
            "count": 16,
            "created_time": "2025-05-08T16:53:05.861711Z",
            "yes_price": 1,
            "no_price": 99,
            "taker_side": "no"
        },
        {
            "trade_id": "ac4a0f2a-0705-4cd3-8558-ec2d1a1e72c0",
            "ticker": "KXHIGHNY-25MAY08-B73.5",
            "count": 33,
            "created_time": "2025-05-08T16:53:05.861711Z",
            "yes_price": 1,
            "no_price": 99,
            "taker_side": "no"
        },
        {
            "trade_id": "854dec51-7a2e-4893-b255-30515c614246",
            "ticker": "KXHIGHNY-25MAY08-B73.5",
            "count": 390,
            "created_time": "2025-05-08T16:53:05.861711Z",
            "yes_price": 1,
            "no_price": 99,
            "taker_side": "no"
        },
        {
            "trade_id": "4822a807-afcb-4ba5-b8c7-7215b5b965a3",
            "ticker": "KXHIGHNY-25MAY08-B73.5",
            "count": 35,
            "created_time": "2025-05-08T16:53:05.861711Z",
            "yes_price": 1,
            "no_price": 99,
            "taker_side": "no"
        },
        {
            "trade_id": "185becfb-2e8a-4381-87bb-0301ed890465",
            "ticker": "KXHIGHNY-25MAY08-B73.5",
            "count": 32,
            "created_time": "2025-05-08T16:40:36.67861Z",
            "yes_price": 2,
            "no_price": 98,
            "taker_side": "yes"
        },
        {
            "trade_id": "cb900b8c-55ef-4cfd-8936-26b7d9625ad8",
            "ticker": "KXHIGHNY-25MAY08-B73.5",
            "count": 53,
            "created_time": "2025-05-08T16:36:32.302803Z",
            "yes_price": 2,
            "no_price": 98,
            "taker_side": "yes"
        },
        {
            "trade_id": "218ae0f0-d36a-4e10-94bd-d508b5cf6dc6",
            "ticker": "KXHIGHNY-25MAY08-B73.5",
            "count": 50,
            "created_time": "2025-05-08T16:36:32.302803Z",
            "yes_price": 2,
            "no_price": 98,
            "taker_side": "yes"
        },
        {
            "trade_id": "12d09f8f-6b01-42f7-87d8-595a84851d08",
            "ticker": "KXHIGHNY-25MAY08-B73.5",
            "count": 130,
            "created_time": "2025-05-08T16:36:32.302803Z",
            "yes_price": 2,
            "no_price": 98,
            "taker_side": "yes"
        },
        {
            "trade_id": "51fa7d27-c283-41a4-874e-a489866e1f14",
            "ticker": "KXHIGHNY-25MAY08-B73.5",
            "count": 5,
            "created_time": "2025-05-08T16:28:21.809051Z",
            "yes_price": 1,
            "no_price": 99,
            "taker_side": "no"
        },
        {
            "trade_id": "ebbbacf4-08be-4058-b3c4-2f12f7b6f3f1",
            "ticker": "KXHIGHNY-25MAY08-B73.5",
            "count": 2,
            "created_time": "2025-05-08T16:28:21.769947Z",
            "yes_price": 1,
            "no_price": 99,
            "taker_side": "no"
        },
        {
            "trade_id": "928d6f06-5907-43ca-b001-fc00d8e1bf67",
            "ticker": "KXHIGHNY-25MAY08-B73.5",
            "count": 24,
            "created_time": "2025-05-08T16:27:07.332337Z",
            "yes_price": 1,
            "no_price": 99,
            "taker_side": "no"
        },
        {
            "trade_id": "53fe22e2-742e-44cf-b99c-246451b5249d",
            "ticker": "KXHIGHNY-25MAY08-B73.5",
            "count": 2,
            "created_time": "2025-05-08T16:24:51.437694Z",
            "yes_price": 1,
            "no_price": 99,
            "taker_side": "no"
        },
        {
            "trade_id": "8ae7a7a8-9e7f-4daa-a8aa-39ef25dcb7b2",
            "ticker": "KXHIGHNY-25MAY08-B73.5",
            "count": 2,
            "created_time": "2025-05-08T16:22:20.391646Z",
            "yes_price": 1,
            "no_price": 99,
            "taker_side": "no"
        },
        {
            "trade_id": "17d07693-6701-4cea-a996-bdc8a5ee5e3f",
            "ticker": "KXHIGHNY-25MAY08-B73.5",
            "count": 2,
            "created_time": "2025-05-08T16:22:19.941251Z",
            "yes_price": 1,
            "no_price": 99,
            "taker_side": "no"
        },
        {
            "trade_id": "012d0d02-b302-49ad-a35f-308318310bab",
            "ticker": "KXHIGHNY-25MAY08-B73.5",
            "count": 2,
            "created_time": "2025-05-08T16:21:07.159182Z",
            "yes_price": 1,
            "no_price": 99,
            "taker_side": "no"
        },
        {
            "trade_id": "fba81041-5ccd-45b4-88f6-3b723926b75e",
            "ticker": "KXHIGHNY-25MAY08-B73.5",
            "count": 2,
            "created_time": "2025-05-08T16:21:06.318099Z",
            "yes_price": 1,
            "no_price": 99,
            "taker_side": "no"
        },
        {
            "trade_id": "e6e7cc9f-8539-4608-bce4-61f74b35a602",
            "ticker": "KXHIGHNY-25MAY08-B73.5",
            "count": 50,
            "created_time": "2025-05-08T16:20:36.804936Z",
            "yes_price": 3,
            "no_price": 97,
            "taker_side": "yes"
        },
        {
            "trade_id": "a479e5d6-77de-4dd3-b68d-47a4385e04e5",
            "ticker": "KXHIGHNY-25MAY08-B73.5",
            "count": 50,
            "created_time": "2025-05-08T16:20:36.804936Z",
            "yes_price": 2,
            "no_price": 98,
            "taker_side": "yes"
        },
        {
            "trade_id": "62734637-80c8-4a40-84b3-e90bbd08919a",
            "ticker": "KXHIGHNY-25MAY08-B73.5",
            "count": 228,
            "created_time": "2025-05-08T16:20:36.804936Z",
            "yes_price": 3,
            "no_price": 97,
            "taker_side": "yes"
        },
        {
            "trade_id": "750dcb9e-2d36-460d-b35c-f783ffadd351",
            "ticker": "KXHIGHNY-25MAY08-B73.5",
            "count": 2,
            "created_time": "2025-05-08T16:19:52.833603Z",
            "yes_price": 1,
            "no_price": 99,
            "taker_side": "no"
        },
        {
            "trade_id": "23ddd191-fc06-4832-9d33-70278c2d4dcd",
            "ticker": "KXHIGHNY-25MAY08-B73.5",
            "count": 2,
            "created_time": "2025-05-08T16:18:07.461796Z",
            "yes_price": 1,
            "no_price": 99,
            "taker_side": "no"
        },
        {
            "trade_id": "84ef06ee-8ad5-422f-97fe-e56ca0ef20b7",
            "ticker": "KXHIGHNY-25MAY08-B73.5",
            "count": 15,
            "created_time": "2025-05-08T16:17:39.649976Z",
            "yes_price": 1,
            "no_price": 99,
            "taker_side": "no"
        },
        {
            "trade_id": "10f64951-5e1a-45b0-9770-dcde2c0dcce8",
            "ticker": "KXHIGHNY-25MAY08-B73.5",
            "count": 26,
            "created_time": "2025-05-08T16:16:08.207867Z",
            "yes_price": 2,
            "no_price": 98,
            "taker_side": "no"
        },
        {
            "trade_id": "0c24c28d-3304-4f5d-a215-78666eef5e64",
            "ticker": "KXHIGHNY-25MAY08-B73.5",
            "count": 1,
            "created_time": "2025-05-08T16:15:59.392951Z",
            "yes_price": 2,
            "no_price": 98,
            "taker_side": "no"
        },
        {
            "trade_id": "b0b5cbbc-b4fc-436c-8ad9-bee6026c4564",
            "ticker": "KXHIGHNY-25MAY08-B73.5",
            "count": 5,
            "created_time": "2025-05-08T15:50:25.048514Z",
            "yes_price": 1,
            "no_price": 99,
            "taker_side": "no"
        },
        {
            "trade_id": "2bcdf99a-aec8-4b0e-accd-71c8979af275",
            "ticker": "KXHIGHNY-25MAY08-B73.5",
            "count": 46,
            "created_time": "2025-05-08T15:46:04.145968Z",
            "yes_price": 2,
            "no_price": 98,
            "taker_side": "no"
        },
        {
            "trade_id": "7f74c998-c7ee-4243-8acd-70358be54e45",
            "ticker": "KXHIGHNY-25MAY08-B73.5",
            "count": 114,
            "created_time": "2025-05-08T15:45:49.859336Z",
            "yes_price": 4,
            "no_price": 96,
            "taker_side": "no"
        },
        {
            "trade_id": "60e75560-dbb7-4af3-9060-fef232042392",
            "ticker": "KXHIGHNY-25MAY08-B73.5",
            "count": 2,
            "created_time": "2025-05-08T15:45:49.859336Z",
            "yes_price": 4,
            "no_price": 96,
            "taker_side": "no"
        },
        {
            "trade_id": "9f2db6dd-bed6-4416-a73b-f42795429779",
            "ticker": "KXHIGHNY-25MAY08-B73.5",
            "count": 3,
            "created_time": "2025-05-08T15:44:47.041673Z",
            "yes_price": 5,
            "no_price": 95,
            "taker_side": "yes"
        },
        {
            "trade_id": "663fe547-4759-4100-8089-b3efeeb7973f",
            "ticker": "KXHIGHNY-25MAY08-B73.5",
            "count": 450,
            "created_time": "2025-05-08T15:44:39.244766Z",
            "yes_price": 4,
            "no_price": 96,
            "taker_side": "no"
        },
        {
            "trade_id": "4397234a-43d4-48f8-8fcc-5353f9d75676",
            "ticker": "KXHIGHNY-25MAY08-B73.5",
            "count": 15,
            "created_time": "2025-05-08T15:41:46.648195Z",
            "yes_price": 4,
            "no_price": 96,
            "taker_side": "no"
        },
        {
            "trade_id": "0b335d06-a051-44dd-a3d3-5dd922c6d15e",
            "ticker": "KXHIGHNY-25MAY08-B73.5",
            "count": 3,
            "created_time": "2025-05-08T15:41:32.943665Z",
            "yes_price": 4,
            "no_price": 96,
            "taker_side": "no"
        },
        {
            "trade_id": "bacd952f-98b7-4e1d-8aa6-7eca0867fab6",
            "ticker": "KXHIGHNY-25MAY08-B73.5",
            "count": 11,
            "created_time": "2025-05-08T15:41:20.368602Z",
            "yes_price": 4,
            "no_price": 96,
            "taker_side": "yes"
        },
        {
            "trade_id": "a5cf0c0a-ef40-432c-8bb4-de8c00946245",
            "ticker": "KXHIGHNY-25MAY08-B73.5",
            "count": 4,
            "created_time": "2025-05-08T15:39:55.097156Z",
            "yes_price": 3,
            "no_price": 97,
            "taker_side": "no"
        },
        {
            "trade_id": "70b54db8-7d1e-4687-af72-f215a81a4c60",
            "ticker": "KXHIGHNY-25MAY08-B73.5",
            "count": 50,
            "created_time": "2025-05-08T15:39:40.929196Z",
            "yes_price": 4,
            "no_price": 96,
            "taker_side": "yes"
        },
        {
            "trade_id": "ba7fe96b-1d84-4904-afe9-88fffec838de",
            "ticker": "KXHIGHNY-25MAY08-B73.5",
            "count": 2,
            "created_time": "2025-05-08T15:39:36.9332Z",
            "yes_price": 3,
            "no_price": 97,
            "taker_side": "no"
        },
        {
            "trade_id": "6a8d0cff-bf1a-4d8d-baf9-652f823cb736",
            "ticker": "KXHIGHNY-25MAY08-B73.5",
            "count": 18,
            "created_time": "2025-05-08T15:36:18.305855Z",
            "yes_price": 5,
            "no_price": 95,
            "taker_side": "no"
        },
        {
            "trade_id": "de49a6ed-3739-4fcd-96e2-9af3b0cf7531",
            "ticker": "KXHIGHNY-25MAY08-B73.5",
            "count": 3,
            "created_time": "2025-05-08T15:35:56.085761Z",
            "yes_price": 4,
            "no_price": 96,
            "taker_side": "no"
        },
        {
            "trade_id": "fc001ce0-b99e-48e9-977b-42c2d20b1144",
            "ticker": "KXHIGHNY-25MAY08-B73.5",
            "count": 3,
            "created_time": "2025-05-08T15:35:55.623537Z",
            "yes_price": 4,
            "no_price": 96,
            "taker_side": "no"
        },
        {
            "trade_id": "4a3ead05-99e2-482d-86ee-bcaede4380e7",
            "ticker": "KXHIGHNY-25MAY08-B73.5",
            "count": 2,
            "created_time": "2025-05-08T15:35:54.777227Z",
            "yes_price": 4,
            "no_price": 96,
            "taker_side": "no"
        },
        {
            "trade_id": "ae22c50b-2178-4964-9175-35b63ae9e00f",
            "ticker": "KXHIGHNY-25MAY08-B73.5",
            "count": 1,
            "created_time": "2025-05-08T15:35:53.935921Z",
            "yes_price": 4,
            "no_price": 96,
            "taker_side": "no"
        },
        {
            "trade_id": "f90b66b8-937c-4251-a89c-2e7cd9d5d08e",
            "ticker": "KXHIGHNY-25MAY08-B73.5",
            "count": 25,
            "created_time": "2025-05-08T15:35:51.433267Z",
            "yes_price": 12,
            "no_price": 88,
            "taker_side": "yes"
        },
        {
            "trade_id": "f2cd603b-ac6c-43fd-8953-e666bab9249a",
            "ticker": "KXHIGHNY-25MAY08-B73.5",
            "count": 3,
            "created_time": "2025-05-08T15:35:51.433267Z",
            "yes_price": 4,
            "no_price": 96,
            "taker_side": "yes"
        },
        {
            "trade_id": "f0e252ac-a484-4cf5-b428-fb0284d408ff",
            "ticker": "KXHIGHNY-25MAY08-B73.5",
            "count": 50,
            "created_time": "2025-05-08T15:35:51.433267Z",
            "yes_price": 6,
            "no_price": 94,
            "taker_side": "yes"
        },
        {
            "trade_id": "db6d4a0a-e012-4332-90cd-a7984487adeb",
            "ticker": "KXHIGHNY-25MAY08-B73.5",
            "count": 25,
            "created_time": "2025-05-08T15:35:51.433267Z",
            "yes_price": 7,
            "no_price": 93,
            "taker_side": "yes"
        },
        {
            "trade_id": "a195a783-145d-4814-8e6a-b2772c4eaac6",
            "ticker": "KXHIGHNY-25MAY08-B73.5",
            "count": 29,
            "created_time": "2025-05-08T15:35:51.433267Z",
            "yes_price": 19,
            "no_price": 81,
            "taker_side": "yes"
        },
        {
            "trade_id": "72441995-87e0-4ef1-9ae0-81b089f5ce4c",
            "ticker": "KXHIGHNY-25MAY08-B73.5",
            "count": 15,
            "created_time": "2025-05-08T15:35:51.433267Z",
            "yes_price": 12,
            "no_price": 88,
            "taker_side": "yes"
        },
        {
            "trade_id": "69a4d472-123d-4da8-a567-24f16420190f",
            "ticker": "KXHIGHNY-25MAY08-B73.5",
            "count": 38,
            "created_time": "2025-05-08T15:35:51.433267Z",
            "yes_price": 8,
            "no_price": 92,
            "taker_side": "yes"
        },
        {
            "trade_id": "54f99988-7051-44ec-bc06-283851997d98",
            "ticker": "KXHIGHNY-25MAY08-B73.5",
            "count": 12,
            "created_time": "2025-05-08T15:35:51.433267Z",
            "yes_price": 11,
            "no_price": 89,
            "taker_side": "yes"
        },
        {
            "trade_id": "50ec8def-240c-410b-86eb-9efe1c8b2758",
            "ticker": "KXHIGHNY-25MAY08-B73.5",
            "count": 100,
            "created_time": "2025-05-08T15:35:51.433267Z",
            "yes_price": 8,
            "no_price": 92,
            "taker_side": "yes"
        },
        {
            "trade_id": "0b8913fc-2e04-4d71-a2d4-09d4cb29f517",
            "ticker": "KXHIGHNY-25MAY08-B73.5",
            "count": 149,
            "created_time": "2025-05-08T15:35:51.433267Z",
            "yes_price": 13,
            "no_price": 87,
            "taker_side": "yes"
        },
        {
            "trade_id": "2caa032f-ef3f-49d2-b06b-cc4dc05ccdd0",
            "ticker": "KXHIGHNY-25MAY08-B73.5",
            "count": 70,
            "created_time": "2025-05-08T15:35:00.014638Z",
            "yes_price": 3,
            "no_price": 97,
            "taker_side": "no"
        },
        {
            "trade_id": "fb33cb27-f0c0-47b1-b242-99e787a462db",
            "ticker": "KXHIGHNY-25MAY08-B73.5",
            "count": 3,
            "created_time": "2025-05-08T15:34:36.386724Z",
            "yes_price": 3,
            "no_price": 97,
            "taker_side": "no"
        },
        {
            "trade_id": "debf6351-de0e-4cb9-bb81-6f94ddfd35c4",
            "ticker": "KXHIGHNY-25MAY08-B73.5",
            "count": 73,
            "created_time": "2025-05-08T15:31:31.187673Z",
            "yes_price": 4,
            "no_price": 96,
            "taker_side": "yes"
        },
        {
            "trade_id": "9ce7e925-25af-4fd1-a898-ee0bbe62359e",
            "ticker": "KXHIGHNY-25MAY08-B73.5",
            "count": 85,
            "created_time": "2025-05-08T15:31:31.187673Z",
            "yes_price": 4,
            "no_price": 96,
            "taker_side": "yes"
        },
        {
            "trade_id": "42f7fb6e-265e-4ee7-b686-0aea586094bc",
            "ticker": "KXHIGHNY-25MAY08-B73.5",
            "count": 71,
            "created_time": "2025-05-08T15:31:31.187673Z",
            "yes_price": 6,
            "no_price": 94,
            "taker_side": "yes"
        },
        {
            "trade_id": "10efa054-3965-4f6a-83b4-4d1d679a4aeb",
            "ticker": "KXHIGHNY-25MAY08-B73.5",
            "count": 50,
            "created_time": "2025-05-08T15:31:31.187673Z",
            "yes_price": 4,
            "no_price": 96,
            "taker_side": "yes"
        },
        {
            "trade_id": "d217ca5c-8dc8-47cd-9c42-90833b7fe43f",
            "ticker": "KXHIGHNY-25MAY08-B73.5",
            "count": 25,
            "created_time": "2025-05-08T15:29:35.194994Z",
            "yes_price": 4,
            "no_price": 96,
            "taker_side": "yes"
        },
        {
            "trade_id": "aa3973d5-e778-4a9e-8fe4-adb0cb711944",
            "ticker": "KXHIGHNY-25MAY08-B73.5",
            "count": 50,
            "created_time": "2025-05-08T15:29:35.194994Z",
            "yes_price": 4,
            "no_price": 96,
            "taker_side": "yes"
        },
        {
            "trade_id": "88cd71d2-33d9-4f7d-932e-9d165da62304",
            "ticker": "KXHIGHNY-25MAY08-B73.5",
            "count": 10,
            "created_time": "2025-05-08T15:29:35.194994Z",
            "yes_price": 3,
            "no_price": 97,
            "taker_side": "yes"
        },
        {
            "trade_id": "64119ddb-9924-47ac-8336-aaca3f00d1ca",
            "ticker": "KXHIGHNY-25MAY08-B73.5",
            "count": 15,
            "created_time": "2025-05-08T15:29:35.194994Z",
            "yes_price": 4,
            "no_price": 96,
            "taker_side": "yes"
        },
        {
            "trade_id": "5d6a1293-ecb3-4f36-bf6a-86b8f0abf347",
            "ticker": "KXHIGHNY-25MAY08-B73.5",
            "count": 100,
            "created_time": "2025-05-08T15:29:35.194994Z",
            "yes_price": 3,
            "no_price": 97,
            "taker_side": "yes"
        },
        {
            "trade_id": "d4486e58-fd0b-4d87-bbdb-929e94634c4e",
            "ticker": "KXHIGHNY-25MAY08-B73.5",
            "count": 61,
            "created_time": "2025-05-08T15:27:37.692834Z",
            "yes_price": 3,
            "no_price": 97,
            "taker_side": "no"
        },
        {
            "trade_id": "24751062-c13d-40c4-bda4-b707de4d9175",
            "ticker": "KXHIGHNY-25MAY08-B73.5",
            "count": 10,
            "created_time": "2025-05-08T15:27:34.356778Z",
            "yes_price": 3,
            "no_price": 97,
            "taker_side": "no"
        },
        {
            "trade_id": "82cbe98c-bcca-4660-8b83-d2128fb7c219",
            "ticker": "KXHIGHNY-25MAY08-B73.5",
            "count": 50,
            "created_time": "2025-05-08T15:22:56.58218Z",
            "yes_price": 4,
            "no_price": 96,
            "taker_side": "no"
        },
        {
            "trade_id": "3b05e140-f38b-4469-87a8-e95e0e915fe7",
            "ticker": "KXHIGHNY-25MAY08-B73.5",
            "count": 46,
            "created_time": "2025-05-08T15:22:56.58218Z",
            "yes_price": 4,
            "no_price": 96,
            "taker_side": "no"
        },
        {
            "trade_id": "82edac3e-d008-4cc6-bfe6-664f14a7004b",
            "ticker": "KXHIGHNY-25MAY08-B73.5",
            "count": 3,
            "created_time": "2025-05-08T15:22:50.423248Z",
            "yes_price": 4,
            "no_price": 96,
            "taker_side": "no"
        },
        {
            "trade_id": "8463255f-d7f6-4bdf-aa29-b4e7348bf2e3",
            "ticker": "KXHIGHNY-25MAY08-B73.5",
            "count": 3,
            "created_time": "2025-05-08T15:22:32.478609Z",
            "yes_price": 4,
            "no_price": 96,
            "taker_side": "no"
        },
        {
            "trade_id": "c0325c80-61a6-4bc2-9585-f5f2170a36a4",
            "ticker": "KXHIGHNY-25MAY08-B73.5",
            "count": 26,
            "created_time": "2025-05-08T15:22:18.623521Z",
            "yes_price": 5,
            "no_price": 95,
            "taker_side": "no"
        },
        {
            "trade_id": "a3383310-1d78-443e-adbe-183ab7f7bdad",
            "ticker": "KXHIGHNY-25MAY08-B73.5",
            "count": 21,
            "created_time": "2025-05-08T15:22:18.623521Z",
            "yes_price": 6,
            "no_price": 94,
            "taker_side": "no"
        },
        {
            "trade_id": "50e6fd99-6044-4a00-9044-f3bb32a5f8fe",
            "ticker": "KXHIGHNY-25MAY08-B73.5",
            "count": 1,
            "created_time": "2025-05-08T15:17:51.551766Z",
            "yes_price": 7,
            "no_price": 93,
            "taker_side": "yes"
        },
        {
            "trade_id": "4aef79d8-052d-4348-88e5-ed7fdad46189",
            "ticker": "KXHIGHNY-25MAY08-B73.5",
            "count": 6,
            "created_time": "2025-05-08T15:17:51.551766Z",
            "yes_price": 8,
            "no_price": 92,
            "taker_side": "yes"
        },
        {
            "trade_id": "476fc703-6d13-42ac-aa8d-5e3911451ebf",
            "ticker": "KXHIGHNY-25MAY08-B73.5",
            "count": 18,
            "created_time": "2025-05-08T15:17:51.551766Z",
            "yes_price": 7,
            "no_price": 93,
            "taker_side": "yes"
        },
        {
            "trade_id": "d579b2c1-bcee-48c2-b0c5-18f32e883ba4",
            "ticker": "KXHIGHNY-25MAY08-B73.5",
            "count": 6,
            "created_time": "2025-05-08T15:17:23.735033Z",
            "yes_price": 8,
            "no_price": 92,
            "taker_side": "yes"
        },
        {
            "trade_id": "b584e7c9-3834-44fc-b063-1ed014f95f2f",
            "ticker": "KXHIGHNY-25MAY08-B73.5",
            "count": 19,
            "created_time": "2025-05-08T15:17:23.735033Z",
            "yes_price": 8,
            "no_price": 92,
            "taker_side": "yes"
        },
        {
            "trade_id": "8d1c3e8f-ae05-4bf8-b7e7-d3e4dcd0874d",
            "ticker": "KXHIGHNY-25MAY08-B73.5",
            "count": 6,
            "created_time": "2025-05-08T15:17:23.735033Z",
            "yes_price": 8,
            "no_price": 92,
            "taker_side": "yes"
        },
        {
            "trade_id": "e6ad4c35-1b56-4b7f-996e-26dc4eb18f1c",
            "ticker": "KXHIGHNY-25MAY08-B73.5",
            "count": 16,
            "created_time": "2025-05-08T15:16:35.750832Z",
            "yes_price": 7,
            "no_price": 93,
            "taker_side": "no"
        },
        {
            "trade_id": "6a41965f-3486-44d4-aed0-8e3c1ac9601e",
            "ticker": "KXHIGHNY-25MAY08-B73.5",
            "count": 50,
            "created_time": "2025-05-08T15:16:35.750832Z",
            "yes_price": 6,
            "no_price": 94,
            "taker_side": "no"
        },
        {
            "trade_id": "3359b1cd-dd56-4b70-99e7-1d933826fe7e",
            "ticker": "KXHIGHNY-25MAY08-B73.5",
            "count": 19,
            "created_time": "2025-05-08T15:16:35.750832Z",
            "yes_price": 6,
            "no_price": 94,
            "taker_side": "no"
        },
        {
            "trade_id": "5081cea2-421d-4315-8125-1feeeca14818",
            "ticker": "KXHIGHNY-25MAY08-B73.5",
            "count": 1,
            "created_time": "2025-05-08T15:16:31.050776Z",
            "yes_price": 8,
            "no_price": 92,
            "taker_side": "yes"
        },
        {
            "trade_id": "abb1a0ba-41b0-4ae8-a236-9fcbeb63f1d3",
            "ticker": "KXHIGHNY-25MAY08-B73.5",
            "count": 2,
            "created_time": "2025-05-08T15:15:50.44571Z",
            "yes_price": 9,
            "no_price": 91,
            "taker_side": "yes"
        },
        {
            "trade_id": "a789e132-8005-4905-81cd-9a4ae9af2b87",
            "ticker": "KXHIGHNY-25MAY08-B73.5",
            "count": 16,
            "created_time": "2025-05-08T15:15:50.44571Z",
            "yes_price": 8,
            "no_price": 92,
            "taker_side": "yes"
        },
        {
            "trade_id": "71894fdd-b496-42cf-b49f-ea763462e050",
            "ticker": "KXHIGHNY-25MAY08-B73.5",
            "count": 11,
            "created_time": "2025-05-08T15:15:50.44571Z",
            "yes_price": 7,
            "no_price": 93,
            "taker_side": "yes"
        },
        {
            "trade_id": "e77a779a-6769-4bb1-bb81-babba850c069",
            "ticker": "KXHIGHNY-25MAY08-B73.5",
            "count": 13,
            "created_time": "2025-05-08T15:13:44.663443Z",
            "yes_price": 7,
            "no_price": 93,
            "taker_side": "no"
        },
        {
            "trade_id": "cb0e9090-2957-4c93-87d9-c0c7a0d2d7ba",
            "ticker": "KXHIGHNY-25MAY08-B73.5",
            "count": 8,
            "created_time": "2025-05-08T15:13:44.663443Z",
            "yes_price": 9,
            "no_price": 91,
            "taker_side": "no"
        },
        {
            "trade_id": "c57a375a-896d-45df-b510-833d006833dc",
            "ticker": "KXHIGHNY-25MAY08-B73.5",
            "count": 12,
            "created_time": "2025-05-08T15:13:44.663443Z",
            "yes_price": 8,
            "no_price": 92,
            "taker_side": "no"
        },
        {
            "trade_id": "bd3a9c22-f90c-4664-b675-1f279f679586",
            "ticker": "KXHIGHNY-25MAY08-B73.5",
            "count": 28,
            "created_time": "2025-05-08T15:13:44.663443Z",
            "yes_price": 6,
            "no_price": 94,
            "taker_side": "no"
        },
        {
            "trade_id": "89fc9032-1fac-4b0b-91f7-b7a24410e091",
            "ticker": "KXHIGHNY-25MAY08-B73.5",
            "count": 16,
            "created_time": "2025-05-08T15:13:44.663443Z",
            "yes_price": 6,
            "no_price": 94,
            "taker_side": "no"
        },
        {
            "trade_id": "15243dc5-4197-431a-8f65-b37cc230df34",
            "ticker": "KXHIGHNY-25MAY08-B73.5",
            "count": 11,
            "created_time": "2025-05-08T15:10:21.755777Z",
            "yes_price": 9,
            "no_price": 91,
            "taker_side": "no"
        },
        {
            "trade_id": "fab955a7-b310-4936-bf5a-47522a6e60bd",
            "ticker": "KXHIGHNY-25MAY08-B73.5",
            "count": 9,
            "created_time": "2025-05-08T15:09:29.381164Z",
            "yes_price": 10,
            "no_price": 90,
            "taker_side": "yes"
        },
        {
            "trade_id": "9867311f-89eb-4afe-9f7c-47e44ff11fff",
            "ticker": "KXHIGHNY-25MAY08-B73.5",
            "count": 5,
            "created_time": "2025-05-08T15:08:34.713361Z",
            "yes_price": 12,
            "no_price": 88,
            "taker_side": "no"
        },
        {
            "trade_id": "14968613-c545-4887-a7af-347c21d8ee6e",
            "ticker": "KXHIGHNY-25MAY08-B73.5",
            "count": 5,
            "created_time": "2025-05-08T15:08:34.713361Z",
            "yes_price": 13,
            "no_price": 87,
            "taker_side": "no"
        },
        {
            "trade_id": "dcd735df-3469-4f4e-8abe-76dda586f114",
            "ticker": "KXHIGHNY-25MAY08-B73.5",
            "count": 2,
            "created_time": "2025-05-08T15:07:59.742213Z",
            "yes_price": 14,
            "no_price": 86,
            "taker_side": "no"
        },
        {
            "trade_id": "e9b62936-a49d-4156-8938-79bf8945101f",
            "ticker": "KXHIGHNY-25MAY08-B73.5",
            "count": 5,
            "created_time": "2025-05-08T15:07:38.318789Z",
            "yes_price": 14,
            "no_price": 86,
            "taker_side": "no"
        },
        {
            "trade_id": "0ac40488-6f55-48c6-93c8-653e6231523c",
            "ticker": "KXHIGHNY-25MAY08-B73.5",
            "count": 2,
            "created_time": "2025-05-08T15:07:37.478157Z",
            "yes_price": 14,
            "no_price": 86,
            "taker_side": "no"
        },
        {
            "trade_id": "49c932df-ccf4-4073-861f-17cef3bfb7c6",
            "ticker": "KXHIGHNY-25MAY08-B73.5",
            "count": 4,
            "created_time": "2025-05-08T15:05:33.930604Z",
            "yes_price": 9,
            "no_price": 91,
            "taker_side": "no"
        },
        {
            "trade_id": "ff2f83c7-5834-4b72-9b3c-558f706ecf82",
            "ticker": "KXHIGHNY-25MAY08-B73.5",
            "count": 41,
            "created_time": "2025-05-08T15:04:43.908386Z",
            "yes_price": 9,
            "no_price": 91,
            "taker_side": "no"
        },
        {
            "trade_id": "991c72d3-465a-46d8-aed5-52d0526da884",
            "ticker": "KXHIGHNY-25MAY08-B73.5",
            "count": 40,
            "created_time": "2025-05-08T15:00:29.739986Z",
            "yes_price": 10,
            "no_price": 90,
            "taker_side": "yes"
        },
        {
            "trade_id": "ef5dc6f9-6fea-4112-a508-c30a24624d68",
            "ticker": "KXHIGHNY-25MAY08-B73.5",
            "count": 1,
            "created_time": "2025-05-08T15:00:14.540466Z",
            "yes_price": 10,
            "no_price": 90,
            "taker_side": "no"
        },
        {
            "trade_id": "c2f19e9e-e433-4675-9c39-db1783cab817",
            "ticker": "KXHIGHNY-25MAY08-B73.5",
            "count": 25,
            "created_time": "2025-05-08T14:59:28.65206Z",
            "yes_price": 10,
            "no_price": 90,
            "taker_side": "no"
        },
        {
            "trade_id": "4ea5e337-6c12-4836-9a59-81fa070ec94b",
            "ticker": "KXHIGHNY-25MAY08-B73.5",
            "count": 6,
            "created_time": "2025-05-08T14:59:28.65206Z",
            "yes_price": 10,
            "no_price": 90,
            "taker_side": "no"
        },
        {
            "trade_id": "54a1949d-d779-4ebb-bc8b-9fcb52724854",
            "ticker": "KXHIGHNY-25MAY08-B73.5",
            "count": 11,
            "created_time": "2025-05-08T14:53:18.734908Z",
            "yes_price": 18,
            "no_price": 82,
            "taker_side": "yes"
        },
        {
            "trade_id": "31531221-1572-4cc4-89da-a4dad6d1566b",
            "ticker": "KXHIGHNY-25MAY08-B73.5",
            "count": 4,
            "created_time": "2025-05-08T14:52:25.589077Z",
            "yes_price": 19,
            "no_price": 81,
            "taker_side": "yes"
        },
        {
            "trade_id": "84e8bc9e-a00c-472c-bb92-a0ef1f83ca47",
            "ticker": "KXHIGHNY-25MAY08-B73.5",
            "count": 50,
            "created_time": "2025-05-08T14:39:12.935156Z",
            "yes_price": 14,
            "no_price": 86,
            "taker_side": "yes"
        },
        {
            "trade_id": "a6dc19db-e84a-4b0b-9efb-b6a3a3bc6be4",
            "ticker": "KXHIGHNY-25MAY08-B73.5",
            "count": 39,
            "created_time": "2025-05-08T14:37:54.646756Z",
            "yes_price": 12,
            "no_price": 88,
            "taker_side": "yes"
        },
        {
            "trade_id": "c6ea287d-7774-445b-b4fc-68f320e99b55",
            "ticker": "KXHIGHNY-25MAY08-B73.5",
            "count": 362,
            "created_time": "2025-05-08T14:32:16.64196Z",
            "yes_price": 12,
            "no_price": 88,
            "taker_side": "yes"
        },
        {
            "trade_id": "901ac83a-1a33-47b3-b96a-acdd0d0d4fb3",
            "ticker": "KXHIGHNY-25MAY08-B73.5",
            "count": 39,
            "created_time": "2025-05-08T14:31:17.990866Z",
            "yes_price": 9,
            "no_price": 91,
            "taker_side": "yes"
        },
        {
            "trade_id": "411b0345-3a62-45db-a128-ff75bb569d7e",
            "ticker": "KXHIGHNY-25MAY08-B73.5",
            "count": 10,
            "created_time": "2025-05-08T14:22:03.228192Z",
            "yes_price": 9,
            "no_price": 91,
            "taker_side": "yes"
        },
        {
            "trade_id": "138f85a8-0c19-4435-993c-4293557307dd",
            "ticker": "KXHIGHNY-25MAY08-B73.5",
            "count": 1,
            "created_time": "2025-05-08T14:19:13.836221Z",
            "yes_price": 9,
            "no_price": 91,
            "taker_side": "yes"
        },
        {
            "trade_id": "635fabbc-ade5-4e58-96b4-0efa45ef0928",
            "ticker": "KXHIGHNY-25MAY08-B73.5",
            "count": 2,
            "created_time": "2025-05-08T14:17:35.595438Z",
            "yes_price": 3,
            "no_price": 97,
            "taker_side": "no"
        },
        {
            "trade_id": "fba9cab9-ab10-4227-8a7c-51e33fc0093d",
            "ticker": "KXHIGHNY-25MAY08-B73.5",
            "count": 75,
            "created_time": "2025-05-08T14:11:41.386175Z",
            "yes_price": 10,
            "no_price": 90,
            "taker_side": "yes"
        },
        {
            "trade_id": "513c1c9b-7bbb-43d1-b04a-6195fe0e69f7",
            "ticker": "KXHIGHNY-25MAY08-B73.5",
            "count": 47,
            "created_time": "2025-05-08T14:10:10.533714Z",
            "yes_price": 10,
            "no_price": 90,
            "taker_side": "yes"
        },
        {
            "trade_id": "b3439465-fb81-4b82-a87d-e99e312c943a",
            "ticker": "KXHIGHNY-25MAY08-B73.5",
            "count": 10,
            "created_time": "2025-05-08T14:09:55.798225Z",
            "yes_price": 9,
            "no_price": 91,
            "taker_side": "yes"
        },
        {
            "trade_id": "4a3a5a8c-0f60-4d28-9f5c-e0489b5b5dd0",
            "ticker": "KXHIGHNY-25MAY08-B73.5",
            "count": 92,
            "created_time": "2025-05-08T14:09:55.798225Z",
            "yes_price": 8,
            "no_price": 92,
            "taker_side": "yes"
        },
        {
            "trade_id": "5a6b6925-5362-48eb-bb38-d1906c96d357",
            "ticker": "KXHIGHNY-25MAY08-B73.5",
            "count": 6,
            "created_time": "2025-05-08T14:09:17.053376Z",
            "yes_price": 3,
            "no_price": 97,
            "taker_side": "no"
        },
        {
            "trade_id": "f9534aee-2555-4ffa-863d-e6a0f3833507",
            "ticker": "KXHIGHNY-25MAY08-B73.5",
            "count": 2,
            "created_time": "2025-05-08T14:09:15.834574Z",
            "yes_price": 5,
            "no_price": 95,
            "taker_side": "no"
        },
        {
            "trade_id": "1e492358-edfc-4c0a-b8e9-6e3051d789d8",
            "ticker": "KXHIGHNY-25MAY08-B73.5",
            "count": 15,
            "created_time": "2025-05-08T14:09:14.443126Z",
            "yes_price": 5,
            "no_price": 95,
            "taker_side": "no"
        },
        {
            "trade_id": "922c755b-1649-4620-b205-e783e76f738e",
            "ticker": "KXHIGHNY-25MAY08-B73.5",
            "count": 25,
            "created_time": "2025-05-08T14:09:13.437448Z",
            "yes_price": 4,
            "no_price": 96,
            "taker_side": "no"
        },
        {
            "trade_id": "a2f70ad7-2ac7-4534-a0b0-48664c6af0c1",
            "ticker": "KXHIGHNY-25MAY08-B73.5",
            "count": 1,
            "created_time": "2025-05-08T14:09:10.01507Z",
            "yes_price": 6,
            "no_price": 94,
            "taker_side": "no"
        },
        {
            "trade_id": "70bf8e17-d43d-459e-ae3e-899d4cb2eb83",
            "ticker": "KXHIGHNY-25MAY08-B73.5",
            "count": 1,
            "created_time": "2025-05-08T14:09:08.733776Z",
            "yes_price": 6,
            "no_price": 94,
            "taker_side": "no"
        },
        {
            "trade_id": "94d5087e-88af-4836-899a-dddf6524b70e",
            "ticker": "KXHIGHNY-25MAY08-B73.5",
            "count": 6,
            "created_time": "2025-05-08T14:08:51.028506Z",
            "yes_price": 6,
            "no_price": 94,
            "taker_side": "no"
        },
        {
            "trade_id": "e7711d38-3f29-4351-94e2-53300d2684ae",
            "ticker": "KXHIGHNY-25MAY08-B73.5",
            "count": 40,
            "created_time": "2025-05-08T14:08:50.735503Z",
            "yes_price": 6,
            "no_price": 94,
            "taker_side": "no"
        },
        {
            "trade_id": "34261633-8279-40d3-8b69-05e5da7dc993",
            "ticker": "KXHIGHNY-25MAY08-B73.5",
            "count": 11,
            "created_time": "2025-05-08T14:08:50.735503Z",
            "yes_price": 6,
            "no_price": 94,
            "taker_side": "no"
        },
        {
            "trade_id": "f408e1c6-df14-4dbc-a038-a770b0f82bd3",
            "ticker": "KXHIGHNY-25MAY08-B73.5",
            "count": 15,
            "created_time": "2025-05-08T14:08:32.625997Z",
            "yes_price": 7,
            "no_price": 93,
            "taker_side": "no"
        },
        {
            "trade_id": "fd6b6341-0c19-48b4-a184-2d502e1e12bd",
            "ticker": "KXHIGHNY-25MAY08-B73.5",
            "count": 10,
            "created_time": "2025-05-08T14:08:11.418173Z",
            "yes_price": 7,
            "no_price": 93,
            "taker_side": "no"
        },
        {
            "trade_id": "e9769898-d07c-4629-982e-08a809707839",
            "ticker": "KXHIGHNY-25MAY08-B73.5",
            "count": 20,
            "created_time": "2025-05-08T14:07:49.931862Z",
            "yes_price": 8,
            "no_price": 92,
            "taker_side": "no"
        },
        {
            "trade_id": "3ed53649-cc97-47b1-857d-2d356df015b5",
            "ticker": "KXHIGHNY-25MAY08-B73.5",
            "count": 16,
            "created_time": "2025-05-08T14:07:38.118233Z",
            "yes_price": 10,
            "no_price": 90,
            "taker_side": "yes"
        },
        {
            "trade_id": "93f0f3d7-9b13-4f59-a5f1-ab1c14ce9137",
            "ticker": "KXHIGHNY-25MAY08-B73.5",
            "count": 7,
            "created_time": "2025-05-08T14:03:12.56873Z",
            "yes_price": 9,
            "no_price": 91,
            "taker_side": "yes"
        },
        {
            "trade_id": "f795f5ed-2206-4696-b17e-c5315498ca14",
            "ticker": "KXHIGHNY-25MAY08-B73.5",
            "count": 7,
            "created_time": "2025-05-08T13:55:57.106353Z",
            "yes_price": 10,
            "no_price": 90,
            "taker_side": "no"
        },
        {
            "trade_id": "61ee9b40-ec1f-4fe9-b2fa-1d4a76613486",
            "ticker": "KXHIGHNY-25MAY08-B73.5",
            "count": 21,
            "created_time": "2025-05-08T13:55:57.106353Z",
            "yes_price": 10,
            "no_price": 90,
            "taker_side": "no"
        },
        {
            "trade_id": "36f6711c-9917-469a-b7ee-eacabffaa4c7",
            "ticker": "KXHIGHNY-25MAY08-B73.5",
            "count": 2,
            "created_time": "2025-05-08T13:54:27.009083Z",
            "yes_price": 13,
            "no_price": 87,
            "taker_side": "yes"
        },
        {
            "trade_id": "05102fd4-433b-4eb0-852b-1001d8d04cfa",
            "ticker": "KXHIGHNY-25MAY08-B73.5",
            "count": 48,
            "created_time": "2025-05-08T13:54:27.009083Z",
            "yes_price": 13,
            "no_price": 87,
            "taker_side": "yes"
        },
        {
            "trade_id": "ba433a44-8bfa-4d8e-b0a4-83c23275756d",
            "ticker": "KXHIGHNY-25MAY08-B73.5",
            "count": 25,
            "created_time": "2025-05-08T13:54:09.132582Z",
            "yes_price": 13,
            "no_price": 87,
            "taker_side": "no"
        },
        {
            "trade_id": "69007714-c6a2-42de-9ed4-2da406e4cccb",
            "ticker": "KXHIGHNY-25MAY08-B73.5",
            "count": 16,
            "created_time": "2025-05-08T13:49:03.97148Z",
            "yes_price": 12,
            "no_price": 88,
            "taker_side": "no"
        },
        {
            "trade_id": "d8e9e778-6f85-43a3-af9d-0008e6241fa0",
            "ticker": "KXHIGHNY-25MAY08-B73.5",
            "count": 2,
            "created_time": "2025-05-08T13:48:20.210463Z",
            "yes_price": 17,
            "no_price": 83,
            "taker_side": "yes"
        },
        {
            "trade_id": "a97ceea0-bcc7-4a66-a5b6-7df3e87befbc",
            "ticker": "KXHIGHNY-25MAY08-B73.5",
            "count": 25,
            "created_time": "2025-05-08T13:48:20.210463Z",
            "yes_price": 15,
            "no_price": 85,
            "taker_side": "yes"
        },
        {
            "trade_id": "47c824d6-139b-483c-94d3-0680280a05f9",
            "ticker": "KXHIGHNY-25MAY08-B73.5",
            "count": 48,
            "created_time": "2025-05-08T13:48:20.210463Z",
            "yes_price": 17,
            "no_price": 83,
            "taker_side": "yes"
        },
        {
            "trade_id": "3fca5bd1-9b4d-496a-9703-525d6d15ee1b",
            "ticker": "KXHIGHNY-25MAY08-B73.5",
            "count": 25,
            "created_time": "2025-05-08T13:48:20.210463Z",
            "yes_price": 17,
            "no_price": 83,
            "taker_side": "yes"
        },
        {
            "trade_id": "25bf86e7-6e06-444d-8742-7c7d17170842",
            "ticker": "KXHIGHNY-25MAY08-B73.5",
            "count": 50,
            "created_time": "2025-05-08T13:48:20.210463Z",
            "yes_price": 15,
            "no_price": 85,
            "taker_side": "yes"
        },
        {
            "trade_id": "bf87b05b-a3f3-4b97-bc0d-a72d57aa12b0",
            "ticker": "KXHIGHNY-25MAY08-B73.5",
            "count": 68,
            "created_time": "2025-05-08T13:47:02.742321Z",
            "yes_price": 12,
            "no_price": 88,
            "taker_side": "no"
        },
        {
            "trade_id": "ee8bf930-b236-4744-a370-9adb2d596d92",
            "ticker": "KXHIGHNY-25MAY08-B73.5",
            "count": 54,
            "created_time": "2025-05-08T13:40:10.544153Z",
            "yes_price": 14,
            "no_price": 86,
            "taker_side": "yes"
        },
        {
            "trade_id": "46fd36ec-ee4e-4bef-a27f-45aca74976d0",
            "ticker": "KXHIGHNY-25MAY08-B73.5",
            "count": 7,
            "created_time": "2025-05-08T13:40:10.544153Z",
            "yes_price": 14,
            "no_price": 86,
            "taker_side": "yes"
        },
        {
            "trade_id": "668c290f-009e-4e73-a387-1014e47aaebd",
            "ticker": "KXHIGHNY-25MAY08-B73.5",
            "count": 35,
            "created_time": "2025-05-08T13:36:55.071334Z",
            "yes_price": 13,
            "no_price": 87,
            "taker_side": "no"
        },
        {
            "trade_id": "21c9a179-62a1-456c-ae96-f80dcb1ab802",
            "ticker": "KXHIGHNY-25MAY08-B73.5",
            "count": 14,
            "created_time": "2025-05-08T13:33:19.93976Z",
            "yes_price": 14,
            "no_price": 86,
            "taker_side": "no"
        },
        {
            "trade_id": "0d6306d9-7be5-481f-b424-0c17d8403fb2",
            "ticker": "KXHIGHNY-25MAY08-B73.5",
            "count": 11,
            "created_time": "2025-05-08T13:33:19.93976Z",
            "yes_price": 13,
            "no_price": 87,
            "taker_side": "no"
        },
        {
            "trade_id": "cc79c747-aa41-413e-a1f6-4974b4afa0e2",
            "ticker": "KXHIGHNY-25MAY08-B73.5",
            "count": 23,
            "created_time": "2025-05-08T13:23:23.487358Z",
            "yes_price": 15,
            "no_price": 85,
            "taker_side": "no"
        },
        {
            "trade_id": "6acad913-a176-4272-9bf0-4a1691a625b7",
            "ticker": "KXHIGHNY-25MAY08-B73.5",
            "count": 40,
            "created_time": "2025-05-08T13:23:23.487358Z",
            "yes_price": 14,
            "no_price": 86,
            "taker_side": "no"
        },
        {
            "trade_id": "ef529e15-1d82-4b39-bfb6-45be63cb7802",
            "ticker": "KXHIGHNY-25MAY08-B73.5",
            "count": 8,
            "created_time": "2025-05-08T13:21:47.253808Z",
            "yes_price": 14,
            "no_price": 86,
            "taker_side": "yes"
        },
        {
            "trade_id": "dab5b841-571f-49aa-9fa8-fd8ad8a756e9",
            "ticker": "KXHIGHNY-25MAY08-B73.5",
            "count": 92,
            "created_time": "2025-05-08T13:21:42.789062Z",
            "yes_price": 14,
            "no_price": 86,
            "taker_side": "no"
        },
        {
            "trade_id": "bcc94216-e476-4fee-a3c9-967c69e7c769",
            "ticker": "KXHIGHNY-25MAY08-B73.5",
            "count": 2,
            "created_time": "2025-05-08T13:17:19.579731Z",
            "yes_price": 15,
            "no_price": 85,
            "taker_side": "no"
        },
        {
            "trade_id": "b2ada35c-fa41-46cc-bfa9-c2f276eeca67",
            "ticker": "KXHIGHNY-25MAY08-B73.5",
            "count": 24,
            "created_time": "2025-05-08T13:17:19.579731Z",
            "yes_price": 15,
            "no_price": 85,
            "taker_side": "no"
        },
        {
            "trade_id": "5a4f058d-6fa1-46b6-83b6-48605ee099eb",
            "ticker": "KXHIGHNY-25MAY08-B73.5",
            "count": 7,
            "created_time": "2025-05-08T13:17:19.579731Z",
            "yes_price": 14,
            "no_price": 86,
            "taker_side": "no"
        },
        {
            "trade_id": "cc628ccf-2f98-44ac-9bdb-86f0fb8ce6f9",
            "ticker": "KXHIGHNY-25MAY08-B73.5",
            "count": 10,
            "created_time": "2025-05-08T13:16:42.237505Z",
            "yes_price": 19,
            "no_price": 81,
            "taker_side": "yes"
        },
        {
            "trade_id": "8c53dd7b-6d5b-447d-b871-93c3fd2a7d07",
            "ticker": "KXHIGHNY-25MAY08-B73.5",
            "count": 186,
            "created_time": "2025-05-08T13:05:30.353671Z",
            "yes_price": 21,
            "no_price": 79,
            "taker_side": "yes"
        },
        {
            "trade_id": "85195a8e-a371-4c30-9f59-8e6d9dfa6cca",
            "ticker": "KXHIGHNY-25MAY08-B73.5",
            "count": 40,
            "created_time": "2025-05-08T13:05:30.353671Z",
            "yes_price": 18,
            "no_price": 82,
            "taker_side": "yes"
        },
        {
            "trade_id": "71a6bbbb-2dc8-41f2-b079-b1bd9f51fe39",
            "ticker": "KXHIGHNY-25MAY08-B73.5",
            "count": 200,
            "created_time": "2025-05-08T13:05:30.353671Z",
            "yes_price": 19,
            "no_price": 81,
            "taker_side": "yes"
        },
        {
            "trade_id": "4cd4c498-8209-4378-b07a-a61283212b77",
            "ticker": "KXHIGHNY-25MAY08-B73.5",
            "count": 4,
            "created_time": "2025-05-08T13:05:30.353671Z",
            "yes_price": 17,
            "no_price": 83,
            "taker_side": "yes"
        },
        {
            "trade_id": "4b76547e-c022-421d-820b-76010651c67b",
            "ticker": "KXHIGHNY-25MAY08-B73.5",
            "count": 50,
            "created_time": "2025-05-08T13:05:30.353671Z",
            "yes_price": 17,
            "no_price": 83,
            "taker_side": "yes"
        },
        {
            "trade_id": "341032ce-f393-45cd-9556-bf6d925f57ee",
            "ticker": "KXHIGHNY-25MAY08-B73.5",
            "count": 7,
            "created_time": "2025-05-08T13:05:30.353671Z",
            "yes_price": 16,
            "no_price": 84,
            "taker_side": "yes"
        },
        {
            "trade_id": "d02f4f1e-06b8-41e5-9ff6-6db10bafca7b",
            "ticker": "KXHIGHNY-25MAY08-B73.5",
            "count": 11,
            "created_time": "2025-05-08T13:02:29.858901Z",
            "yes_price": 17,
            "no_price": 83,
            "taker_side": "yes"
        },
        {
            "trade_id": "fc4d75ee-ea28-4dba-8de3-17b62b65109d",
            "ticker": "KXHIGHNY-25MAY08-B73.5",
            "count": 7,
            "created_time": "2025-05-08T13:02:09.567619Z",
            "yes_price": 13,
            "no_price": 87,
            "taker_side": "no"
        },
        {
            "trade_id": "8d2dad0a-69d6-4aa7-95fe-43796841fd4b",
            "ticker": "KXHIGHNY-25MAY08-B73.5",
            "count": 4,
            "created_time": "2025-05-08T13:02:09.567619Z",
            "yes_price": 14,
            "no_price": 86,
            "taker_side": "no"
        },
        {
            "trade_id": "6d4cc4e1-d694-4d6f-948f-c7653cab2388",
            "ticker": "KXHIGHNY-25MAY08-B73.5",
            "count": 3,
            "created_time": "2025-05-08T13:02:09.567619Z",
            "yes_price": 15,
            "no_price": 85,
            "taker_side": "no"
        },
        {
            "trade_id": "59344df5-afec-42bb-97f4-ef40ae86c81d",
            "ticker": "KXHIGHNY-25MAY08-B73.5",
            "count": 3,
            "created_time": "2025-05-08T13:02:09.567619Z",
            "yes_price": 16,
            "no_price": 84,
            "taker_side": "no"
        },
        {
            "trade_id": "22ff1779-6ed4-4d72-b122-a8c3fd3e1d87",
            "ticker": "KXHIGHNY-25MAY08-B73.5",
            "count": 4,
            "created_time": "2025-05-08T13:02:09.567619Z",
            "yes_price": 13,
            "no_price": 87,
            "taker_side": "no"
        },
        {
            "trade_id": "1378e65d-3cef-4237-a47b-aea1778ed99c",
            "ticker": "KXHIGHNY-25MAY08-B73.5",
            "count": 23,
            "created_time": "2025-05-08T13:02:09.567619Z",
            "yes_price": 13,
            "no_price": 87,
            "taker_side": "no"
        },
        {
            "trade_id": "5d291626-2fb1-43bf-a8c0-d1ed4885af8c",
            "ticker": "KXHIGHNY-25MAY08-B73.5",
            "count": 4,
            "created_time": "2025-05-08T12:56:09.881177Z",
            "yes_price": 17,
            "no_price": 83,
            "taker_side": "yes"
        },
        {
