{
    "KXHIGHNY-25JAN04-T31": [],
    "KXHIGHNY-25JAN04-B31.5": [
        {
            "trade_id": "872f5f13-5533-41fb-b819-07af0b52cc5a",
            "ticker": "KXHIGHNY-25JAN04-B31.5",
            "count": 10,
            "created_time": "2025-01-05T03:24:40.767175Z",
            "yes_price": 1,
            "no_price": 99,
            "taker_side": "yes"
        },
        {
            "trade_id": "ec7cd35e-6225-46d9-98de-75b30039802e",
            "ticker": "KXHIGHNY-25JAN04-B31.5",
            "count": 800,
            "created_time": "2025-01-04T18:57:48.517112Z",
            "yes_price": 1,
            "no_price": 99,
            "taker_side": "yes"
        },
        {
            "trade_id": "7a9e640a-283a-4415-a40a-734f64d8d2e8",
            "ticker": "KXHIGHNY-25JAN04-B31.5",
            "count": 520,
            "created_time": "2025-01-04T17:57:38.818621Z",
            "yes_price": 1,
            "no_price": 99,
            "taker_side": "yes"
        },
        {
            "trade_id": "e66854ef-6778-46cf-899b-b3befe7462a2",
            "ticker": "KXHIGHNY-25JAN04-B31.5",
            "count": 3469,
            "created_time": "2025-01-04T17:54:10.415227Z",
            "yes_price": 1,
            "no_price": 99,
            "taker_side": "no"
        },
        {
            "trade_id": "6077be1c-e4cd-4ada-b305-866eb9438f0b",
            "ticker": "KXHIGHNY-25JAN04-B31.5",
            "count": 780,
            "created_time": "2025-01-04T17:54:09.098862Z",
            "yes_price": 1,
            "no_price": 99,
            "taker_side": "no"
        },
        {
            "trade_id": "ec1f792f-2cd7-4761-a670-5d8cba8d7a4d",
            "ticker": "KXHIGHNY-25JAN04-B31.5",
            "count": 100,
            "created_time": "2025-01-04T17:53:42.336153Z",
            "yes_price": 2,
            "no_price": 98,
            "taker_side": "yes"
        },
        {
            "trade_id": "da516805-3b51-4592-bbef-452056a27a37",
            "ticker": "KXHIGHNY-25JAN04-B31.5",
            "count": 50,
            "created_time": "2025-01-04T17:50:48.848544Z",
            "yes_price": 2,
            "no_price": 98,
            "taker_side": "no"
        },
        {
            "trade_id": "789b0384-98f7-43e3-9bf0-a87a68d150fc",
            "ticker": "KXHIGHNY-25JAN04-B31.5",
            "count": 13,
            "created_time": "2025-01-04T17:50:48.848544Z",
            "yes_price": 1,
            "no_price": 99,
            "taker_side": "no"
        },
        {
            "trade_id": "62915e0b-827d-4862-8033-2abace64ab7c",
            "ticker": "KXHIGHNY-25JAN04-B31.5",
            "count": 937,
            "created_time": "2025-01-04T17:50:48.848544Z",
            "yes_price": 1,
            "no_price": 99,
            "taker_side": "no"
        },
        {
            "trade_id": "3c90d379-c6c7-4a75-a286-9e47f8e508a9",
            "ticker": "KXHIGHNY-25JAN04-B31.5",
            "count": 1000,
            "created_time": "2025-01-04T17:50:48.848544Z",
            "yes_price": 1,
            "no_price": 99,
            "taker_side": "no"
        },
        {
            "trade_id": "81c98c61-b79d-4022-8e63-82b5482fd63f",
            "ticker": "KXHIGHNY-25JAN04-B31.5",
            "count": 62,
            "created_time": "2025-01-04T17:43:48.976322Z",
            "yes_price": 2,
            "no_price": 98,
            "taker_side": "no"
        },
        {
            "trade_id": "649573d2-38cb-45dc-850e-e4a2e4e161f9",
            "ticker": "KXHIGHNY-25JAN04-B31.5",
            "count": 100,
            "created_time": "2025-01-04T17:43:48.976322Z",
            "yes_price": 2,
            "no_price": 98,
            "taker_side": "no"
        },
        {
            "trade_id": "d6ca6747-951f-4178-9a10-49e94f648b4d",
            "ticker": "KXHIGHNY-25JAN04-B31.5",
            "count": 7,
            "created_time": "2025-01-04T17:42:09.486634Z",
            "yes_price": 3,
            "no_price": 97,
            "taker_side": "yes"
        },
        {
            "trade_id": "1de52057-0f41-40ac-9c3f-d775a8c22fab",
            "ticker": "KXHIGHNY-25JAN04-B31.5",
            "count": 400,
            "created_time": "2025-01-04T17:40:08.172485Z",
            "yes_price": 2,
            "no_price": 98,
            "taker_side": "no"
        },
        {
            "trade_id": "050bf56b-0f62-4e47-bca2-75cd0a7f89af",
            "ticker": "KXHIGHNY-25JAN04-B31.5",
            "count": 100,
            "created_time": "2025-01-04T17:40:08.172485Z",
            "yes_price": 2,
            "no_price": 98,
            "taker_side": "no"
        },
        {
            "trade_id": "65f36c45-00fe-40b9-a72e-a0cfc293d1c6",
            "ticker": "KXHIGHNY-25JAN04-B31.5",
            "count": 300,
            "created_time": "2025-01-04T17:38:38.381921Z",
            "yes_price": 3,
            "no_price": 97,
            "taker_side": "no"
        },
        {
            "trade_id": "cc151d95-cdd6-49d5-9f1b-d09e5b716868",
            "ticker": "KXHIGHNY-25JAN04-B31.5",
            "count": 33,
            "created_time": "2025-01-04T17:38:20.886678Z",
            "yes_price": 3,
            "no_price": 97,
            "taker_side": "no"
        },
        {
            "trade_id": "7169f67f-9346-4005-ac01-11c53f6c9060",
            "ticker": "KXHIGHNY-25JAN04-B31.5",
            "count": 33,
            "created_time": "2025-01-04T17:38:20.434963Z",
            "yes_price": 3,
            "no_price": 97,
            "taker_side": "no"
        },
        {
            "trade_id": "511b966e-27af-4397-ac8f-9d54ed04dcd4",
            "ticker": "KXHIGHNY-25JAN04-B31.5",
            "count": 967,
            "created_time": "2025-01-04T17:38:20.434963Z",
            "yes_price": 3,
            "no_price": 97,
            "taker_side": "no"
        },
        {
            "trade_id": "dbb7c29f-9d87-42fe-9218-96d66e63484f",
            "ticker": "KXHIGHNY-25JAN04-B31.5",
            "count": 1,
            "created_time": "2025-01-04T17:38:19.873331Z",
            "yes_price": 5,
            "no_price": 95,
            "taker_side": "no"
        },
        {
            "trade_id": "d34b19e0-a5ff-4c17-9f85-5425744376eb",
            "ticker": "KXHIGHNY-25JAN04-B31.5",
            "count": 338,
            "created_time": "2025-01-04T17:38:13.053755Z",
            "yes_price": 4,
            "no_price": 96,
            "taker_side": "no"
        },
        {
            "trade_id": "a3967840-363e-418d-90c9-9d2082056e33",
            "ticker": "KXHIGHNY-25JAN04-B31.5",
            "count": 16,
            "created_time": "2025-01-04T17:38:04.159207Z",
            "yes_price": 7,
            "no_price": 93,
            "taker_side": "no"
        },
        {
            "trade_id": "ffe487b6-0d31-4588-a2e5-078af3d4009a",
            "ticker": "KXHIGHNY-25JAN04-B31.5",
            "count": 34,
            "created_time": "2025-01-04T17:37:39.212294Z",
            "yes_price": 6,
            "no_price": 94,
            "taker_side": "yes"
        },
        {
            "trade_id": "a4bbb918-ffb4-4c4a-aabf-fccfa16242e6",
            "ticker": "KXHIGHNY-25JAN04-B31.5",
            "count": 250,
            "created_time": "2025-01-04T17:37:39.212294Z",
            "yes_price": 7,
            "no_price": 93,
            "taker_side": "yes"
        },
        {
            "trade_id": "f71fd696-d9cb-4066-ad97-f250a3e3472c",
            "ticker": "KXHIGHNY-25JAN04-B31.5",
            "count": 1195,
            "created_time": "2025-01-04T17:35:56.479318Z",
            "yes_price": 6,
            "no_price": 94,
            "taker_side": "yes"
        },
        {
            "trade_id": "eeab2b68-491c-437b-bc5a-168b8ff33bf9",
            "ticker": "KXHIGHNY-25JAN04-B31.5",
            "count": 442,
            "created_time": "2025-01-04T17:35:50.813785Z",
            "yes_price": 5,
            "no_price": 95,
            "taker_side": "yes"
        },
        {
            "trade_id": "8711bc21-cd57-485c-9728-611584042211",
            "ticker": "KXHIGHNY-25JAN04-B31.5",
            "count": 93,
            "created_time": "2025-01-04T17:34:36.519888Z",
            "yes_price": 2,
            "no_price": 98,
            "taker_side": "no"
        },
        {
            "trade_id": "951dfaa8-6968-46e5-92e8-36865c0f6552",
            "ticker": "KXHIGHNY-25JAN04-B31.5",
            "count": 168,
            "created_time": "2025-01-04T17:30:36.536921Z",
            "yes_price": 2,
            "no_price": 98,
            "taker_side": "no"
        },
        {
            "trade_id": "628b93f2-7a73-41fd-b592-d4bf52d7be9c",
            "ticker": "KXHIGHNY-25JAN04-B31.5",
            "count": 50,
            "created_time": "2025-01-04T17:30:36.536921Z",
            "yes_price": 2,
            "no_price": 98,
            "taker_side": "no"
        },
        {
            "trade_id": "9ec0c331-91d2-4e85-92e6-21a6fd9257c6",
            "ticker": "KXHIGHNY-25JAN04-B31.5",
            "count": 183,
            "created_time": "2025-01-04T17:30:36.247233Z",
            "yes_price": 3,
            "no_price": 97,
            "taker_side": "no"
        },
        {
            "trade_id": "4c029ec3-e3a9-4e1c-8e1b-ad0e6a419274",
            "ticker": "KXHIGHNY-25JAN04-B31.5",
            "count": 145,
            "created_time": "2025-01-04T17:30:36.247233Z",
            "yes_price": 3,
            "no_price": 97,
            "taker_side": "no"
        },
        {
            "trade_id": "1a7fe500-d3f8-47e4-807d-aa4b4859cb7e",
            "ticker": "KXHIGHNY-25JAN04-B31.5",
            "count": 11,
            "created_time": "2025-01-04T17:30:35.615728Z",
            "yes_price": 4,
            "no_price": 96,
            "taker_side": "no"
        },
        {
            "trade_id": "b09f1c78-aa20-43dc-ba89-a910bdf85771",
            "ticker": "KXHIGHNY-25JAN04-B31.5",
            "count": 20,
            "created_time": "2025-01-04T17:30:30.723936Z",
            "yes_price": 4,
            "no_price": 96,
            "taker_side": "no"
        },
        {
            "trade_id": "4da2c536-588a-40f8-8fb9-334e3accbe8c",
            "ticker": "KXHIGHNY-25JAN04-B31.5",
            "count": 80,
            "created_time": "2025-01-04T17:30:30.723936Z",
            "yes_price": 4,
            "no_price": 96,
            "taker_side": "no"
        },
        {
            "trade_id": "bfcd0828-0597-4d41-b954-f228cc38aaaf",
            "ticker": "KXHIGHNY-25JAN04-B31.5",
            "count": 4,
            "created_time": "2025-01-04T17:28:51.844099Z",
            "yes_price": 5,
            "no_price": 95,
            "taker_side": "no"
        },
        {
            "trade_id": "3cac37eb-89de-4bed-b05e-cf573df1e576",
            "ticker": "KXHIGHNY-25JAN04-B31.5",
            "count": 21,
            "created_time": "2025-01-04T17:25:36.427318Z",
            "yes_price": 6,
            "no_price": 94,
            "taker_side": "yes"
        },
        {
            "trade_id": "0aba19a0-be3e-4090-8965-73e34e7ba621",
            "ticker": "KXHIGHNY-25JAN04-B31.5",
            "count": 79,
            "created_time": "2025-01-04T17:25:36.427318Z",
            "yes_price": 5,
            "no_price": 95,
            "taker_side": "yes"
        },
        {
            "trade_id": "3e722490-e990-44d8-af2f-7faf937f0444",
            "ticker": "KXHIGHNY-25JAN04-B31.5",
            "count": 10,
            "created_time": "2025-01-04T17:21:16.045673Z",
            "yes_price": 4,
            "no_price": 96,
            "taker_side": "no"
        },
        {
            "trade_id": "135cdc00-8b83-41fa-9a06-feb2004f8887",
            "ticker": "KXHIGHNY-25JAN04-B31.5",
            "count": 50,
            "created_time": "2025-01-04T17:18:00.089088Z",
            "yes_price": 5,
            "no_price": 95,
            "taker_side": "no"
        },
        {
            "trade_id": "e08b980c-a282-4320-afac-584fcfd68318",
            "ticker": "KXHIGHNY-25JAN04-B31.5",
            "count": 39,
            "created_time": "2025-01-04T17:09:32.22053Z",
            "yes_price": 3,
            "no_price": 97,
            "taker_side": "no"
        },
        {
            "trade_id": "8cf71303-4c24-4677-a3ec-fecc9a9134c2",
            "ticker": "KXHIGHNY-25JAN04-B31.5",
            "count": 126,
            "created_time": "2025-01-04T17:09:32.22053Z",
            "yes_price": 5,
            "no_price": 95,
            "taker_side": "no"
        },
        {
            "trade_id": "881c9bf5-d0c1-4bf1-b48d-3f19eb52e204",
            "ticker": "KXHIGHNY-25JAN04-B31.5",
            "count": 200,
            "created_time": "2025-01-04T17:09:32.22053Z",
            "yes_price": 5,
            "no_price": 95,
            "taker_side": "no"
        },
        {
            "trade_id": "4152cbe0-3dd4-42ec-8d34-8b5ebaae4a02",
            "ticker": "KXHIGHNY-25JAN04-B31.5",
            "count": 155,
            "created_time": "2025-01-04T17:09:32.22053Z",
            "yes_price": 3,
            "no_price": 97,
            "taker_side": "no"
        },
        {
            "trade_id": "f587a5bd-7461-47e6-8fe8-6829f66ced65",
            "ticker": "KXHIGHNY-25JAN04-B31.5",
            "count": 1,
            "created_time": "2025-01-04T17:08:13.088671Z",
            "yes_price": 6,
            "no_price": 94,
            "taker_side": "yes"
        },
        {
            "trade_id": "b07e06a7-505d-4126-9733-1204062ef0cf",
            "ticker": "KXHIGHNY-25JAN04-B31.5",
            "count": 219,
            "created_time": "2025-01-04T17:08:13.088671Z",
            "yes_price": 6,
            "no_price": 94,
            "taker_side": "yes"
        },
        {
            "trade_id": "7d27eee6-25eb-4698-bf89-2cee483a5381",
            "ticker": "KXHIGHNY-25JAN04-B31.5",
            "count": 781,
            "created_time": "2025-01-04T17:07:48.405746Z",
            "yes_price": 6,
            "no_price": 94,
            "taker_side": "yes"
        },
        {
            "trade_id": "47b4dc08-7d13-4c76-a371-10bfc2cf41d6",
            "ticker": "KXHIGHNY-25JAN04-B31.5",
            "count": 10,
            "created_time": "2025-01-04T17:07:30.239528Z",
            "yes_price": 5,
            "no_price": 95,
            "taker_side": "yes"
        },
        {
            "trade_id": "630610fe-4e65-4243-808d-66e092d94c53",
            "ticker": "KXHIGHNY-25JAN04-B31.5",
            "count": 3,
            "created_time": "2025-01-04T17:06:34.568969Z",
            "yes_price": 4,
            "no_price": 96,
            "taker_side": "no"
        },
        {
            "trade_id": "28d7eea1-ef72-479e-b4e2-d4e98e226c86",
            "ticker": "KXHIGHNY-25JAN04-B31.5",
            "count": 312,
            "created_time": "2025-01-04T17:06:33.425306Z",
            "yes_price": 6,
            "no_price": 94,
            "taker_side": "yes"
        },
        {
            "trade_id": "53a8a8d3-8f2f-4db9-9f61-6001b8e3723b",
            "ticker": "KXHIGHNY-25JAN04-B31.5",
            "count": 1,
            "created_time": "2025-01-04T17:06:30.875642Z",
            "yes_price": 4,
            "no_price": 96,
            "taker_side": "no"
        },
        {
            "trade_id": "dd22fac0-489c-411b-b709-2896975e2b03",
            "ticker": "KXHIGHNY-25JAN04-B31.5",
            "count": 950,
            "created_time": "2025-01-04T17:06:23.79364Z",
            "yes_price": 6,
            "no_price": 94,
            "taker_side": "yes"
        },
        {
            "trade_id": "7fc55a87-e652-4b44-a38f-c12c7fe72041",
            "ticker": "KXHIGHNY-25JAN04-B31.5",
            "count": 50,
            "created_time": "2025-01-04T17:06:23.79364Z",
            "yes_price": 6,
            "no_price": 94,
            "taker_side": "yes"
        },
        {
            "trade_id": "dec6f9d5-9dcf-4d6c-9e5b-d6d58f58ea37",
            "ticker": "KXHIGHNY-25JAN04-B31.5",
            "count": 1,
            "created_time": "2025-01-04T17:06:22.829082Z",
            "yes_price": 5,
            "no_price": 95,
            "taker_side": "yes"
        },
        {
            "trade_id": "6db1b95b-12da-4376-9b64-de3eba4480f8",
            "ticker": "KXHIGHNY-25JAN04-B31.5",
            "count": 550,
            "created_time": "2025-01-04T17:06:22.829082Z",
            "yes_price": 5,
            "no_price": 95,
            "taker_side": "yes"
        },
        {
            "trade_id": "e3b0131e-4a72-41bb-be0c-c114d5141328",
            "ticker": "KXHIGHNY-25JAN04-B31.5",
            "count": 200,
            "created_time": "2025-01-04T17:06:04.681272Z",
            "yes_price": 5,
            "no_price": 95,
            "taker_side": "yes"
        },
        {
            "trade_id": "a2a93a77-11a0-449e-af68-b0db5bd5a727",
            "ticker": "KXHIGHNY-25JAN04-B31.5",
            "count": 200,
            "created_time": "2025-01-04T17:05:56.442991Z",
            "yes_price": 5,
            "no_price": 95,
            "taker_side": "yes"
        },
        {
            "trade_id": "73cbd617-9602-4b59-b8cb-92144cd99f3b",
            "ticker": "KXHIGHNY-25JAN04-B31.5",
            "count": 50,
            "created_time": "2025-01-04T17:04:17.928915Z",
            "yes_price": 5,
            "no_price": 95,
            "taker_side": "yes"
        },
        {
            "trade_id": "c983b643-edd6-475b-995c-5bd965a9bf4b",
            "ticker": "KXHIGHNY-25JAN04-B31.5",
            "count": 12,
            "created_time": "2025-01-04T17:03:51.697168Z",
            "yes_price": 4,
            "no_price": 96,
            "taker_side": "yes"
        },
        {
            "trade_id": "007eefef-ea70-47eb-95e6-6a8d1d1b583e",
            "ticker": "KXHIGHNY-25JAN04-B31.5",
            "count": 810,
            "created_time": "2025-01-04T17:03:45.094119Z",
            "yes_price": 4,
            "no_price": 96,
            "taker_side": "yes"
        },
        {
            "trade_id": "1364938c-f181-4d2a-baff-6556f6910d68",
            "ticker": "KXHIGHNY-25JAN04-B31.5",
            "count": 150,
            "created_time": "2025-01-04T17:03:28.528878Z",
            "yes_price": 4,
            "no_price": 96,
            "taker_side": "yes"
        },
        {
            "trade_id": "878c24ea-e360-49dc-9c58-12157fd442b1",
            "ticker": "KXHIGHNY-25JAN04-B31.5",
            "count": 40,
            "created_time": "2025-01-04T17:03:18.862965Z",
            "yes_price": 4,
            "no_price": 96,
            "taker_side": "yes"
        },
        {
            "trade_id": "ddef72ab-654d-4c3e-a03a-a6c13293e3e4",
            "ticker": "KXHIGHNY-25JAN04-B31.5",
            "count": 500,
            "created_time": "2025-01-04T17:03:01.945824Z",
            "yes_price": 4,
            "no_price": 96,
            "taker_side": "yes"
        },
        {
            "trade_id": "5a008398-33e7-485d-b81e-a0e6276a646c",
            "ticker": "KXHIGHNY-25JAN04-B31.5",
            "count": 500,
            "created_time": "2025-01-04T17:02:32.713942Z",
            "yes_price": 4,
            "no_price": 96,
            "taker_side": "yes"
        },
        {
            "trade_id": "e502c169-e195-4866-ad3a-3d7fec7e7d63",
            "ticker": "KXHIGHNY-25JAN04-B31.5",
            "count": 1000,
            "created_time": "2025-01-04T17:02:14.43064Z",
            "yes_price": 4,
            "no_price": 96,
            "taker_side": "yes"
        },
        {
            "trade_id": "8df174d4-4758-4764-b895-39cad11ad55d",
            "ticker": "KXHIGHNY-25JAN04-B31.5",
            "count": 11,
            "created_time": "2025-01-04T16:58:42.440308Z",
            "yes_price": 3,
            "no_price": 97,
            "taker_side": "no"
        },
        {
            "trade_id": "2b45be69-c9f4-4946-bc88-f4e8c621420e",
            "ticker": "KXHIGHNY-25JAN04-B31.5",
            "count": 40,
            "created_time": "2025-01-04T16:55:25.265681Z",
            "yes_price": 3,
            "no_price": 97,
            "taker_side": "no"
        },
        {
            "trade_id": "6a30e2e7-5570-4bfc-b5fe-576594e061dd",
            "ticker": "KXHIGHNY-25JAN04-B31.5",
            "count": 68,
            "created_time": "2025-01-04T16:53:46.078561Z",
            "yes_price": 3,
            "no_price": 97,
            "taker_side": "yes"
        },
        {
            "trade_id": "eb51edb3-19a4-474d-b40d-a0411ddd02ae",
            "ticker": "KXHIGHNY-25JAN04-B31.5",
            "count": 1,
            "created_time": "2025-01-04T16:53:41.240515Z",
            "yes_price": 3,
            "no_price": 97,
            "taker_side": "yes"
        },
        {
            "trade_id": "ca388b0a-f4c0-4e98-8825-712df8bdc76b",
            "ticker": "KXHIGHNY-25JAN04-B31.5",
            "count": 57,
            "created_time": "2025-01-04T16:53:41.240515Z",
            "yes_price": 3,
            "no_price": 97,
            "taker_side": "yes"
        },
        {
            "trade_id": "26199a6a-9d88-47c8-9fd8-954754fd3734",
            "ticker": "KXHIGHNY-25JAN04-B31.5",
            "count": 1,
            "created_time": "2025-01-04T16:53:41.240515Z",
            "yes_price": 3,
            "no_price": 97,
            "taker_side": "yes"
        },
        {
            "trade_id": "d2d25630-9b3a-4348-9761-bb8832890c2f",
            "ticker": "KXHIGHNY-25JAN04-B31.5",
            "count": 129,
            "created_time": "2025-01-04T16:46:48.251967Z",
            "yes_price": 4,
            "no_price": 96,
            "taker_side": "yes"
        },
        {
            "trade_id": "ab556d7b-8cab-484d-839b-8eb8be5d97c5",
            "ticker": "KXHIGHNY-25JAN04-B31.5",
            "count": 35,
            "created_time": "2025-01-04T16:46:48.251967Z",
            "yes_price": 3,
            "no_price": 97,
            "taker_side": "yes"
        },
        {
            "trade_id": "9040cd23-f1e6-456a-9925-a87564a60bd4",
            "ticker": "KXHIGHNY-25JAN04-B31.5",
            "count": 15,
            "created_time": "2025-01-04T16:46:48.251967Z",
            "yes_price": 3,
            "no_price": 97,
            "taker_side": "yes"
        },
        {
            "trade_id": "8b38199c-4d07-4ac3-b83d-b0effd99ad64",
            "ticker": "KXHIGHNY-25JAN04-B31.5",
            "count": 800,
            "created_time": "2025-01-04T16:46:48.251967Z",
            "yes_price": 3,
            "no_price": 97,
            "taker_side": "yes"
        },
        {
            "trade_id": "78793526-88d8-436a-8278-cefa373a40a9",
            "ticker": "KXHIGHNY-25JAN04-B31.5",
            "count": 100,
            "created_time": "2025-01-04T16:46:48.251967Z",
            "yes_price": 4,
            "no_price": 96,
            "taker_side": "yes"
        },
        {
            "trade_id": "6650b062-d512-41c3-881f-105e97f19814",
            "ticker": "KXHIGHNY-25JAN04-B31.5",
            "count": 135,
            "created_time": "2025-01-04T16:46:48.251967Z",
            "yes_price": 2,
            "no_price": 98,
            "taker_side": "yes"
        },
        {
            "trade_id": "6406f983-f5ea-447d-82e0-a9df14705202",
            "ticker": "KXHIGHNY-25JAN04-B31.5",
            "count": 1,
            "created_time": "2025-01-04T16:46:48.251967Z",
            "yes_price": 2,
            "no_price": 98,
            "taker_side": "yes"
        },
        {
            "trade_id": "005a256d-15fc-4e05-b8d3-ea9fe8bc4f25",
            "ticker": "KXHIGHNY-25JAN04-B31.5",
            "count": 1,
            "created_time": "2025-01-04T16:46:48.251967Z",
            "yes_price": 2,
            "no_price": 98,
            "taker_side": "yes"
        },
        {
            "trade_id": "04957388-0743-4ed1-aee4-51d56bf0308b",
            "ticker": "KXHIGHNY-25JAN04-B31.5",
            "count": 100,
            "created_time": "2025-01-04T16:44:32.08525Z",
            "yes_price": 1,
            "no_price": 99,
            "taker_side": "yes"
        },
        {
            "trade_id": "e54de534-50aa-4fd0-a4e3-a6d4946eed94",
            "ticker": "KXHIGHNY-25JAN04-B31.5",
            "count": 35,
            "created_time": "2025-01-04T15:57:14.719025Z",
            "yes_price": 2,
            "no_price": 98,
            "taker_side": "yes"
        },
        {
            "trade_id": "83233c6c-4757-4a3d-a785-de432007695c",
            "ticker": "KXHIGHNY-25JAN04-B31.5",
            "count": 75,
            "created_time": "2025-01-04T15:57:14.719025Z",
            "yes_price": 2,
            "no_price": 98,
            "taker_side": "yes"
        },
        {
            "trade_id": "5d282e81-dc9a-4219-98ae-2f74393fd98a",
            "ticker": "KXHIGHNY-25JAN04-B31.5",
            "count": 269,
            "created_time": "2025-01-04T15:57:14.719025Z",
            "yes_price": 2,
            "no_price": 98,
            "taker_side": "yes"
        },
        {
            "trade_id": "e2a48cc7-f4b1-4717-8949-14ab5df3e8f7",
            "ticker": "KXHIGHNY-25JAN04-B31.5",
            "count": 80,
            "created_time": "2025-01-04T15:53:37.25493Z",
            "yes_price": 1,
            "no_price": 99,
            "taker_side": "yes"
        },
        {
            "trade_id": "93c559d6-03d4-4bf8-bc9e-1b91d5b3a00b",
            "ticker": "KXHIGHNY-25JAN04-B31.5",
            "count": 13,
            "created_time": "2025-01-04T15:53:37.25493Z",
            "yes_price": 1,
            "no_price": 99,
            "taker_side": "yes"
        },
        {
            "trade_id": "7a763ae2-cf72-4a66-be8a-0c3856830d93",
            "ticker": "KXHIGHNY-25JAN04-B31.5",
            "count": 370,
            "created_time": "2025-01-04T15:53:37.25493Z",
            "yes_price": 1,
            "no_price": 99,
            "taker_side": "yes"
        },
        {
            "trade_id": "fcd0a588-4c52-4733-a3f4-4d732a069a2e",
            "ticker": "KXHIGHNY-25JAN04-B31.5",
            "count": 13,
            "created_time": "2025-01-04T15:53:34.212938Z",
            "yes_price": 1,
            "no_price": 99,
            "taker_side": "yes"
        },
        {
            "trade_id": "9eb5646e-2d20-4839-a618-b2f772319d6f",
            "ticker": "KXHIGHNY-25JAN04-B31.5",
            "count": 80,
            "created_time": "2025-01-04T15:53:34.212938Z",
            "yes_price": 1,
            "no_price": 99,
            "taker_side": "yes"
        },
        {
            "trade_id": "ac63ebba-39e3-46a4-bf62-588d1b3a277d",
            "ticker": "KXHIGHNY-25JAN04-B31.5",
            "count": 1,
            "created_time": "2025-01-04T15:16:53.686884Z",
            "yes_price": 1,
            "no_price": 99,
            "taker_side": "no"
        },
        {
            "trade_id": "8ee25942-479b-4f4f-b7c8-27a7c8376471",
            "ticker": "KXHIGHNY-25JAN04-B31.5",
            "count": 1,
            "created_time": "2025-01-04T15:15:36.359802Z",
            "yes_price": 1,
            "no_price": 99,
            "taker_side": "no"
        },
        {
            "trade_id": "e4b6776a-601a-4e36-b55c-a8bb902310fe",
            "ticker": "KXHIGHNY-25JAN04-B31.5",
            "count": 1,
            "created_time": "2025-01-04T15:15:21.433586Z",
            "yes_price": 1,
            "no_price": 99,
            "taker_side": "no"
        },
        {
            "trade_id": "7fb59b06-ccbd-4f02-b5d1-ede16af44393",
            "ticker": "KXHIGHNY-25JAN04-B31.5",
            "count": 3,
            "created_time": "2025-01-04T15:14:51.427512Z",
            "yes_price": 1,
            "no_price": 99,
            "taker_side": "no"
        },
        {
            "trade_id": "f5f29b4e-3919-4cb4-b0f3-23c4461a8925",
            "ticker": "KXHIGHNY-25JAN04-B31.5",
            "count": 1,
            "created_time": "2025-01-04T15:14:29.160806Z",
            "yes_price": 1,
            "no_price": 99,
            "taker_side": "no"
        },
        {
            "trade_id": "365569f6-1e01-48b5-a0b6-624c7722bd71",
            "ticker": "KXHIGHNY-25JAN04-B31.5",
            "count": 1,
            "created_time": "2025-01-04T15:14:01.401497Z",
            "yes_price": 1,
            "no_price": 99,
            "taker_side": "no"
        },
        {
            "trade_id": "2595dcc8-6e24-46e6-b4d1-8ab82040f747",
            "ticker": "KXHIGHNY-25JAN04-B31.5",
            "count": 2,
            "created_time": "2025-01-04T15:13:48.846807Z",
            "yes_price": 1,
            "no_price": 99,
            "taker_side": "no"
        },
        {
            "trade_id": "c1d423d1-ac32-421d-835d-27b56d0bc47c",
            "ticker": "KXHIGHNY-25JAN04-B31.5",
            "count": 12,
            "created_time": "2025-01-04T14:32:14.216645Z",
            "yes_price": 2,
            "no_price": 98,
            "taker_side": "no"
        },
        {
            "trade_id": "9d5cb5d4-aa1b-417f-9764-d81a79057775",
            "ticker": "KXHIGHNY-25JAN04-B31.5",
            "count": 44,
            "created_time": "2025-01-04T14:31:44.319796Z",
            "yes_price": 2,
            "no_price": 98,
            "taker_side": "no"
        },
        {
            "trade_id": "4032b01b-91e4-4a7a-ae6e-ebeb52cb66f3",
            "ticker": "KXHIGHNY-25JAN04-B31.5",
            "count": 32,
            "created_time": "2025-01-04T14:31:44.319796Z",
            "yes_price": 2,
            "no_price": 98,
            "taker_side": "no"
        },
        {
            "trade_id": "a88a6bad-84cf-4969-8940-468c006247f3",
            "ticker": "KXHIGHNY-25JAN04-B31.5",
            "count": 1,
            "created_time": "2025-01-04T14:28:18.735514Z",
            "yes_price": 2,
            "no_price": 98,
            "taker_side": "no"
        },
        {
            "trade_id": "60852a6f-6acb-4297-831b-f3151913af1c",
            "ticker": "KXHIGHNY-25JAN04-B31.5",
            "count": 1,
            "created_time": "2025-01-04T14:27:38.98538Z",
            "yes_price": 3,
            "no_price": 97,
            "taker_side": "yes"
        },
        {
            "trade_id": "8ffcb202-3519-4be9-b7fe-f6e6c522bf99",
            "ticker": "KXHIGHNY-25JAN04-B31.5",
            "count": 43,
            "created_time": "2025-01-04T14:21:56.119285Z",
            "yes_price": 2,
            "no_price": 98,
            "taker_side": "no"
        },
        {
            "trade_id": "d58868ea-7b14-46d0-8888-42ecf52e0b58",
            "ticker": "KXHIGHNY-25JAN04-B31.5",
            "count": 1,
            "created_time": "2025-01-04T14:12:26.056009Z",
            "yes_price": 3,
            "no_price": 97,
            "taker_side": "yes"
        },
        {
            "trade_id": "c2e2a735-5ee7-4bdb-bded-5daa176739c2",
            "ticker": "KXHIGHNY-25JAN04-B31.5",
            "count": 1,
            "created_time": "2025-01-04T14:12:05.220182Z",
            "yes_price": 2,
            "no_price": 98,
            "taker_side": "no"
        },
        {
            "trade_id": "6cc21ec6-b951-4356-bb82-d581a039d6fe",
            "ticker": "KXHIGHNY-25JAN04-B31.5",
            "count": 249,
            "created_time": "2025-01-04T14:03:44.60515Z",
            "yes_price": 3,
            "no_price": 97,
            "taker_side": "yes"
        },
        {
            "trade_id": "3dd17598-83f5-4b16-8e22-a66eaba55c01",
            "ticker": "KXHIGHNY-25JAN04-B31.5",
            "count": 63,
            "created_time": "2025-01-04T14:03:44.60515Z",
            "yes_price": 3,
            "no_price": 97,
            "taker_side": "yes"
        },
        {
            "trade_id": "0fa6b07a-a8dc-4ba8-b91a-0067019a7244",
            "ticker": "KXHIGHNY-25JAN04-B31.5",
            "count": 1,
            "created_time": "2025-01-04T13:57:13.094297Z",
            "yes_price": 3,
            "no_price": 97,
            "taker_side": "yes"
        },
        {
            "trade_id": "f13d12f8-d2cf-4ec3-871f-e2e149fbcc27",
            "ticker": "KXHIGHNY-25JAN04-B31.5",
            "count": 1,
            "created_time": "2025-01-04T13:42:29.467124Z",
            "yes_price": 2,
            "no_price": 98,
            "taker_side": "no"
        },
        {
            "trade_id": "b90dbc31-bb72-45e5-ad04-a5b2d2d30fe1",
            "ticker": "KXHIGHNY-25JAN04-B31.5",
            "count": 1,
            "created_time": "2025-01-04T13:42:13.897696Z",
            "yes_price": 2,
            "no_price": 98,
            "taker_side": "no"
        },
        {
            "trade_id": "baae02fb-9ead-498f-a276-758859249898",
            "ticker": "KXHIGHNY-25JAN04-B31.5",
            "count": 1,
            "created_time": "2025-01-04T13:41:54.821971Z",
            "yes_price": 2,
            "no_price": 98,
            "taker_side": "no"
        },
        {
            "trade_id": "3a36a05d-747b-4c9f-bbeb-7b0fd0b8f7cb",
            "ticker": "KXHIGHNY-25JAN04-B31.5",
            "count": 2,
            "created_time": "2025-01-04T13:41:35.224266Z",
            "yes_price": 2,
            "no_price": 98,
            "taker_side": "no"
        },
        {
            "trade_id": "5be1e287-758c-46e2-8ac3-3394e139c27d",
            "ticker": "KXHIGHNY-25JAN04-B31.5",
            "count": 1,
            "created_time": "2025-01-04T13:41:04.386194Z",
            "yes_price": 2,
            "no_price": 98,
            "taker_side": "no"
        },
        {
            "trade_id": "8e722675-5c6c-4662-b7a0-c1fa4461b56d",
            "ticker": "KXHIGHNY-25JAN04-B31.5",
            "count": 3,
            "created_time": "2025-01-04T13:40:20.595555Z",
            "yes_price": 2,
            "no_price": 98,
            "taker_side": "no"
        },
        {
            "trade_id": "d442daae-e01b-4cf8-9ec1-55822ba5423d",
            "ticker": "KXHIGHNY-25JAN04-B31.5",
            "count": 1,
            "created_time": "2025-01-04T13:34:42.37482Z",
            "yes_price": 2,
            "no_price": 98,
            "taker_side": "no"
        },
        {
            "trade_id": "5dd2b114-406c-461f-8e82-8ca2bc2801db",
            "ticker": "KXHIGHNY-25JAN04-B31.5",
            "count": 1,
            "created_time": "2025-01-04T13:30:52.528632Z",
            "yes_price": 2,
            "no_price": 98,
            "taker_side": "no"
        },
        {
            "trade_id": "6856acf4-d398-4277-9a6a-42b3098455cc",
            "ticker": "KXHIGHNY-25JAN04-B31.5",
            "count": 75,
            "created_time": "2025-01-04T13:00:20.405234Z",
            "yes_price": 5,
            "no_price": 95,
            "taker_side": "no"
        },
        {
            "trade_id": "382fd7c2-786b-4c2b-8097-4df547236866",
            "ticker": "KXHIGHNY-25JAN04-B31.5",
            "count": 3,
            "created_time": "2025-01-04T07:51:37.112615Z",
            "yes_price": 7,
            "no_price": 93,
            "taker_side": "no"
        },
        {
            "trade_id": "b61fae36-776e-4c23-8aab-34deea55c82c",
            "ticker": "KXHIGHNY-25JAN04-B31.5",
            "count": 48,
            "created_time": "2025-01-04T07:46:47.678547Z",
            "yes_price": 8,
            "no_price": 92,
            "taker_side": "no"
        },
        {
            "trade_id": "c0c4d613-2935-4e8e-b9ed-ba5b8e1e3aa1",
            "ticker": "KXHIGHNY-25JAN04-B31.5",
            "count": 300,
            "created_time": "2025-01-04T07:42:27.416075Z",
            "yes_price": 9,
            "no_price": 91,
            "taker_side": "yes"
        },
        {
            "trade_id": "bd94428a-be2d-4cbb-a843-e62dd806eafd",
            "ticker": "KXHIGHNY-25JAN04-B31.5",
            "count": 300,
            "created_time": "2025-01-04T07:42:27.368077Z",
            "yes_price": 9,
            "no_price": 91,
            "taker_side": "yes"
        },
        {
            "trade_id": "79a74a62-a7fd-4a82-974b-4a70b62ff7e3",
            "ticker": "KXHIGHNY-25JAN04-B31.5",
            "count": 200,
            "created_time": "2025-01-04T07:39:25.761798Z",
            "yes_price": 9,
            "no_price": 91,
            "taker_side": "yes"
        },
        {
            "trade_id": "b498970a-b6ee-4c7b-b3cb-c7dbc43d8253",
            "ticker": "KXHIGHNY-25JAN04-B31.5",
            "count": 6,
            "created_time": "2025-01-04T07:36:38.529178Z",
            "yes_price": 8,
            "no_price": 92,
            "taker_side": "no"
        },
        {
            "trade_id": "124fa024-b371-4059-9ed0-026a4ca20b12",
            "ticker": "KXHIGHNY-25JAN04-B31.5",
            "count": 4,
            "created_time": "2025-01-04T07:36:24.637603Z",
            "yes_price": 8,
            "no_price": 92,
            "taker_side": "yes"
        },
        {
            "trade_id": "ee0fabb8-02a6-423b-b598-7eac933245aa",
            "ticker": "KXHIGHNY-25JAN04-B31.5",
            "count": 11,
            "created_time": "2025-01-04T07:04:28.570616Z",
            "yes_price": 8,
            "no_price": 92,
            "taker_side": "yes"
        },
        {
            "trade_id": "db812961-9a61-4b43-b112-9653d4cb4f34",
            "ticker": "KXHIGHNY-25JAN04-B31.5",
            "count": 20,
            "created_time": "2025-01-04T05:11:30.861599Z",
            "yes_price": 9,
            "no_price": 91,
            "taker_side": "yes"
        },
        {
            "trade_id": "81e61112-7d0a-44b2-befd-307d3850a3ff",
            "ticker": "KXHIGHNY-25JAN04-B31.5",
            "count": 8,
            "created_time": "2025-01-04T05:11:17.584455Z",
            "yes_price": 9,
            "no_price": 91,
            "taker_side": "yes"
        },
        {
            "trade_id": "c1882236-c6d9-4284-b493-5f631ac417de",
            "ticker": "KXHIGHNY-25JAN04-B31.5",
            "count": 100,
            "created_time": "2025-01-04T05:05:42.212353Z",
            "yes_price": 10,
            "no_price": 90,
            "taker_side": "yes"
        },
        {
            "trade_id": "b877d40b-9f2d-4a8a-bf24-c8570bb848d6",
            "ticker": "KXHIGHNY-25JAN04-B31.5",
            "count": 300,
            "created_time": "2025-01-04T05:05:42.212353Z",
            "yes_price": 9,
            "no_price": 91,
            "taker_side": "yes"
        },
        {
            "trade_id": "b3f4daf4-7dbf-467e-81f8-e29de048143d",
            "ticker": "KXHIGHNY-25JAN04-B31.5",
            "count": 116,
            "created_time": "2025-01-04T05:05:42.212353Z",
            "yes_price": 10,
            "no_price": 90,
            "taker_side": "yes"
        },
        {
            "trade_id": "83c28f40-ff95-4415-8566-23a6dc4e11fc",
            "ticker": "KXHIGHNY-25JAN04-B31.5",
            "count": 100,
            "created_time": "2025-01-04T05:05:42.212353Z",
            "yes_price": 8,
            "no_price": 92,
            "taker_side": "yes"
        },
        {
            "trade_id": "4e0253b9-15e2-4967-a966-051b71822e5b",
            "ticker": "KXHIGHNY-25JAN04-B31.5",
            "count": 100,
            "created_time": "2025-01-04T05:05:42.212353Z",
            "yes_price": 8,
            "no_price": 92,
            "taker_side": "yes"
        },
        {
            "trade_id": "57632c83-fc3b-4535-b395-5d420aca92d0",
            "ticker": "KXHIGHNY-25JAN04-B31.5",
            "count": 95,
            "created_time": "2025-01-04T05:01:28.198623Z",
            "yes_price": 8,
            "no_price": 92,
            "taker_side": "yes"
        },
        {
            "trade_id": "e7fef5c1-b8f9-4d27-a5d8-44bfc42fb16c",
            "ticker": "KXHIGHNY-25JAN04-B31.5",
            "count": 6,
            "created_time": "2025-01-04T04:52:24.841194Z",
            "yes_price": 6,
            "no_price": 94,
            "taker_side": "yes"
        },
        {
            "trade_id": "fe34db99-895f-408c-b01b-297eff56c56e",
            "ticker": "KXHIGHNY-25JAN04-B31.5",
            "count": 300,
            "created_time": "2025-01-04T04:50:46.773955Z",
            "yes_price": 10,
            "no_price": 90,
            "taker_side": "yes"
        },
        {
            "trade_id": "dbf34fe8-506b-4d6e-893d-eff90ae50543",
            "ticker": "KXHIGHNY-25JAN04-B31.5",
            "count": 200,
            "created_time": "2025-01-04T04:50:46.773955Z",
            "yes_price": 8,
            "no_price": 92,
            "taker_side": "yes"
        },
        {
            "trade_id": "5168bc4a-0fef-41b0-bb0e-3c8cc4780242",
            "ticker": "KXHIGHNY-25JAN04-B31.5",
            "count": 10,
            "created_time": "2025-01-04T04:50:46.773955Z",
            "yes_price": 9,
            "no_price": 91,
            "taker_side": "yes"
        },
        {
            "trade_id": "3831c6fa-383a-4c02-aa09-f30859afa1a7",
            "ticker": "KXHIGHNY-25JAN04-B31.5",
            "count": 300,
            "created_time": "2025-01-04T04:50:46.773955Z",
            "yes_price": 9,
            "no_price": 91,
            "taker_side": "yes"
        },
        {
            "trade_id": "cf15d053-0ce1-4e87-84d8-f1926c546b3a",
            "ticker": "KXHIGHNY-25JAN04-B31.5",
            "count": 300,
            "created_time": "2025-01-04T04:49:05.767661Z",
            "yes_price": 8,
            "no_price": 92,
            "taker_side": "yes"
        },
        {
            "trade_id": "899b164b-391e-4e5b-b8ec-7d91619cb198",
            "ticker": "KXHIGHNY-25JAN04-B31.5",
            "count": 300,
            "created_time": "2025-01-04T04:49:05.767661Z",
            "yes_price": 7,
            "no_price": 93,
            "taker_side": "yes"
        },
        {
            "trade_id": "46edb676-d707-4086-9e5b-5e0130008dcd",
            "ticker": "KXHIGHNY-25JAN04-B31.5",
            "count": 300,
            "created_time": "2025-01-04T04:49:05.767661Z",
            "yes_price": 6,
            "no_price": 94,
            "taker_side": "yes"
        },
        {
            "trade_id": "d4369a2f-f461-4c4e-8a83-b43fd84f5f6e",
            "ticker": "KXHIGHNY-25JAN04-B31.5",
            "count": 100,
            "created_time": "2025-01-04T04:46:15.131909Z",
            "yes_price": 7,
            "no_price": 93,
            "taker_side": "yes"
        },
        {
            "trade_id": "94558eae-775d-441e-a015-2364d310611c",
            "ticker": "KXHIGHNY-25JAN04-B31.5",
            "count": 192,
            "created_time": "2025-01-04T04:46:15.131909Z",
            "yes_price": 6,
            "no_price": 94,
            "taker_side": "yes"
        },
        {
            "trade_id": "5ddeda5c-7c5c-42c1-a4ee-b0caa3bc8fc9",
            "ticker": "KXHIGHNY-25JAN04-B31.5",
            "count": 45,
            "created_time": "2025-01-04T04:46:15.131909Z",
            "yes_price": 6,
            "no_price": 94,
            "taker_side": "yes"
        },
        {
            "trade_id": "564e8eb1-5fe2-4412-b92d-a306ea4d47aa",
            "ticker": "KXHIGHNY-25JAN04-B31.5",
            "count": 82,
            "created_time": "2025-01-04T04:46:15.131909Z",
            "yes_price": 6,
            "no_price": 94,
            "taker_side": "yes"
        },
        {
            "trade_id": "41a7ccab-2e62-4dd4-bfbc-ac7f546fbb12",
            "ticker": "KXHIGHNY-25JAN04-B31.5",
            "count": 300,
            "created_time": "2025-01-04T04:46:15.131909Z",
            "yes_price": 8,
            "no_price": 92,
            "taker_side": "yes"
        },
        {
            "trade_id": "135552f2-8f9e-4474-af3f-eac560b1bac1",
            "ticker": "KXHIGHNY-25JAN04-B31.5",
            "count": 26,
            "created_time": "2025-01-04T04:46:15.131909Z",
            "yes_price": 6,
            "no_price": 94,
            "taker_side": "yes"
        },
        {
            "trade_id": "10994c20-12e8-4e7c-9e60-4e8129347a84",
            "ticker": "KXHIGHNY-25JAN04-B31.5",
            "count": 200,
            "created_time": "2025-01-04T04:46:15.131909Z",
            "yes_price": 7,
            "no_price": 93,
            "taker_side": "yes"
        },
        {
            "trade_id": "f43e7b31-6ad9-4749-b71c-221b93db9e54",
            "ticker": "KXHIGHNY-25JAN04-B31.5",
            "count": 41,
            "created_time": "2025-01-04T04:06:43.789969Z",
            "yes_price": 6,
            "no_price": 94,
            "taker_side": "yes"
        },
        {
            "trade_id": "3931f351-a531-4a9e-b054-80bfb6880bf0",
            "ticker": "KXHIGHNY-25JAN04-B31.5",
            "count": 54,
            "created_time": "2025-01-04T03:33:33.536038Z",
            "yes_price": 5,
            "no_price": 95,
            "taker_side": "no"
        },
        {
            "trade_id": "98003b0a-8209-49fa-822e-a86aa47b2a03",
            "ticker": "KXHIGHNY-25JAN04-B31.5",
            "count": 87,
            "created_time": "2025-01-04T03:29:01.566735Z",
            "yes_price": 6,
            "no_price": 94,
            "taker_side": "yes"
        },
        {
            "trade_id": "4374169c-4532-4591-9dcb-2c0034ce604f",
            "ticker": "KXHIGHNY-25JAN04-B31.5",
            "count": 64,
            "created_time": "2025-01-04T03:29:01.566735Z",
            "yes_price": 6,
            "no_price": 94,
            "taker_side": "yes"
        },
        {
            "trade_id": "a6f889fc-024d-4a7f-90b5-89a09719f45e",
            "ticker": "KXHIGHNY-25JAN04-B31.5",
            "count": 4,
            "created_time": "2025-01-04T03:27:43.531454Z",
            "yes_price": 5,
            "no_price": 95,
            "taker_side": "no"
        },
        {
            "trade_id": "6750fddf-5c72-47b3-bce5-5a8cb3ac95fc",
            "ticker": "KXHIGHNY-25JAN04-B31.5",
            "count": 1,
            "created_time": "2025-01-04T03:27:43.531454Z",
            "yes_price": 5,
            "no_price": 95,
            "taker_side": "no"
        },
        {
            "trade_id": "d8d5e265-3b49-431e-93e1-d7850a811342",
            "ticker": "KXHIGHNY-25JAN04-B31.5",
            "count": 25,
            "created_time": "2025-01-04T03:25:16.877811Z",
            "yes_price": 5,
            "no_price": 95,
            "taker_side": "no"
        },
        {
            "trade_id": "4cfe3c96-43a8-49f9-825c-82394f61ee6c",
            "ticker": "KXHIGHNY-25JAN04-B31.5",
            "count": 6,
            "created_time": "2025-01-04T03:25:05.228218Z",
            "yes_price": 5,
            "no_price": 95,
            "taker_side": "no"
        },
        {
            "trade_id": "95f1513e-3512-4b8f-9283-9964ab6dfb34",
            "ticker": "KXHIGHNY-25JAN04-B31.5",
            "count": 10,
            "created_time": "2025-01-04T03:23:13.85311Z",
            "yes_price": 4,
            "no_price": 96,
            "taker_side": "no"
        },
        {
            "trade_id": "4b6e68cb-d3e1-4a8a-9868-a7bb47fef93c",
            "ticker": "KXHIGHNY-25JAN04-B31.5",
            "count": 11,
            "created_time": "2025-01-04T03:21:23.101997Z",
            "yes_price": 4,
            "no_price": 96,
            "taker_side": "no"
        },
        {
            "trade_id": "0f3b5470-0eb2-4536-adcd-c05959b19b05",
            "ticker": "KXHIGHNY-25JAN04-B31.5",
            "count": 11,
            "created_time": "2025-01-04T03:20:38.790732Z",
            "yes_price": 6,
            "no_price": 94,
            "taker_side": "yes"
        },
        {
            "trade_id": "e4ccc93a-f430-42f6-89b3-7fa7ad1062f6",
            "ticker": "KXHIGHNY-25JAN04-B31.5",
            "count": 12,
            "created_time": "2025-01-04T03:16:24.798062Z",
            "yes_price": 5,
            "no_price": 95,
            "taker_side": "yes"
        },
        {
            "trade_id": "698819d3-d906-49fc-b0c8-d2f457943a78",
            "ticker": "KXHIGHNY-25JAN04-B31.5",
            "count": 20,
            "created_time": "2025-01-04T03:15:46.949102Z",
            "yes_price": 5,
            "no_price": 95,
            "taker_side": "yes"
        },
        {
            "trade_id": "2742057e-e0b6-4eb7-9ca8-ce1014092412",
            "ticker": "KXHIGHNY-25JAN04-B31.5",
            "count": 13,
            "created_time": "2025-01-04T03:15:37.256534Z",
            "yes_price": 4,
            "no_price": 96,
            "taker_side": "yes"
        },
        {
            "trade_id": "2fcd8ebc-e7c9-45a7-8900-79e6139bc756",
            "ticker": "KXHIGHNY-25JAN04-B31.5",
            "count": 15,
            "created_time": "2025-01-04T02:08:42.928883Z",
            "yes_price": 6,
            "no_price": 94,
            "taker_side": "yes"
        },
        {
            "trade_id": "0ed0ac9c-0614-49f9-bf4b-387be03cc577",
            "ticker": "KXHIGHNY-25JAN04-B31.5",
            "count": 2,
            "created_time": "2025-01-04T01:57:08.979934Z",
            "yes_price": 4,
            "no_price": 96,
            "taker_side": "no"
        },
        {
            "trade_id": "0ab569d6-07aa-44b2-a2bd-51e4e5dc246e",
            "ticker": "KXHIGHNY-25JAN04-B31.5",
            "count": 25,
            "created_time": "2025-01-04T01:57:08.979934Z",
            "yes_price": 4,
            "no_price": 96,
            "taker_side": "no"
        },
        {
            "trade_id": "59cbef10-b003-4a8c-b43c-46a05ffb9df5",
            "ticker": "KXHIGHNY-25JAN04-B31.5",
            "count": 15,
            "created_time": "2025-01-04T01:46:25.811814Z",
            "yes_price": 6,
            "no_price": 94,
            "taker_side": "yes"
        },
        {
            "trade_id": "20cbafd8-509b-430f-bc12-8ad9058c7cb0",
            "ticker": "KXHIGHNY-25JAN04-B31.5",
            "count": 25,
            "created_time": "2025-01-04T01:14:20.271026Z",
            "yes_price": 5,
            "no_price": 95,
            "taker_side": "no"
        },
        {
            "trade_id": "cf90bc94-98ab-45d2-88bf-656fe2b4ad63",
            "ticker": "KXHIGHNY-25JAN04-B31.5",
            "count": 25,
            "created_time": "2025-01-04T01:04:59.931764Z",
            "yes_price": 6,
            "no_price": 94,
            "taker_side": "yes"
        },
        {
            "trade_id": "28bff7f5-1c77-4150-a767-9fadadcfa7ce",
            "ticker": "KXHIGHNY-25JAN04-B31.5",
            "count": 170,
            "created_time": "2025-01-04T01:04:59.931764Z",
            "yes_price": 6,
            "no_price": 94,
            "taker_side": "yes"
        },
        {
            "trade_id": "bc93b7c0-4bd5-4e35-a230-8167f78d4cce",
            "ticker": "KXHIGHNY-25JAN04-B31.5",
            "count": 5,
            "created_time": "2025-01-04T00:59:59.51397Z",
            "yes_price": 5,
            "no_price": 95,
            "taker_side": "no"
        },
        {
            "trade_id": "06394ff9-92f2-4006-8276-61081bbec096",
            "ticker": "KXHIGHNY-25JAN04-B31.5",
            "count": 50,
            "created_time": "2025-01-04T00:29:43.699213Z",
            "yes_price": 6,
            "no_price": 94,
            "taker_side": "yes"
        },
        {
            "trade_id": "a393d6cb-49ca-4763-99b6-34678615b2fd",
            "ticker": "KXHIGHNY-25JAN04-B31.5",
            "count": 25,
            "created_time": "2025-01-04T00:29:14.331124Z",
            "yes_price": 6,
            "no_price": 94,
            "taker_side": "yes"
        },
        {
            "trade_id": "363ad7a7-ab21-4431-b5e0-fc3eaabdb71c",
            "ticker": "KXHIGHNY-25JAN04-B31.5",
            "count": 200,
            "created_time": "2025-01-04T00:22:16.163993Z",
            "yes_price": 6,
            "no_price": 94,
            "taker_side": "yes"
        },
        {
            "trade_id": "813eadac-82dd-4eed-91b0-24cf0e72ee8a",
            "ticker": "KXHIGHNY-25JAN04-B31.5",
            "count": 5,
            "created_time": "2025-01-03T23:34:18.136918Z",
            "yes_price": 5,
            "no_price": 95,
            "taker_side": "no"
        },
        {
            "trade_id": "86dd2278-213a-45d5-a47d-692b6175328d",
            "ticker": "KXHIGHNY-25JAN04-B31.5",
            "count": 25,
            "created_time": "2025-01-03T23:33:51.663067Z",
            "yes_price": 5,
            "no_price": 95,
            "taker_side": "no"
        },
        {
            "trade_id": "cb5cf3b6-b5c1-4a4d-9012-007891c60833",
            "ticker": "KXHIGHNY-25JAN04-B31.5",
            "count": 10,
            "created_time": "2025-01-03T23:30:26.499304Z",
            "yes_price": 5,
            "no_price": 95,
            "taker_side": "no"
        },
        {
            "trade_id": "966992d1-17b4-4999-8c2a-2a6e8a7858bf",
            "ticker": "KXHIGHNY-25JAN04-B31.5",
            "count": 13,
            "created_time": "2025-01-03T22:12:37.918235Z",
            "yes_price": 5,
            "no_price": 95,
            "taker_side": "no"
        },
        {
            "trade_id": "f7507152-1303-4be0-a961-b0cea5c350cb",
            "ticker": "KXHIGHNY-25JAN04-B31.5",
            "count": 5,
            "created_time": "2025-01-03T21:44:42.460546Z",
            "yes_price": 6,
            "no_price": 94,
            "taker_side": "yes"
        },
        {
            "trade_id": "095abec0-5587-43f3-a75f-c783db4b7f5d",
            "ticker": "KXHIGHNY-25JAN04-B31.5",
            "count": 10,
            "created_time": "2025-01-03T21:44:42.460546Z",
            "yes_price": 6,
            "no_price": 94,
            "taker_side": "yes"
        },
        {
            "trade_id": "78d9b759-6d5e-4120-a5df-d92829b655aa",
            "ticker": "KXHIGHNY-25JAN04-B31.5",
            "count": 15,
            "created_time": "2025-01-03T20:40:02.157367Z",
            "yes_price": 6,
            "no_price": 94,
            "taker_side": "yes"
        },
        {
            "trade_id": "b1183dd3-1216-4402-9d1d-d10b6b02526d",
            "ticker": "KXHIGHNY-25JAN04-B31.5",
            "count": 200,
            "created_time": "2025-01-03T20:22:31.317414Z",
            "yes_price": 2,
            "no_price": 98,
            "taker_side": "no"
        },
        {
            "trade_id": "cedccc2d-a009-4170-bfe2-97ed015bf58f",
            "ticker": "KXHIGHNY-25JAN04-B31.5",
            "count": 10,
            "created_time": "2025-01-03T20:13:05.710582Z",
            "yes_price": 5,
            "no_price": 95,
            "taker_side": "yes"
        }
    ],
    "KXHIGHNY-25JAN04-B33.5": [
        {
            "trade_id": "68e4b847-0b1d-4980-b0b1-9c3c049a96fa",
            "ticker": "KXHIGHNY-25JAN04-B33.5",
            "count": 10,
            "created_time": "2025-01-05T03:24:30.595247Z",
            "yes_price": 99,
            "no_price": 1,
            "taker_side": "no"
        },
        {
            "trade_id": "fd9c51ce-83d4-4da5-b40c-03803163b4be",
            "ticker": "KXHIGHNY-25JAN04-B33.5",
            "count": 480,
            "created_time": "2025-01-05T02:21:44.839506Z",
            "yes_price": 99,
            "no_price": 1,
            "taker_side": "no"
        },
        {
            "trade_id": "a3570f9e-cdf2-460e-be20-ddb0b6f58f9e",
            "ticker": "KXHIGHNY-25JAN04-B33.5",
            "count": 88,
            "created_time": "2025-01-05T01:39:20.186536Z",
            "yes_price": 99,
            "no_price": 1,
            "taker_side": "no"
        },
        {
            "trade_id": "9adca207-b63e-4a51-a6a2-f14c7b55efed",
            "ticker": "KXHIGHNY-25JAN04-B33.5",
            "count": 12,
            "created_time": "2025-01-05T01:19:31.696369Z",
            "yes_price": 99,
            "no_price": 1,
            "taker_side": "no"
        },
        {
            "trade_id": "ac64e87a-454e-4b69-84a6-2cb1ec4482d8",
            "ticker": "KXHIGHNY-25JAN04-B33.5",
            "count": 40,
            "created_time": "2025-01-05T00:28:57.419747Z",
            "yes_price": 99,
            "no_price": 1,
            "taker_side": "no"
        },
        {
            "trade_id": "90b4a2b4-c254-40c5-8914-8ee4b6323e24",
            "ticker": "KXHIGHNY-25JAN04-B33.5",
            "count": 5,
            "created_time": "2025-01-04T23:59:48.769885Z",
            "yes_price": 99,
            "no_price": 1,
            "taker_side": "no"
        },
        {
            "trade_id": "23504c03-9a32-421a-a25d-df0296d65d2b",
            "ticker": "KXHIGHNY-25JAN04-B33.5",
            "count": 441,
            "created_time": "2025-01-04T22:51:19.055051Z",
            "yes_price": 99,
            "no_price": 1,
            "taker_side": "no"
        },
        {
            "trade_id": "0b030a0a-89c1-40d9-81c8-b38f2d07911b",
            "ticker": "KXHIGHNY-25JAN04-B33.5",
            "count": 5,
            "created_time": "2025-01-04T22:46:15.412286Z",
            "yes_price": 99,
            "no_price": 1,
            "taker_side": "no"
        },
        {
            "trade_id": "38b4e286-95e4-4980-89ff-7accc368f972",
            "ticker": "KXHIGHNY-25JAN04-B33.5",
            "count": 11,
            "created_time": "2025-01-04T22:38:30.703327Z",
            "yes_price": 99,
            "no_price": 1,
            "taker_side": "no"
        },
        {
            "trade_id": "f3df6e6d-3864-48d4-bc4f-a99ca3332ff5",
            "ticker": "KXHIGHNY-25JAN04-B33.5",
            "count": 20,
            "created_time": "2025-01-04T22:32:34.184384Z",
            "yes_price": 99,
            "no_price": 1,
            "taker_side": "yes"
        },
        {
            "trade_id": "e0d716ea-41f4-4fee-8b90-520ee33140ce",
            "ticker": "KXHIGHNY-25JAN04-B33.5",
            "count": 1803,
            "created_time": "2025-01-04T22:32:34.184384Z",
            "yes_price": 99,
            "no_price": 1,
            "taker_side": "yes"
        },
        {
            "trade_id": "c0ff51b2-3cb6-43ee-9db3-dc4f57f35dd6",
            "ticker": "KXHIGHNY-25JAN04-B33.5",
            "count": 1705,
            "created_time": "2025-01-04T22:32:34.184384Z",
            "yes_price": 99,
            "no_price": 1,
            "taker_side": "yes"
        },
        {
            "trade_id": "bcdb6efe-e6ff-45d8-80cd-f2f6c07fbd5f",
            "ticker": "KXHIGHNY-25JAN04-B33.5",
            "count": 50,
            "created_time": "2025-01-04T22:32:34.184384Z",
            "yes_price": 99,
            "no_price": 1,
            "taker_side": "yes"
        },
        {
            "trade_id": "b011ca49-11e5-44c1-b36d-1940e15e5e18",
            "ticker": "KXHIGHNY-25JAN04-B33.5",
            "count": 192,
            "created_time": "2025-01-04T22:32:34.184384Z",
            "yes_price": 99,
            "no_price": 1,
            "taker_side": "yes"
        },
        {
            "trade_id": "30eddffd-ba15-4acd-af5b-e4ff4c319170",
            "ticker": "KXHIGHNY-25JAN04-B33.5",
            "count": 52,
            "created_time": "2025-01-04T22:32:34.184384Z",
            "yes_price": 99,
            "no_price": 1,
            "taker_side": "yes"
        },
        {
            "trade_id": "29c778d3-99ef-4294-a72e-fc8fcd872134",
            "ticker": "KXHIGHNY-25JAN04-B33.5",
            "count": 54,
            "created_time": "2025-01-04T22:32:34.184384Z",
            "yes_price": 99,
            "no_price": 1,
            "taker_side": "yes"
        },
        {
            "trade_id": "ba9d178b-44c2-4028-a52b-883a16916a51",
            "ticker": "KXHIGHNY-25JAN04-B33.5",
            "count": 18,
            "created_time": "2025-01-04T22:30:11.769452Z",
            "yes_price": 98,
            "no_price": 2,
            "taker_side": "no"
        },
        {
            "trade_id": "efb71422-d8f8-489d-b6ab-e3c393452b75",
            "ticker": "KXHIGHNY-25JAN04-B33.5",
            "count": 3,
            "created_time": "2025-01-04T22:29:24.219302Z",
            "yes_price": 99,
            "no_price": 1,
            "taker_side": "yes"
        },
        {
            "trade_id": "c79ed62f-b549-474d-b0e2-86228c183372",
            "ticker": "KXHIGHNY-25JAN04-B33.5",
            "count": 271,
            "created_time": "2025-01-04T22:28:33.482321Z",
            "yes_price": 99,
            "no_price": 1,
            "taker_side": "yes"
        },
        {
            "trade_id": "2ea271b1-7446-433f-a691-eff49da24ca5",
            "ticker": "KXHIGHNY-25JAN04-B33.5",
            "count": 78,
            "created_time": "2025-01-04T22:28:33.482321Z",
            "yes_price": 99,
            "no_price": 1,
            "taker_side": "yes"
        },
        {
            "trade_id": "3a915d9d-cc35-49ba-a8f5-82cf05459f95",
            "ticker": "KXHIGHNY-25JAN04-B33.5",
            "count": 1,
            "created_time": "2025-01-04T22:22:11.551481Z",
            "yes_price": 98,
            "no_price": 2,
            "taker_side": "no"
        },
        {
            "trade_id": "45e5fcab-951d-4445-8053-be4592d266b3",
            "ticker": "KXHIGHNY-25JAN04-B33.5",
            "count": 1,
            "created_time": "2025-01-04T22:18:23.075954Z",
            "yes_price": 98,
            "no_price": 2,
            "taker_side": "no"
        },
        {
            "trade_id": "c7dceea5-0be9-4ae9-a1e3-2e0b49cb0f78",
            "ticker": "KXHIGHNY-25JAN04-B33.5",
            "count": 6,
            "created_time": "2025-01-04T22:13:57.909635Z",
            "yes_price": 99,
            "no_price": 1,
            "taker_side": "yes"
        },
        {
            "trade_id": "489db31a-5dc8-4867-b4dc-8777a3a16349",
            "ticker": "KXHIGHNY-25JAN04-B33.5",
            "count": 1,
            "created_time": "2025-01-04T22:03:14.563402Z",
            "yes_price": 98,
            "no_price": 2,
            "taker_side": "no"
        },
        {
            "trade_id": "f8bc435c-2e5a-4fb9-9807-3e3a678644e8",
            "ticker": "KXHIGHNY-25JAN04-B33.5",
            "count": 1,
            "created_time": "2025-01-04T21:59:37.183291Z",
            "yes_price": 99,
            "no_price": 1,
            "taker_side": "yes"
        },
        {
            "trade_id": "db8265fc-5698-49ee-8b24-77f4ceafbe6e",
            "ticker": "KXHIGHNY-25JAN04-B33.5",
            "count": 194,
            "created_time": "2025-01-04T21:58:09.303344Z",
            "yes_price": 98,
            "no_price": 2,
            "taker_side": "no"
        },
        {
            "trade_id": "2ffb225e-9fe6-475b-9dd6-3decaa46b723",
            "ticker": "KXHIGHNY-25JAN04-B33.5",
            "count": 72,
            "created_time": "2025-01-04T21:58:09.303344Z",
            "yes_price": 98,
            "no_price": 2,
            "taker_side": "no"
        },
        {
            "trade_id": "9b90e896-c12c-41fc-94f6-f51cac9a1b6b",
            "ticker": "KXHIGHNY-25JAN04-B33.5",
            "count": 1,
            "created_time": "2025-01-04T21:48:05.862651Z",
            "yes_price": 98,
            "no_price": 2,
            "taker_side": "no"
        },
        {
            "trade_id": "6e22012e-04f6-40aa-9a14-97846b6aa4b1",
            "ticker": "KXHIGHNY-25JAN04-B33.5",
            "count": 972,
            "created_time": "2025-01-04T21:34:40.297783Z",
            "yes_price": 99,
            "no_price": 1,
            "taker_side": "yes"
        },
        {
            "trade_id": "35226cd4-f7c1-4a0c-8110-71f5913eaecb",
            "ticker": "KXHIGHNY-25JAN04-B33.5",
            "count": 128,
            "created_time": "2025-01-04T21:34:40.297783Z",
            "yes_price": 99,
            "no_price": 1,
            "taker_side": "yes"
        },
        {
            "trade_id": "1cc20925-64a2-49c5-a363-dc14d603c31e",
            "ticker": "KXHIGHNY-25JAN04-B33.5",
            "count": 1,
            "created_time": "2025-01-04T21:32:57.713035Z",
            "yes_price": 98,
            "no_price": 2,
            "taker_side": "no"
        },
        {
            "trade_id": "d52ab540-8cdb-44b7-8c3d-45f3b1ecce6f",
            "ticker": "KXHIGHNY-25JAN04-B33.5",
            "count": 1,
            "created_time": "2025-01-04T21:17:49.488243Z",
            "yes_price": 98,
            "no_price": 2,
            "taker_side": "no"
        },
        {
            "trade_id": "70f93759-0bcd-4412-80f7-f5222f608809",
            "ticker": "KXHIGHNY-25JAN04-B33.5",
            "count": 1,
            "created_time": "2025-01-04T21:02:40.814728Z",
            "yes_price": 98,
            "no_price": 2,
            "taker_side": "no"
        },
        {
            "trade_id": "fc99360e-182c-4877-a356-f7d03c541879",
            "ticker": "KXHIGHNY-25JAN04-B33.5",
            "count": 67,
            "created_time": "2025-01-04T21:00:03.289743Z",
            "yes_price": 99,
            "no_price": 1,
            "taker_side": "yes"
        },
        {
            "trade_id": "30e652b8-8edb-4cbd-9488-82dcd1d074f3",
            "ticker": "KXHIGHNY-25JAN04-B33.5",
            "count": 413,
            "created_time": "2025-01-04T21:00:03.289743Z",
            "yes_price": 99,
            "no_price": 1,
            "taker_side": "yes"
        },
        {
            "trade_id": "92a3ff31-a895-4031-a443-029dce51ba4f",
            "ticker": "KXHIGHNY-25JAN04-B33.5",
            "count": 629,
            "created_time": "2025-01-04T20:54:56.976998Z",
            "yes_price": 98,
            "no_price": 2,
            "taker_side": "no"
        },
        {
            "trade_id": "3c2617c1-c1c9-4f34-8989-bc39c9a4406a",
            "ticker": "KXHIGHNY-25JAN04-B33.5",
            "count": 673,
            "created_time": "2025-01-04T20:52:56.588262Z",
            "yes_price": 98,
            "no_price": 2,
            "taker_side": "yes"
        },
        {
            "trade_id": "cda1e89e-8ca5-4292-b435-173b6b085b32",
            "ticker": "KXHIGHNY-25JAN04-B33.5",
            "count": 327,
            "created_time": "2025-01-04T20:52:47.953432Z",
            "yes_price": 98,
            "no_price": 2,
            "taker_side": "no"
        },
        {
            "trade_id": "5aa29cc7-5b05-413a-88ed-f3177c51310b",
            "ticker": "KXHIGHNY-25JAN04-B33.5",
            "count": 1000,
            "created_time": "2025-01-04T20:52:47.953432Z",
            "yes_price": 98,
            "no_price": 2,
            "taker_side": "no"
        },
        {
            "trade_id": "e38273f8-3c30-4307-94d1-40b07e510926",
            "ticker": "KXHIGHNY-25JAN04-B33.5",
            "count": 1,
            "created_time": "2025-01-04T20:52:47.29121Z",
            "yes_price": 98,
            "no_price": 2,
            "taker_side": "no"
        },
        {
            "trade_id": "3156064d-ad56-4523-8c63-6f6ec0ce1c6d",
            "ticker": "KXHIGHNY-25JAN04-B33.5",
            "count": 2,
            "created_time": "2025-01-04T20:52:40.731067Z",
            "yes_price": 98,
            "no_price": 2,
            "taker_side": "no"
        },
        {
            "trade_id": "3ffc1a6e-2220-46d5-baab-9fd3048aadcf",
            "ticker": "KXHIGHNY-25JAN04-B33.5",
            "count": 2,
            "created_time": "2025-01-04T20:52:34.724545Z",
            "yes_price": 98,
            "no_price": 2,
            "taker_side": "no"
        },
        {
            "trade_id": "7c033eb9-1e8d-472c-b9f9-eb72bf3412fe",
            "ticker": "KXHIGHNY-25JAN04-B33.5",
            "count": 24,
            "created_time": "2025-01-04T20:52:24.676608Z",
            "yes_price": 98,
            "no_price": 2,
            "taker_side": "no"
        },
        {
            "trade_id": "54a445e6-c5bb-4a6f-bcd2-cd008f2e9b60",
            "ticker": "KXHIGHNY-25JAN04-B33.5",
            "count": 2,
            "created_time": "2025-01-04T20:52:21.567131Z",
            "yes_price": 98,
            "no_price": 2,
            "taker_side": "no"
        },
        {
            "trade_id": "acf0e912-4bb2-4ce6-a7da-36d69000a3fd",
            "ticker": "KXHIGHNY-25JAN04-B33.5",
            "count": 348,
            "created_time": "2025-01-04T20:52:09.732682Z",
            "yes_price": 98,
            "no_price": 2,
            "taker_side": "no"
        },
        {
            "trade_id": "4cef0a74-82fb-4d29-82fc-a34b3d812037",
            "ticker": "KXHIGHNY-25JAN04-B33.5",
            "count": 10,
            "created_time": "2025-01-04T20:52:09.732682Z",
            "yes_price": 98,
            "no_price": 2,
            "taker_side": "no"
        },
        {
            "trade_id": "15812bef-9ebb-4c69-b9c4-d9d308b7c52d",
            "ticker": "KXHIGHNY-25JAN04-B33.5",
            "count": 642,
            "created_time": "2025-01-04T20:52:09.732682Z",
            "yes_price": 98,
            "no_price": 2,
            "taker_side": "no"
        },
        {
            "trade_id": "cc4d31fe-3ec0-41d0-9101-8e9f9bb4c858",
            "ticker": "KXHIGHNY-25JAN04-B33.5",
            "count": 2,
            "created_time": "2025-01-04T20:50:18.435811Z",
            "yes_price": 98,
            "no_price": 2,
            "taker_side": "no"
        },
        {
            "trade_id": "69c8cb45-83a5-4983-b891-bc22ed0d5033",
            "ticker": "KXHIGHNY-25JAN04-B33.5",
            "count": 2,
            "created_time": "2025-01-04T20:50:05.107523Z",
            "yes_price": 98,
            "no_price": 2,
            "taker_side": "no"
        },
        {
            "trade_id": "0becbd3f-8ac4-4b41-a295-100027dba100",
            "ticker": "KXHIGHNY-25JAN04-B33.5",
            "count": 2,
            "created_time": "2025-01-04T20:49:58.171509Z",
            "yes_price": 98,
            "no_price": 2,
            "taker_side": "no"
        },
        {
            "trade_id": "c9a732f9-a1b7-4429-91e7-d01b92ed5e25",
            "ticker": "KXHIGHNY-25JAN04-B33.5",
            "count": 2,
            "created_time": "2025-01-04T20:49:44.089946Z",
            "yes_price": 98,
            "no_price": 2,
            "taker_side": "no"
        },
        {
            "trade_id": "f76a8754-c6aa-4f8d-b11d-4beb86e5387d",
            "ticker": "KXHIGHNY-25JAN04-B33.5",
            "count": 1,
            "created_time": "2025-01-04T20:47:31.228461Z",
            "yes_price": 98,
            "no_price": 2,
            "taker_side": "no"
        },
        {
            "trade_id": "9918e354-e035-442e-b402-af65e4959cd4",
            "ticker": "KXHIGHNY-25JAN04-B33.5",
            "count": 5,
            "created_time": "2025-01-04T20:45:56.398882Z",
            "yes_price": 98,
            "no_price": 2,
            "taker_side": "no"
        },
        {
            "trade_id": "d1dd1c6d-1fa4-45f6-a46b-595c9c3a0c69",
            "ticker": "KXHIGHNY-25JAN04-B33.5",
            "count": 13,
            "created_time": "2025-01-04T20:45:48.360774Z",
            "yes_price": 99,
            "no_price": 1,
            "taker_side": "yes"
        },
        {
            "trade_id": "7c826b5e-6c35-4db2-a3f0-454361e77cd9",
            "ticker": "KXHIGHNY-25JAN04-B33.5",
            "count": 137,
            "created_time": "2025-01-04T20:45:48.360774Z",
            "yes_price": 99,
            "no_price": 1,
            "taker_side": "yes"
        },
        {
            "trade_id": "75e7fca3-129c-4095-89b0-ceeb3caf9fd0",
            "ticker": "KXHIGHNY-25JAN04-B33.5",
            "count": 5,
            "created_time": "2025-01-04T20:40:44.694473Z",
            "yes_price": 98,
            "no_price": 2,
            "taker_side": "no"
        },
        {
            "trade_id": "5b04a9ff-9f80-4979-8147-6aa0ac896b4e",
            "ticker": "KXHIGHNY-25JAN04-B33.5",
            "count": 854,
            "created_time": "2025-01-04T20:40:42.913073Z",
            "yes_price": 99,
            "no_price": 1,
            "taker_side": "yes"
        },
        {
            "trade_id": "ecba9224-aa55-49e7-acd9-88b1dd43eeb3",
            "ticker": "KXHIGHNY-25JAN04-B33.5",
            "count": 1,
            "created_time": "2025-01-04T20:33:39.217821Z",
            "yes_price": 98,
            "no_price": 2,
            "taker_side": "no"
        },
        {
            "trade_id": "69ae60dd-2561-45ac-bc13-f00090bd229e",
            "ticker": "KXHIGHNY-25JAN04-B33.5",
            "count": 1,
            "created_time": "2025-01-04T20:33:32.379628Z",
            "yes_price": 98,
            "no_price": 2,
            "taker_side": "no"
        },
        {
            "trade_id": "04e5103f-e195-48fc-921e-785e0e3448d3",
            "ticker": "KXHIGHNY-25JAN04-B33.5",
            "count": 1,
            "created_time": "2025-01-04T20:33:17.550512Z",
            "yes_price": 98,
            "no_price": 2,
            "taker_side": "no"
        },
        {
            "trade_id": "7b484c69-639b-4bd2-ba68-c0b65a59f15e",
            "ticker": "KXHIGHNY-25JAN04-B33.5",
            "count": 1,
            "created_time": "2025-01-04T20:33:10.650574Z",
            "yes_price": 98,
            "no_price": 2,
            "taker_side": "no"
        },
        {
            "trade_id": "540d1840-597a-41bf-8ea0-36e953772331",
            "ticker": "KXHIGHNY-25JAN04-B33.5",
            "count": 1,
            "created_time": "2025-01-04T20:32:56.721315Z",
            "yes_price": 98,
            "no_price": 2,
            "taker_side": "no"
        },
        {
            "trade_id": "6f860c37-6787-497d-a6d2-f6e2864f4ba3",
            "ticker": "KXHIGHNY-25JAN04-B33.5",
            "count": 1,
            "created_time": "2025-01-04T20:32:49.476476Z",
            "yes_price": 98,
            "no_price": 2,
            "taker_side": "no"
        },
        {
            "trade_id": "a884b7ce-db0a-4628-9d84-197af40ddba2",
            "ticker": "KXHIGHNY-25JAN04-B33.5",
            "count": 1,
            "created_time": "2025-01-04T20:32:36.116199Z",
            "yes_price": 98,
            "no_price": 2,
            "taker_side": "no"
        },
        {
            "trade_id": "c7155f96-98cf-426a-9daf-0f8c1ab4be53",
            "ticker": "KXHIGHNY-25JAN04-B33.5",
            "count": 1,
            "created_time": "2025-01-04T20:32:29.331266Z",
            "yes_price": 98,
            "no_price": 2,
            "taker_side": "no"
        },
        {
            "trade_id": "295d7b49-62ac-403e-9d79-402397cf465a",
            "ticker": "KXHIGHNY-25JAN04-B33.5",
            "count": 1,
            "created_time": "2025-01-04T20:32:22.027599Z",
            "yes_price": 98,
            "no_price": 2,
            "taker_side": "no"
        },
        {
            "trade_id": "8a860c1c-c4e7-4aae-9bd4-d2fa1831cefb",
            "ticker": "KXHIGHNY-25JAN04-B33.5",
            "count": 1,
            "created_time": "2025-01-04T20:32:14.821542Z",
            "yes_price": 98,
            "no_price": 2,
            "taker_side": "no"
        },
        {
            "trade_id": "f92ad073-0802-4c78-ab96-b9ee252c1b32",
            "ticker": "KXHIGHNY-25JAN04-B33.5",
            "count": 1,
            "created_time": "2025-01-04T20:32:01.718022Z",
            "yes_price": 98,
            "no_price": 2,
            "taker_side": "no"
        },
        {
            "trade_id": "264618a6-707b-46dc-986f-70fbf72999e4",
            "ticker": "KXHIGHNY-25JAN04-B33.5",
            "count": 1,
            "created_time": "2025-01-04T20:31:55.515783Z",
            "yes_price": 98,
            "no_price": 2,
            "taker_side": "no"
        },
        {
            "trade_id": "8f6421b1-8144-4ce6-9b0a-0c28bc611ef8",
            "ticker": "KXHIGHNY-25JAN04-B33.5",
            "count": 2,
            "created_time": "2025-01-04T20:31:49.153486Z",
            "yes_price": 98,
            "no_price": 2,
            "taker_side": "no"
        },
        {
            "trade_id": "24d03352-bbb4-4945-8fcc-2713780179af",
            "ticker": "KXHIGHNY-25JAN04-B33.5",
            "count": 2,
            "created_time": "2025-01-04T20:31:36.461609Z",
            "yes_price": 98,
            "no_price": 2,
            "taker_side": "no"
        },
        {
            "trade_id": "9537cbb8-27e8-4865-9189-455bbdfb9482",
            "ticker": "KXHIGHNY-25JAN04-B33.5",
            "count": 2,
            "created_time": "2025-01-04T20:31:29.877994Z",
            "yes_price": 98,
            "no_price": 2,
            "taker_side": "no"
        },
        {
            "trade_id": "6045ca55-d336-4e7d-a752-05e9139b46e8",
            "ticker": "KXHIGHNY-25JAN04-B33.5",
            "count": 40,
            "created_time": "2025-01-04T20:31:24.750145Z",
            "yes_price": 98,
            "no_price": 2,
            "taker_side": "no"
        },
        {
            "trade_id": "b66fe265-54b7-46ff-946f-8e8be5b5a035",
            "ticker": "KXHIGHNY-25JAN04-B33.5",
            "count": 2,
            "created_time": "2025-01-04T20:31:16.313418Z",
            "yes_price": 98,
            "no_price": 2,
            "taker_side": "no"
        },
        {
            "trade_id": "8c69cfdf-a48c-42c6-8d19-a305ebb5c166",
            "ticker": "KXHIGHNY-25JAN04-B33.5",
            "count": 2,
            "created_time": "2025-01-04T20:31:10.046261Z",
            "yes_price": 98,
            "no_price": 2,
            "taker_side": "no"
        },
        {
            "trade_id": "fd873c75-3a0b-43c0-b79a-396f281eb07f",
            "ticker": "KXHIGHNY-25JAN04-B33.5",
            "count": 2,
            "created_time": "2025-01-04T20:30:58.19014Z",
            "yes_price": 98,
            "no_price": 2,
            "taker_side": "no"
        },
        {
            "trade_id": "c98e2422-1c0d-49d3-92e6-9b5b83953d15",
            "ticker": "KXHIGHNY-25JAN04-B33.5",
            "count": 4,
            "created_time": "2025-01-04T20:30:52.152535Z",
            "yes_price": 98,
            "no_price": 2,
            "taker_side": "no"
        },
        {
            "trade_id": "986bedba-e87d-4862-adcb-a25e24a1459f",
            "ticker": "KXHIGHNY-25JAN04-B33.5",
            "count": 9,
            "created_time": "2025-01-04T20:30:45.797659Z",
            "yes_price": 99,
            "no_price": 1,
            "taker_side": "yes"
        },
        {
            "trade_id": "f944e9f5-c4ec-4120-b379-5352190bd824",
            "ticker": "KXHIGHNY-25JAN04-B33.5",
            "count": 5,
            "created_time": "2025-01-04T20:30:44.484323Z",
            "yes_price": 98,
            "no_price": 2,
            "taker_side": "no"
        },
        {
            "trade_id": "4cbd7d2f-b947-4b42-b57b-28aebeff4f2a",
            "ticker": "KXHIGHNY-25JAN04-B33.5",
            "count": 21,
            "created_time": "2025-01-04T20:30:43.677647Z",
            "yes_price": 98,
            "no_price": 2,
            "taker_side": "no"
        },
        {
            "trade_id": "8fa54c4b-12be-408d-85fd-912ff3106c4d",
            "ticker": "KXHIGHNY-25JAN04-B33.5",
            "count": 193,
            "created_time": "2025-01-04T20:29:50.804981Z",
            "yes_price": 98,
            "no_price": 2,
            "taker_side": "no"
        },
        {
            "trade_id": "36e96645-bd47-4454-9afe-d030d7a1ff71",
            "ticker": "KXHIGHNY-25JAN04-B33.5",
            "count": 2,
            "created_time": "2025-01-04T20:28:37.935251Z",
            "yes_price": 98,
            "no_price": 2,
            "taker_side": "no"
        },
        {
            "trade_id": "7eee3930-c636-49e8-97dd-3e750820e952",
            "ticker": "KXHIGHNY-25JAN04-B33.5",
            "count": 2,
            "created_time": "2025-01-04T20:28:22.033907Z",
            "yes_price": 98,
            "no_price": 2,
            "taker_side": "no"
        },
        {
            "trade_id": "9134df2f-8c8a-4e36-a09c-de68a1bffcee",
            "ticker": "KXHIGHNY-25JAN04-B33.5",
            "count": 2,
            "created_time": "2025-01-04T20:28:07.701992Z",
            "yes_price": 98,
            "no_price": 2,
            "taker_side": "no"
        },
        {
            "trade_id": "6ddc0130-c856-46d6-bf47-a959a1953f1e",
            "ticker": "KXHIGHNY-25JAN04-B33.5",
            "count": 2,
            "created_time": "2025-01-04T20:28:00.734188Z",
            "yes_price": 98,
            "no_price": 2,
            "taker_side": "no"
        },
        {
            "trade_id": "eada7e05-22ff-4fea-8e5c-9d0282855fe6",
            "ticker": "KXHIGHNY-25JAN04-B33.5",
            "count": 2,
            "created_time": "2025-01-04T20:27:46.406441Z",
            "yes_price": 98,
            "no_price": 2,
            "taker_side": "no"
        },
        {
            "trade_id": "05d3fdf8-040f-4122-ba2b-dee8d54fe6d7",
            "ticker": "KXHIGHNY-25JAN04-B33.5",
            "count": 2,
            "created_time": "2025-01-04T20:27:39.561779Z",
            "yes_price": 98,
            "no_price": 2,
            "taker_side": "no"
        },
        {
            "trade_id": "246ec3d1-e33b-468b-af49-9cadcf2ba4d6",
            "ticker": "KXHIGHNY-25JAN04-B33.5",
            "count": 2,
            "created_time": "2025-01-04T20:27:24.193422Z",
            "yes_price": 98,
            "no_price": 2,
            "taker_side": "no"
        },
        {
            "trade_id": "d8a2ad37-ca5a-4e9d-b892-20f3b7c6f8d3",
            "ticker": "KXHIGHNY-25JAN04-B33.5",
            "count": 2,
            "created_time": "2025-01-04T20:27:10.076582Z",
            "yes_price": 98,
            "no_price": 2,
            "taker_side": "no"
        },
        {
            "trade_id": "26e3ae8a-efc3-4a61-b8be-990d9405f195",
            "ticker": "KXHIGHNY-25JAN04-B33.5",
            "count": 23,
            "created_time": "2025-01-04T20:26:59.594316Z",
            "yes_price": 98,
            "no_price": 2,
            "taker_side": "yes"
        },
        {
            "trade_id": "17b21078-78e7-4591-ab2f-d5fee2ee7dc7",
            "ticker": "KXHIGHNY-25JAN04-B33.5",
            "count": 5,
            "created_time": "2025-01-04T20:26:59.594316Z",
            "yes_price": 98,
            "no_price": 2,
            "taker_side": "yes"
        },
        {
            "trade_id": "5240c8cb-e1ff-41f1-b2c4-c3c29e2543e2",
            "ticker": "KXHIGHNY-25JAN04-B33.5",
            "count": 5,
            "created_time": "2025-01-04T20:26:26.929058Z",
            "yes_price": 98,
            "no_price": 2,
            "taker_side": "yes"
        },
        {
            "trade_id": "3dbf8247-b976-481f-ad15-f531391b4640",
            "ticker": "KXHIGHNY-25JAN04-B33.5",
            "count": 495,
            "created_time": "2025-01-04T20:26:26.929058Z",
            "yes_price": 98,
            "no_price": 2,
            "taker_side": "yes"
        },
        {
            "trade_id": "f321097c-2e75-4171-9354-5aacca473a81",
            "ticker": "KXHIGHNY-25JAN04-B33.5",
            "count": 156,
            "created_time": "2025-01-04T20:25:41.177419Z",
            "yes_price": 97,
            "no_price": 3,
            "taker_side": "no"
        },
        {
            "trade_id": "d0453f3d-9357-474e-98ef-9f9e6ce36048",
            "ticker": "KXHIGHNY-25JAN04-B33.5",
            "count": 20,
            "created_time": "2025-01-04T20:23:49.307555Z",
            "yes_price": 97,
            "no_price": 3,
            "taker_side": "no"
        },
        {
            "trade_id": "9f428507-7b30-4a5d-af86-2dc6ee8e4904",
            "ticker": "KXHIGHNY-25JAN04-B33.5",
            "count": 2,
            "created_time": "2025-01-04T20:19:54.02591Z",
            "yes_price": 97,
            "no_price": 3,
            "taker_side": "no"
        },
        {
            "trade_id": "47241779-3bad-4e68-9176-05ffc2b6f142",
            "ticker": "KXHIGHNY-25JAN04-B33.5",
            "count": 8,
            "created_time": "2025-01-04T20:17:26.632728Z",
            "yes_price": 98,
            "no_price": 2,
            "taker_side": "yes"
        },
        {
            "trade_id": "11a0b8da-0ae3-4ce4-92f3-c8f110007453",
            "ticker": "KXHIGHNY-25JAN04-B33.5",
            "count": 1,
            "created_time": "2025-01-04T20:17:26.632728Z",
            "yes_price": 98,
            "no_price": 2,
            "taker_side": "yes"
        },
        {
            "trade_id": "bd3a3066-0b44-42b3-b5f5-4cf3a38530fe",
            "ticker": "KXHIGHNY-25JAN04-B33.5",
            "count": 1,
            "created_time": "2025-01-04T20:17:12.570638Z",
            "yes_price": 97,
            "no_price": 3,
            "taker_side": "no"
        },
        {
            "trade_id": "b729abef-9733-44d2-a617-03e20f979423",
            "ticker": "KXHIGHNY-25JAN04-B33.5",
            "count": 16,
            "created_time": "2025-01-04T20:14:02.781772Z",
            "yes_price": 98,
            "no_price": 2,
            "taker_side": "yes"
        },
        {
            "trade_id": "b67d704e-3c07-4245-9d8f-06bb5dd65f69",
            "ticker": "KXHIGHNY-25JAN04-B33.5",
            "count": 401,
            "created_time": "2025-01-04T20:10:22.82162Z",
            "yes_price": 98,
            "no_price": 2,
            "taker_side": "no"
        },
        {
            "trade_id": "a15bdc6f-e4a2-48b2-9138-657e618c7829",
            "ticker": "KXHIGHNY-25JAN04-B33.5",
            "count": 12,
            "created_time": "2025-01-04T20:10:22.82162Z",
            "yes_price": 97,
            "no_price": 3,
            "taker_side": "no"
        },
        {
            "trade_id": "61203209-9f24-49e6-a8d8-37e3c4946743",
            "ticker": "KXHIGHNY-25JAN04-B33.5",
            "count": 500,
            "created_time": "2025-01-04T20:10:22.82162Z",
            "yes_price": 97,
            "no_price": 3,
            "taker_side": "no"
        },
        {
            "trade_id": "e6165986-aae5-4254-b266-38aa8e685175",
            "ticker": "KXHIGHNY-25JAN04-B33.5",
            "count": 2,
            "created_time": "2025-01-04T20:06:46.724794Z",
            "yes_price": 98,
            "no_price": 2,
            "taker_side": "no"
        },
        {
            "trade_id": "c87fd095-8c63-4961-b4eb-ebf8b94c7218",
            "ticker": "KXHIGHNY-25JAN04-B33.5",
            "count": 2,
            "created_time": "2025-01-04T20:06:40.062114Z",
            "yes_price": 98,
            "no_price": 2,
            "taker_side": "no"
        },
        {
            "trade_id": "080df150-919b-47df-b1ca-9c2c9989ad84",
            "ticker": "KXHIGHNY-25JAN04-B33.5",
            "count": 2,
            "created_time": "2025-01-04T20:06:26.169164Z",
            "yes_price": 98,
            "no_price": 2,
            "taker_side": "no"
        },
        {
            "trade_id": "cdf71eaf-74b0-4f30-b269-934629b5c05e",
            "ticker": "KXHIGHNY-25JAN04-B33.5",
            "count": 2,
            "created_time": "2025-01-04T20:06:18.555082Z",
            "yes_price": 98,
            "no_price": 2,
            "taker_side": "no"
        },
        {
            "trade_id": "d34b6c6a-cf73-49b6-aed4-723d98c722a8",
            "ticker": "KXHIGHNY-25JAN04-B33.5",
            "count": 7,
            "created_time": "2025-01-04T20:06:08.879159Z",
            "yes_price": 98,
            "no_price": 2,
            "taker_side": "no"
        },
        {
            "trade_id": "82700764-3b17-415c-b439-104e6c484418",
            "ticker": "KXHIGHNY-25JAN04-B33.5",
            "count": 26,
            "created_time": "2025-01-04T20:06:07.645608Z",
            "yes_price": 98,
            "no_price": 2,
            "taker_side": "no"
        },
        {
            "trade_id": "d23a746b-d8ad-4240-bd4d-fdfef9189d9c",
            "ticker": "KXHIGHNY-25JAN04-B33.5",
            "count": 1,
            "created_time": "2025-01-04T20:02:03.03775Z",
            "yes_price": 98,
            "no_price": 2,
            "taker_side": "no"
        },
        {
            "trade_id": "c9e5c5d4-4232-4461-a445-6882167b3ed1",
            "ticker": "KXHIGHNY-25JAN04-B33.5",
            "count": 10,
            "created_time": "2025-01-04T20:01:41.133403Z",
            "yes_price": 98,
            "no_price": 2,
            "taker_side": "no"
        },
        {
            "trade_id": "64c3184f-ed0d-4eab-bcaa-4e26f9c332d3",
            "ticker": "KXHIGHNY-25JAN04-B33.5",
            "count": 10,
            "created_time": "2025-01-04T20:00:44.234613Z",
            "yes_price": 98,
            "no_price": 2,
            "taker_side": "no"
        },
        {
            "trade_id": "cd2c2b63-931b-4727-85f3-022f25d39fbb",
            "ticker": "KXHIGHNY-25JAN04-B33.5",
            "count": 4,
            "created_time": "2025-01-04T20:00:44.044178Z",
            "yes_price": 98,
            "no_price": 2,
            "taker_side": "no"
        },
        {
            "trade_id": "0d4a3cbf-241f-4fe2-bdf1-0d0bfe70c656",
            "ticker": "KXHIGHNY-25JAN04-B33.5",
            "count": 33,
            "created_time": "2025-01-04T20:00:43.241435Z",
            "yes_price": 98,
            "no_price": 2,
            "taker_side": "no"
        },
        {
            "trade_id": "8386a7ee-8789-4a7d-ac13-afedc54444f1",
            "ticker": "KXHIGHNY-25JAN04-B33.5",
            "count": 19,
            "created_time": "2025-01-04T19:59:59.126689Z",
            "yes_price": 97,
            "no_price": 3,
            "taker_side": "no"
        },
        {
            "trade_id": "3e289d10-8e88-45b4-ae58-ff14382be3b1",
            "ticker": "KXHIGHNY-25JAN04-B33.5",
            "count": 231,
            "created_time": "2025-01-04T19:59:59.126689Z",
            "yes_price": 97,
            "no_price": 3,
            "taker_side": "no"
        },
        {
            "trade_id": "14e1cbd5-8613-4bab-964c-5221b1f24cfd",
            "ticker": "KXHIGHNY-25JAN04-B33.5",
            "count": 50,
            "created_time": "2025-01-04T19:59:59.126689Z",
            "yes_price": 97,
            "no_price": 3,
            "taker_side": "no"
        },
        {
            "trade_id": "e1a800f8-aa8d-428c-850b-d24afc63a1f5",
            "ticker": "KXHIGHNY-25JAN04-B33.5",
            "count": 50,
            "created_time": "2025-01-04T19:58:35.317024Z",
            "yes_price": 98,
            "no_price": 2,
            "taker_side": "yes"
        },
        {
            "trade_id": "30808726-dd2a-4b4b-935f-4ce562a12c81",
            "ticker": "KXHIGHNY-25JAN04-B33.5",
            "count": 32,
            "created_time": "2025-01-04T19:58:35.317024Z",
            "yes_price": 98,
            "no_price": 2,
            "taker_side": "yes"
        },
        {
            "trade_id": "cb51f867-ca3c-45e4-82fb-a91d17981ca2",
            "ticker": "KXHIGHNY-25JAN04-B33.5",
            "count": 3,
            "created_time": "2025-01-04T19:58:22.047247Z",
            "yes_price": 97,
            "no_price": 3,
            "taker_side": "no"
        },
        {
            "trade_id": "db307049-8303-4307-bb46-74326b05f616",
            "ticker": "KXHIGHNY-25JAN04-B33.5",
            "count": 2,
            "created_time": "2025-01-04T19:58:04.664713Z",
            "yes_price": 97,
            "no_price": 3,
            "taker_side": "no"
        },
        {
            "trade_id": "f3029b9a-f422-4160-908b-01a3d3fa687d",
            "ticker": "KXHIGHNY-25JAN04-B33.5",
            "count": 2,
            "created_time": "2025-01-04T19:57:47.260917Z",
            "yes_price": 97,
            "no_price": 3,
            "taker_side": "no"
        },
        {
            "trade_id": "f1b2e6d8-f6c8-462c-a0ff-0f500fc561ba",
            "ticker": "KXHIGHNY-25JAN04-B33.5",
            "count": 2,
            "created_time": "2025-01-04T19:57:31.08752Z",
            "yes_price": 97,
            "no_price": 3,
            "taker_side": "no"
        },
        {
            "trade_id": "f3dfaf65-aad7-4168-b8b6-aec9fdec6700",
            "ticker": "KXHIGHNY-25JAN04-B33.5",
            "count": 10,
            "created_time": "2025-01-04T19:57:13.980948Z",
            "yes_price": 97,
            "no_price": 3,
            "taker_side": "yes"
        },
        {
            "trade_id": "68f8bc8c-8131-4ef0-a547-5a41d59c97bf",
            "ticker": "KXHIGHNY-25JAN04-B33.5",
            "count": 86,
            "created_time": "2025-01-04T19:53:49.700808Z",
            "yes_price": 97,
            "no_price": 3,
            "taker_side": "no"
        },
        {
            "trade_id": "03395221-dac7-4840-b144-01d6a3ed8a17",
            "ticker": "KXHIGHNY-25JAN04-B33.5",
            "count": 52,
            "created_time": "2025-01-04T19:53:49.700808Z",
            "yes_price": 96,
            "no_price": 4,
            "taker_side": "no"
        },
        {
            "trade_id": "e98b5598-0eb7-474f-a55c-6af8371590be",
            "ticker": "KXHIGHNY-25JAN04-B33.5",
            "count": 51,
            "created_time": "2025-01-04T19:53:21.572089Z",
            "yes_price": 97,
            "no_price": 3,
            "taker_side": "yes"
        },
        {
            "trade_id": "d275ff14-d706-4ac1-882c-d4e07273ebca",
            "ticker": "KXHIGHNY-25JAN04-B33.5",
            "count": 285,
            "created_time": "2025-01-04T19:53:21.572089Z",
            "yes_price": 97,
            "no_price": 3,
            "taker_side": "yes"
        },
        {
            "trade_id": "734ee6b7-fb89-4fc2-bd66-0220edb9becd",
            "ticker": "KXHIGHNY-25JAN04-B33.5",
            "count": 25,
            "created_time": "2025-01-04T19:53:21.572089Z",
            "yes_price": 97,
            "no_price": 3,
            "taker_side": "yes"
        },
        {
            "trade_id": "42d08b8c-9928-45c3-9175-9b5df95691e0",
            "ticker": "KXHIGHNY-25JAN04-B33.5",
            "count": 70,
            "created_time": "2025-01-04T19:53:21.572089Z",
            "yes_price": 97,
            "no_price": 3,
            "taker_side": "yes"
        },
        {
            "trade_id": "fb9b46ad-e77a-4657-b6a0-c54fa6667c25",
            "ticker": "KXHIGHNY-25JAN04-B33.5",
            "count": 1,
            "created_time": "2025-01-04T19:53:14.027922Z",
            "yes_price": 95,
            "no_price": 5,
            "taker_side": "yes"
        },
        {
            "trade_id": "8db775d2-f6cf-4fe2-a22d-99752319cd82",
            "ticker": "KXHIGHNY-25JAN04-B33.5",
            "count": 232,
            "created_time": "2025-01-04T19:53:14.027922Z",
            "yes_price": 95,
            "no_price": 5,
            "taker_side": "yes"
        },
        {
            "trade_id": "6a1c8941-33d7-40a8-8373-d9f00cb23c8c",
            "ticker": "KXHIGHNY-25JAN04-B33.5",
            "count": 56,
            "created_time": "2025-01-04T19:49:26.548569Z",
            "yes_price": 95,
            "no_price": 5,
            "taker_side": "yes"
        },
        {
            "trade_id": "1a57850f-9789-43d9-8612-d4661932dc39",
            "ticker": "KXHIGHNY-25JAN04-B33.5",
            "count": 108,
            "created_time": "2025-01-04T19:49:26.548569Z",
            "yes_price": 94,
            "no_price": 6,
            "taker_side": "yes"
        },
        {
            "trade_id": "0f475125-1ce1-4a6e-853b-cb0224013c26",
            "ticker": "KXHIGHNY-25JAN04-B33.5",
            "count": 30,
            "created_time": "2025-01-04T19:49:26.548569Z",
            "yes_price": 97,
            "no_price": 3,
            "taker_side": "yes"
        },
        {
            "trade_id": "2f00849d-efd4-4176-b6ef-59723c4b519f",
            "ticker": "KXHIGHNY-25JAN04-B33.5",
            "count": 5,
            "created_time": "2025-01-04T19:47:36.390565Z",
            "yes_price": 93,
            "no_price": 7,
            "taker_side": "yes"
        },
        {
            "trade_id": "7e7b2e2b-3795-46ea-ad2e-2a4368797592",
            "ticker": "KXHIGHNY-25JAN04-B33.5",
            "count": 1,
            "created_time": "2025-01-04T19:46:52.967206Z",
            "yes_price": 90,
            "no_price": 10,
            "taker_side": "no"
        },
        {
            "trade_id": "baee94a1-c51c-498b-8751-62adbe7d3313",
            "ticker": "KXHIGHNY-25JAN04-B33.5",
            "count": 10,
            "created_time": "2025-01-04T19:46:35.118483Z",
            "yes_price": 93,
            "no_price": 7,
            "taker_side": "yes"
        },
        {
            "trade_id": "3f8337fb-75b9-474d-a864-9506ea48c163",
            "ticker": "KXHIGHNY-25JAN04-B33.5",
            "count": 3,
            "created_time": "2025-01-04T19:46:05.286036Z",
            "yes_price": 90,
            "no_price": 10,
            "taker_side": "no"
        },
        {
            "trade_id": "06dea4f4-1e15-43d4-908c-034212194b99",
            "ticker": "KXHIGHNY-25JAN04-B33.5",
            "count": 5,
            "created_time": "2025-01-04T19:39:12.569474Z",
            "yes_price": 89,
            "no_price": 11,
            "taker_side": "no"
        },
        {
            "trade_id": "e3c9cbf7-e51d-466a-b8fa-98848f9c2051",
            "ticker": "KXHIGHNY-25JAN04-B33.5",
            "count": 170,
            "created_time": "2025-01-04T19:32:33.529912Z",
            "yes_price": 89,
            "no_price": 11,
            "taker_side": "no"
        },
        {
            "trade_id": "2c920796-57d4-4583-aae5-20bb91c7c29c",
            "ticker": "KXHIGHNY-25JAN04-B33.5",
            "count": 1,
            "created_time": "2025-01-04T19:31:41.911288Z",
            "yes_price": 89,
            "no_price": 11,
            "taker_side": "no"
        },
        {
            "trade_id": "41ef8442-e2a2-466e-8fed-bd3fd58626eb",
            "ticker": "KXHIGHNY-25JAN04-B33.5",
            "count": 15,
            "created_time": "2025-01-04T19:18:54.669498Z",
            "yes_price": 91,
            "no_price": 9,
            "taker_side": "yes"
        },
        {
            "trade_id": "d79fbfc9-208a-4bec-bd2d-66aca3e8e9e7",
            "ticker": "KXHIGHNY-25JAN04-B33.5",
            "count": 21,
            "created_time": "2025-01-04T19:18:33.556179Z",
            "yes_price": 91,
            "no_price": 9,
            "taker_side": "yes"
        },
        {
            "trade_id": "d643ada2-dcdd-4dfd-9a76-5d055c9f1b71",
            "ticker": "KXHIGHNY-25JAN04-B33.5",
            "count": 266,
            "created_time": "2025-01-04T19:16:42.52107Z",
            "yes_price": 85,
            "no_price": 15,
            "taker_side": "no"
        },
        {
            "trade_id": "7d8ec29e-8e35-49cb-bbf0-514965ac7988",
            "ticker": "KXHIGHNY-25JAN04-B33.5",
            "count": 313,
            "created_time": "2025-01-04T19:16:42.52107Z",
            "yes_price": 90,
            "no_price": 10,
            "taker_side": "no"
        },
        {
            "trade_id": "6d850a6b-5882-4fa1-a4c3-ff07be5159fb",
            "ticker": "KXHIGHNY-25JAN04-B33.5",
            "count": 200,
            "created_time": "2025-01-04T19:16:42.52107Z",
            "yes_price": 89,
            "no_price": 11,
            "taker_side": "no"
        },
        {
            "trade_id": "dc864a7c-b09d-4be3-ae8b-60e124e30119",
            "ticker": "KXHIGHNY-25JAN04-B33.5",
            "count": 5,
            "created_time": "2025-01-04T19:16:32.044859Z",
            "yes_price": 95,
            "no_price": 5,
            "taker_side": "yes"
        },
        {
            "trade_id": "5879e5e4-37f0-4194-9dd4-726dd4e48b19",
            "ticker": "KXHIGHNY-25JAN04-B33.5",
            "count": 1,
            "created_time": "2025-01-04T19:16:31.430022Z",
            "yes_price": 90,
            "no_price": 10,
            "taker_side": "no"
        },
        {
