{
    "KXHIGHNY-25APR09-T47": [
        {
            "trade_id": "76aecca3-9c93-44b4-b03a-532f8c154e38",
            "ticker": "KXHIGHNY-25APR09-T47",
            "count": 81,
            "created_time": "2025-04-09T17:54:03.273198Z",
            "yes_price": 1,
            "no_price": 99,
            "taker_side": "yes"
        },
        {
            "trade_id": "265d9855-6994-4528-9805-5ecc347f540c",
            "ticker": "KXHIGHNY-25APR09-T47",
            "count": 1723,
            "created_time": "2025-04-09T17:53:57.33944Z",
            "yes_price": 1,
            "no_price": 99,
            "taker_side": "yes"
        },
        {
            "trade_id": "10640b82-91a5-41e5-a973-d27db89527fa",
            "ticker": "KXHIGHNY-25APR09-T47",
            "count": 100,
            "created_time": "2025-04-09T17:53:22.959315Z",
            "yes_price": 1,
            "no_price": 99,
            "taker_side": "no"
        },
        {
            "trade_id": "01e4fcd3-966b-4b56-b233-e4c2e5d4ca13",
            "ticker": "KXHIGHNY-25APR09-T47",
            "count": 293,
            "created_time": "2025-04-09T17:53:22.959315Z",
            "yes_price": 1,
            "no_price": 99,
            "taker_side": "no"
        },
        {
            "trade_id": "895a6f22-b22f-4a61-b14a-6b9d5a39ecc2",
            "ticker": "KXHIGHNY-25APR09-T47",
            "count": 10,
            "created_time": "2025-04-09T17:53:13.692218Z",
            "yes_price": 1,
            "no_price": 99,
            "taker_side": "no"
        },
        {
            "trade_id": "9cd696e5-dbd8-4ec3-b7bc-86568786b890",
            "ticker": "KXHIGHNY-25APR09-T47",
            "count": 101,
            "created_time": "2025-04-09T17:53:06.031428Z",
            "yes_price": 1,
            "no_price": 99,
            "taker_side": "no"
        },
        {
            "trade_id": "92d9346b-9f1c-467e-a1b6-21cad5eb95ac",
            "ticker": "KXHIGHNY-25APR09-T47",
            "count": 797,
            "created_time": "2025-04-09T17:53:06.031428Z",
            "yes_price": 1,
            "no_price": 99,
            "taker_side": "no"
        },
        {
            "trade_id": "0916bd68-fb7b-40d5-8d84-8f4f820beda1",
            "ticker": "KXHIGHNY-25APR09-T47",
            "count": 102,
            "created_time": "2025-04-09T17:53:06.031428Z",
            "yes_price": 1,
            "no_price": 99,
            "taker_side": "no"
        },
        {
            "trade_id": "aa06a780-d343-4af8-b5a8-e6498218763a",
            "ticker": "KXHIGHNY-25APR09-T47",
            "count": 1723,
            "created_time": "2025-04-09T17:53:05.877219Z",
            "yes_price": 4,
            "no_price": 96,
            "taker_side": "no"
        },
        {
            "trade_id": "91faaa6e-f9ae-47ef-8d40-c98bea926ee9",
            "ticker": "KXHIGHNY-25APR09-T47",
            "count": 20,
            "created_time": "2025-04-09T17:51:59.07842Z",
            "yes_price": 7,
            "no_price": 93,
            "taker_side": "yes"
        },
        {
            "trade_id": "4967687e-37a1-42c0-b87c-d724200342e4",
            "ticker": "KXHIGHNY-25APR09-T47",
            "count": 1,
            "created_time": "2025-04-09T17:51:59.07842Z",
            "yes_price": 7,
            "no_price": 93,
            "taker_side": "yes"
        },
        {
            "trade_id": "1fe77dd0-f3a4-40ec-a594-0ba205e5a477",
            "ticker": "KXHIGHNY-25APR09-T47",
            "count": 1,
            "created_time": "2025-04-09T17:51:59.07842Z",
            "yes_price": 7,
            "no_price": 93,
            "taker_side": "yes"
        },
        {
            "trade_id": "d99af51d-486f-4c11-9647-f3b2d5478a57",
            "ticker": "KXHIGHNY-25APR09-T47",
            "count": 15,
            "created_time": "2025-04-09T17:39:34.096211Z",
            "yes_price": 4,
            "no_price": 96,
            "taker_side": "no"
        },
        {
            "trade_id": "e8f90636-db9d-4a5e-b402-fdc2c3252761",
            "ticker": "KXHIGHNY-25APR09-T47",
            "count": 50,
            "created_time": "2025-04-09T17:39:34.068029Z",
            "yes_price": 4,
            "no_price": 96,
            "taker_side": "no"
        },
        {
            "trade_id": "58fd4abd-9380-4461-a4fa-b9ebcd116f9a",
            "ticker": "KXHIGHNY-25APR09-T47",
            "count": 49,
            "created_time": "2025-04-09T17:39:30.808398Z",
            "yes_price": 4,
            "no_price": 96,
            "taker_side": "no"
        },
        {
            "trade_id": "28f95609-d1ee-4365-ac6a-a9513975e8f2",
            "ticker": "KXHIGHNY-25APR09-T47",
            "count": 13,
            "created_time": "2025-04-09T17:23:24.586896Z",
            "yes_price": 4,
            "no_price": 96,
            "taker_side": "no"
        },
        {
            "trade_id": "038c7dbd-d06e-4420-bf8d-02c5e35f02a1",
            "ticker": "KXHIGHNY-25APR09-T47",
            "count": 7,
            "created_time": "2025-04-09T17:23:06.274864Z",
            "yes_price": 4,
            "no_price": 96,
            "taker_side": "no"
        },
        {
            "trade_id": "4d19b80e-168d-4a23-9a96-207308ec2a6d",
            "ticker": "KXHIGHNY-25APR09-T47",
            "count": 3,
            "created_time": "2025-04-09T17:21:39.919294Z",
            "yes_price": 4,
            "no_price": 96,
            "taker_side": "no"
        },
        {
            "trade_id": "3ef0f832-6ed1-46de-bd92-1d3aa6e6d0b5",
            "ticker": "KXHIGHNY-25APR09-T47",
            "count": 50,
            "created_time": "2025-04-09T17:21:37.657446Z",
            "yes_price": 4,
            "no_price": 96,
            "taker_side": "no"
        },
        {
            "trade_id": "5b4833c9-fa4e-45f9-bd3d-2bf7e60738e5",
            "ticker": "KXHIGHNY-25APR09-T47",
            "count": 50,
            "created_time": "2025-04-09T17:20:59.55559Z",
            "yes_price": 4,
            "no_price": 96,
            "taker_side": "yes"
        },
        {
            "trade_id": "4ab28305-2f2a-45da-af1c-60e79d54dd14",
            "ticker": "KXHIGHNY-25APR09-T47",
            "count": 40,
            "created_time": "2025-04-09T17:20:59.55559Z",
            "yes_price": 3,
            "no_price": 97,
            "taker_side": "yes"
        },
        {
            "trade_id": "75ee2d9d-85e8-46c2-bce3-a29682bbe4c3",
            "ticker": "KXHIGHNY-25APR09-T47",
            "count": 10,
            "created_time": "2025-04-09T17:15:34.117872Z",
            "yes_price": 3,
            "no_price": 97,
            "taker_side": "yes"
        },
        {
            "trade_id": "0a167903-0265-4fa4-83c9-cf74bd576b9b",
            "ticker": "KXHIGHNY-25APR09-T47",
            "count": 28,
            "created_time": "2025-04-09T17:13:18.023694Z",
            "yes_price": 1,
            "no_price": 99,
            "taker_side": "no"
        },
        {
            "trade_id": "84f75419-cd78-470b-b197-13c7cf87c146",
            "ticker": "KXHIGHNY-25APR09-T47",
            "count": 100,
            "created_time": "2025-04-09T16:55:15.570719Z",
            "yes_price": 2,
            "no_price": 98,
            "taker_side": "no"
        },
        {
            "trade_id": "c1c6cb7c-bd24-468d-90e0-6e17d5a1d649",
            "ticker": "KXHIGHNY-25APR09-T47",
            "count": 879,
            "created_time": "2025-04-09T16:52:39.041844Z",
            "yes_price": 2,
            "no_price": 98,
            "taker_side": "yes"
        },
        {
            "trade_id": "7eccbb9e-0e66-4155-8b9b-1a1898cf01f8",
            "ticker": "KXHIGHNY-25APR09-T47",
            "count": 400,
            "created_time": "2025-04-09T16:52:39.041844Z",
            "yes_price": 2,
            "no_price": 98,
            "taker_side": "yes"
        },
        {
            "trade_id": "8a9edb01-0455-4fee-af15-2d35a057c4ac",
            "ticker": "KXHIGHNY-25APR09-T47",
            "count": 100,
            "created_time": "2025-04-09T16:50:26.309996Z",
            "yes_price": 2,
            "no_price": 98,
            "taker_side": "yes"
        },
        {
            "trade_id": "89496592-0830-4662-a4cd-f81657a89ac4",
            "ticker": "KXHIGHNY-25APR09-T47",
            "count": 1,
            "created_time": "2025-04-09T16:16:46.258779Z",
            "yes_price": 2,
            "no_price": 98,
            "taker_side": "yes"
        },
        {
            "trade_id": "ae4e7cad-2fe3-4605-bfcb-de03fa68c050",
            "ticker": "KXHIGHNY-25APR09-T47",
            "count": 50,
            "created_time": "2025-04-09T15:44:38.089723Z",
            "yes_price": 2,
            "no_price": 98,
            "taker_side": "yes"
        },
        {
            "trade_id": "bf27f143-3cb9-4a6a-a49b-8aaa7d736908",
            "ticker": "KXHIGHNY-25APR09-T47",
            "count": 110,
            "created_time": "2025-04-09T15:26:05.061791Z",
            "yes_price": 1,
            "no_price": 99,
            "taker_side": "no"
        },
        {
            "trade_id": "0a8b285b-8f5c-468c-a82e-b229fa4d42d7",
            "ticker": "KXHIGHNY-25APR09-T47",
            "count": 5,
            "created_time": "2025-04-09T15:19:56.39311Z",
            "yes_price": 1,
            "no_price": 99,
            "taker_side": "no"
        },
        {
            "trade_id": "12d561e7-2545-431b-94a2-e99f75d4208c",
            "ticker": "KXHIGHNY-25APR09-T47",
            "count": 40,
            "created_time": "2025-04-09T15:13:01.118417Z",
            "yes_price": 2,
            "no_price": 98,
            "taker_side": "no"
        },
        {
            "trade_id": "24c01ed4-294a-4092-b7f3-b19413fe05ab",
            "ticker": "KXHIGHNY-25APR09-T47",
            "count": 22,
            "created_time": "2025-04-09T15:02:45.575808Z",
            "yes_price": 1,
            "no_price": 99,
            "taker_side": "no"
        },
        {
            "trade_id": "8090c131-0ae9-4f0a-a75d-024049d99e29",
            "ticker": "KXHIGHNY-25APR09-T47",
            "count": 125,
            "created_time": "2025-04-09T14:58:36.065331Z",
            "yes_price": 1,
            "no_price": 99,
            "taker_side": "no"
        },
        {
            "trade_id": "e4c2ec8d-9441-4aea-a015-e3893e4b1e83",
            "ticker": "KXHIGHNY-25APR09-T47",
            "count": 4,
            "created_time": "2025-04-09T14:54:01.924649Z",
            "yes_price": 2,
            "no_price": 98,
            "taker_side": "yes"
        },
        {
            "trade_id": "59411b0a-ae24-4863-9095-27a9489c771e",
            "ticker": "KXHIGHNY-25APR09-T47",
            "count": 6,
            "created_time": "2025-04-09T14:54:01.469296Z",
            "yes_price": 2,
            "no_price": 98,
            "taker_side": "yes"
        },
        {
            "trade_id": "19bdba5f-5f91-4897-8356-0c29a4750cb9",
            "ticker": "KXHIGHNY-25APR09-T47",
            "count": 9,
            "created_time": "2025-04-09T14:54:01.009308Z",
            "yes_price": 2,
            "no_price": 98,
            "taker_side": "yes"
        },
        {
            "trade_id": "87131d9c-a175-4aff-a74f-25d364255102",
            "ticker": "KXHIGHNY-25APR09-T47",
            "count": 11,
            "created_time": "2025-04-09T14:54:00.509459Z",
            "yes_price": 2,
            "no_price": 98,
            "taker_side": "yes"
        },
        {
            "trade_id": "f74be49a-1a28-47e4-9280-f10031c805f4",
            "ticker": "KXHIGHNY-25APR09-T47",
            "count": 1,
            "created_time": "2025-04-09T14:54:00.018587Z",
            "yes_price": 2,
            "no_price": 98,
            "taker_side": "yes"
        },
        {
            "trade_id": "351135ec-73bf-4b8c-86df-acd8e64b4a38",
            "ticker": "KXHIGHNY-25APR09-T47",
            "count": 15,
            "created_time": "2025-04-09T14:53:59.542919Z",
            "yes_price": 2,
            "no_price": 98,
            "taker_side": "yes"
        },
        {
            "trade_id": "78fc122c-8085-4e9e-8516-b4349e1fb19f",
            "ticker": "KXHIGHNY-25APR09-T47",
            "count": 18,
            "created_time": "2025-04-09T14:53:59.073432Z",
            "yes_price": 2,
            "no_price": 98,
            "taker_side": "yes"
        },
        {
            "trade_id": "f15caa74-4036-4619-b13d-7dd60e8575e8",
            "ticker": "KXHIGHNY-25APR09-T47",
            "count": 17,
            "created_time": "2025-04-09T14:53:58.610635Z",
            "yes_price": 2,
            "no_price": 98,
            "taker_side": "yes"
        },
        {
            "trade_id": "c3efdd30-15e6-41b6-9cd2-56c0a1203047",
            "ticker": "KXHIGHNY-25APR09-T47",
            "count": 22,
            "created_time": "2025-04-09T14:53:58.128741Z",
            "yes_price": 2,
            "no_price": 98,
            "taker_side": "yes"
        },
        {
            "trade_id": "a4339921-c586-407a-8269-904e27c7fe21",
            "ticker": "KXHIGHNY-25APR09-T47",
            "count": 1,
            "created_time": "2025-04-09T14:53:57.665225Z",
            "yes_price": 2,
            "no_price": 98,
            "taker_side": "yes"
        },
        {
            "trade_id": "1eeff2d7-4976-4882-9885-041df246f227",
            "ticker": "KXHIGHNY-25APR09-T47",
            "count": 29,
            "created_time": "2025-04-09T14:53:57.164514Z",
            "yes_price": 2,
            "no_price": 98,
            "taker_side": "yes"
        },
        {
            "trade_id": "38847bdd-99d6-44ee-af15-13005d5dd313",
            "ticker": "KXHIGHNY-25APR09-T47",
            "count": 21,
            "created_time": "2025-04-09T14:53:56.688125Z",
            "yes_price": 2,
            "no_price": 98,
            "taker_side": "yes"
        },
        {
            "trade_id": "8b6ce89b-c5bb-4567-b0b8-77e2d7e6c30b",
            "ticker": "KXHIGHNY-25APR09-T47",
            "count": 39,
            "created_time": "2025-04-09T14:53:56.216177Z",
            "yes_price": 2,
            "no_price": 98,
            "taker_side": "yes"
        },
        {
            "trade_id": "5faee590-f9fb-450a-b90f-6b4d41cb8fd4",
            "ticker": "KXHIGHNY-25APR09-T47",
            "count": 16,
            "created_time": "2025-04-09T14:53:55.763197Z",
            "yes_price": 2,
            "no_price": 98,
            "taker_side": "yes"
        },
        {
            "trade_id": "336bebe9-3fc1-4499-8ffd-5bb364b73373",
            "ticker": "KXHIGHNY-25APR09-T47",
            "count": 27,
            "created_time": "2025-04-09T14:53:55.308143Z",
            "yes_price": 2,
            "no_price": 98,
            "taker_side": "yes"
        },
        {
            "trade_id": "11a8e840-bddb-48c9-806a-7effc1a51019",
            "ticker": "KXHIGHNY-25APR09-T47",
            "count": 33,
            "created_time": "2025-04-09T14:53:55.308143Z",
            "yes_price": 2,
            "no_price": 98,
            "taker_side": "yes"
        },
        {
            "trade_id": "9a6761cf-13b5-4a29-a800-2ae0e1adbbfc",
            "ticker": "KXHIGHNY-25APR09-T47",
            "count": 73,
            "created_time": "2025-04-09T14:53:54.82641Z",
            "yes_price": 2,
            "no_price": 98,
            "taker_side": "yes"
        },
        {
            "trade_id": "6d1eeb05-4a88-47cf-ab68-c598340e566b",
            "ticker": "KXHIGHNY-25APR09-T47",
            "count": 50,
            "created_time": "2025-04-09T14:53:54.82641Z",
            "yes_price": 2,
            "no_price": 98,
            "taker_side": "yes"
        },
        {
            "trade_id": "09b95005-07f1-42f0-bc3c-68eacea27df5",
            "ticker": "KXHIGHNY-25APR09-T47",
            "count": 50,
            "created_time": "2025-04-09T14:53:54.367075Z",
            "yes_price": 1,
            "no_price": 99,
            "taker_side": "yes"
        },
        {
            "trade_id": "0dfa60d3-0a0f-4755-b4dd-cc682a99f8a2",
            "ticker": "KXHIGHNY-25APR09-T47",
            "count": 50,
            "created_time": "2025-04-09T14:43:21.80922Z",
            "yes_price": 1,
            "no_price": 99,
            "taker_side": "yes"
        },
        {
            "trade_id": "01976257-e5e1-42a2-b6c4-587999ec7ab1",
            "ticker": "KXHIGHNY-25APR09-T47",
            "count": 50,
            "created_time": "2025-04-09T14:26:38.671471Z",
            "yes_price": 1,
            "no_price": 99,
            "taker_side": "yes"
        },
        {
            "trade_id": "6bef3fbd-433e-4148-9cc6-c25e54f77dc1",
            "ticker": "KXHIGHNY-25APR09-T47",
            "count": 50,
            "created_time": "2025-04-09T14:20:15.048056Z",
            "yes_price": 1,
            "no_price": 99,
            "taker_side": "yes"
        },
        {
            "trade_id": "fae5090c-4409-4a83-8485-de0d1e2cf5ad",
            "ticker": "KXHIGHNY-25APR09-T47",
            "count": 30,
            "created_time": "2025-04-09T13:41:25.874031Z",
            "yes_price": 1,
            "no_price": 99,
            "taker_side": "no"
        },
        {
            "trade_id": "ec58222a-7b41-4a83-b92d-20d56114527a",
            "ticker": "KXHIGHNY-25APR09-T47",
            "count": 17,
            "created_time": "2025-04-09T13:41:25.874031Z",
            "yes_price": 1,
            "no_price": 99,
            "taker_side": "no"
        },
        {
            "trade_id": "4cab76e9-4011-4e94-b8e4-39c88ba91672",
            "ticker": "KXHIGHNY-25APR09-T47",
            "count": 60,
            "created_time": "2025-04-09T13:41:25.874031Z",
            "yes_price": 1,
            "no_price": 99,
            "taker_side": "no"
        },
        {
            "trade_id": "3f16e72e-3a2f-454e-9dd0-3b3ffe0834ba",
            "ticker": "KXHIGHNY-25APR09-T47",
            "count": 150,
            "created_time": "2025-04-09T13:41:25.874031Z",
            "yes_price": 1,
            "no_price": 99,
            "taker_side": "no"
        },
        {
            "trade_id": "b4f9de2c-010e-4dee-9a7d-9e1ddde51419",
            "ticker": "KXHIGHNY-25APR09-T47",
            "count": 25,
            "created_time": "2025-04-09T13:04:28.026219Z",
            "yes_price": 1,
            "no_price": 99,
            "taker_side": "no"
        },
        {
            "trade_id": "d09018c7-b0ef-49f6-ad50-1bc3cb17bed3",
            "ticker": "KXHIGHNY-25APR09-T47",
            "count": 30,
            "created_time": "2025-04-09T12:55:56.925086Z",
            "yes_price": 1,
            "no_price": 99,
            "taker_side": "no"
        },
        {
            "trade_id": "9b0b6a5c-c32d-47fd-9fcd-d10a93bd7a20",
            "ticker": "KXHIGHNY-25APR09-T47",
            "count": 18,
            "created_time": "2025-04-09T12:55:56.925086Z",
            "yes_price": 1,
            "no_price": 99,
            "taker_side": "no"
        },
        {
            "trade_id": "0e299c34-0f0c-4a31-97eb-11d1f283653a",
            "ticker": "KXHIGHNY-25APR09-T47",
            "count": 2,
            "created_time": "2025-04-09T12:55:56.925086Z",
            "yes_price": 1,
            "no_price": 99,
            "taker_side": "no"
        },
        {
            "trade_id": "e821118b-81cb-484b-9619-9603f06de6b8",
            "ticker": "KXHIGHNY-25APR09-T47",
            "count": 50,
            "created_time": "2025-04-09T12:55:01.627368Z",
            "yes_price": 2,
            "no_price": 98,
            "taker_side": "no"
        },
        {
            "trade_id": "4486df45-1caf-4438-b07e-da767b117efa",
            "ticker": "KXHIGHNY-25APR09-T47",
            "count": 131,
            "created_time": "2025-04-09T12:55:01.627368Z",
            "yes_price": 1,
            "no_price": 99,
            "taker_side": "no"
        },
        {
            "trade_id": "5fd5ce75-e1b4-4bf5-bc5b-f6e17c0eb508",
            "ticker": "KXHIGHNY-25APR09-T47",
            "count": 120,
            "created_time": "2025-04-09T12:50:16.541433Z",
            "yes_price": 2,
            "no_price": 98,
            "taker_side": "no"
        },
        {
            "trade_id": "f88c05ed-3dfc-46c8-bf3e-7087ab55a3d8",
            "ticker": "KXHIGHNY-25APR09-T47",
            "count": 1,
            "created_time": "2025-04-09T12:18:20.760874Z",
            "yes_price": 1,
            "no_price": 99,
            "taker_side": "no"
        },
        {
            "trade_id": "da88b010-aeeb-4227-872f-85a9e5e19fe1",
            "ticker": "KXHIGHNY-25APR09-T47",
            "count": 38,
            "created_time": "2025-04-09T12:18:02.417293Z",
            "yes_price": 1,
            "no_price": 99,
            "taker_side": "no"
        },
        {
            "trade_id": "2202de02-1c67-49a7-8d45-2bcb331fd4b3",
            "ticker": "KXHIGHNY-25APR09-T47",
            "count": 50,
            "created_time": "2025-04-09T12:18:02.417293Z",
            "yes_price": 2,
            "no_price": 98,
            "taker_side": "no"
        },
        {
            "trade_id": "59fe8700-2f11-4d46-9662-cd9a99d3e6ca",
            "ticker": "KXHIGHNY-25APR09-T47",
            "count": 23,
            "created_time": "2025-04-09T12:13:55.971133Z",
            "yes_price": 2,
            "no_price": 98,
            "taker_side": "yes"
        },
        {
            "trade_id": "761f13c6-ea28-4680-94e6-18710bb6677c",
            "ticker": "KXHIGHNY-25APR09-T47",
            "count": 6,
            "created_time": "2025-04-09T06:33:32.301373Z",
            "yes_price": 3,
            "no_price": 97,
            "taker_side": "no"
        },
        {
            "trade_id": "5e12db63-e9b2-4ae8-96c4-20821c6de2d6",
            "ticker": "KXHIGHNY-25APR09-T47",
            "count": 3,
            "created_time": "2025-04-09T06:30:51.046814Z",
            "yes_price": 3,
            "no_price": 97,
            "taker_side": "no"
        },
        {
            "trade_id": "58b1ef7c-8a4f-4bde-85c2-bd3dbb0a827a",
            "ticker": "KXHIGHNY-25APR09-T47",
            "count": 3,
            "created_time": "2025-04-09T06:30:50.730863Z",
            "yes_price": 3,
            "no_price": 97,
            "taker_side": "no"
        },
        {
            "trade_id": "25b0a491-be84-488b-8244-69e18d658196",
            "ticker": "KXHIGHNY-25APR09-T47",
            "count": 2,
            "created_time": "2025-04-09T06:30:49.886022Z",
            "yes_price": 3,
            "no_price": 97,
            "taker_side": "no"
        },
        {
            "trade_id": "dbc60920-90e7-41a1-bbe8-4ea8f72b1704",
            "ticker": "KXHIGHNY-25APR09-T47",
            "count": 32,
            "created_time": "2025-04-09T06:30:49.041779Z",
            "yes_price": 3,
            "no_price": 97,
            "taker_side": "no"
        },
        {
            "trade_id": "7764959f-1998-4c74-beb6-74a0ccef4b75",
            "ticker": "KXHIGHNY-25APR09-T47",
            "count": 3,
            "created_time": "2025-04-09T06:30:48.197971Z",
            "yes_price": 3,
            "no_price": 97,
            "taker_side": "no"
        },
        {
            "trade_id": "bf1ed393-d2c6-47e0-afcb-1feaa009ad30",
            "ticker": "KXHIGHNY-25APR09-T47",
            "count": 15,
            "created_time": "2025-04-09T06:23:39.096424Z",
            "yes_price": 1,
            "no_price": 99,
            "taker_side": "no"
        },
        {
            "trade_id": "1b9a1ecf-c9e9-4132-b0aa-5e503fce0c6c",
            "ticker": "KXHIGHNY-25APR09-T47",
            "count": 3,
            "created_time": "2025-04-09T06:08:22.746289Z",
            "yes_price": 1,
            "no_price": 99,
            "taker_side": "no"
        },
        {
            "trade_id": "a99df381-7a0d-46b4-81ff-918c25f7ef36",
            "ticker": "KXHIGHNY-25APR09-T47",
            "count": 5,
            "created_time": "2025-04-09T05:50:51.179843Z",
            "yes_price": 1,
            "no_price": 99,
            "taker_side": "no"
        },
        {
            "trade_id": "021f7fe6-63f5-4781-984c-6c31af194268",
            "ticker": "KXHIGHNY-25APR09-T47",
            "count": 26,
            "created_time": "2025-04-09T05:43:06.747773Z",
            "yes_price": 7,
            "no_price": 93,
            "taker_side": "yes"
        },
        {
            "trade_id": "c66c5671-f603-470d-b1e2-57d089cf33d2",
            "ticker": "KXHIGHNY-25APR09-T47",
            "count": 6,
            "created_time": "2025-04-09T05:33:35.259604Z",
            "yes_price": 1,
            "no_price": 99,
            "taker_side": "no"
        },
        {
            "trade_id": "1a02012a-421f-4321-90e2-2b8625cbe775",
            "ticker": "KXHIGHNY-25APR09-T47",
            "count": 2,
            "created_time": "2025-04-09T05:33:35.259604Z",
            "yes_price": 1,
            "no_price": 99,
            "taker_side": "no"
        },
        {
            "trade_id": "d255c33e-b01f-4b00-ab6b-6577593aa8e4",
            "ticker": "KXHIGHNY-25APR09-T47",
            "count": 9,
            "created_time": "2025-04-09T05:32:10.071617Z",
            "yes_price": 1,
            "no_price": 99,
            "taker_side": "no"
        },
        {
            "trade_id": "6ed7f7fd-b942-46af-a93d-82b4c0858912",
            "ticker": "KXHIGHNY-25APR09-T47",
            "count": 14,
            "created_time": "2025-04-09T05:32:10.071617Z",
            "yes_price": 1,
            "no_price": 99,
            "taker_side": "no"
        },
        {
            "trade_id": "4564c3cb-0363-42f1-85dd-96571a83771d",
            "ticker": "KXHIGHNY-25APR09-T47",
            "count": 2,
            "created_time": "2025-04-09T05:31:13.471672Z",
            "yes_price": 1,
            "no_price": 99,
            "taker_side": "no"
        },
        {
            "trade_id": "4ef1d323-dfaf-466a-88b5-83221891216d",
            "ticker": "KXHIGHNY-25APR09-T47",
            "count": 5,
            "created_time": "2025-04-09T05:31:01.056086Z",
            "yes_price": 1,
            "no_price": 99,
            "taker_side": "no"
        },
        {
            "trade_id": "5b002ee3-58cd-43dc-8a21-6e432142a18c",
            "ticker": "KXHIGHNY-25APR09-T47",
            "count": 1,
            "created_time": "2025-04-09T05:25:48.88225Z",
            "yes_price": 1,
            "no_price": 99,
            "taker_side": "no"
        },
        {
            "trade_id": "1726cc17-1224-4fd1-b637-b1f50e9fd6c2",
            "ticker": "KXHIGHNY-25APR09-T47",
            "count": 25,
            "created_time": "2025-04-09T05:25:02.306541Z",
            "yes_price": 1,
            "no_price": 99,
            "taker_side": "no"
        },
        {
            "trade_id": "dbbfb0d3-af07-4547-8b7a-3e7bcba67c93",
            "ticker": "KXHIGHNY-25APR09-T47",
            "count": 3,
            "created_time": "2025-04-09T05:14:59.968292Z",
            "yes_price": 1,
            "no_price": 99,
            "taker_side": "no"
        },
        {
            "trade_id": "18844629-7b13-4950-b6d3-c7d80c7ca4f0",
            "ticker": "KXHIGHNY-25APR09-T47",
            "count": 33,
            "created_time": "2025-04-09T05:12:00.68277Z",
            "yes_price": 1,
            "no_price": 99,
            "taker_side": "no"
        },
        {
            "trade_id": "59ec8347-59b7-415d-bc71-11f794571255",
            "ticker": "KXHIGHNY-25APR09-T47",
            "count": 19,
            "created_time": "2025-04-09T05:05:48.453498Z",
            "yes_price": 1,
            "no_price": 99,
            "taker_side": "no"
        },
        {
            "trade_id": "5440462f-12fd-48f6-91d1-5b734b36d5bc",
            "ticker": "KXHIGHNY-25APR09-T47",
            "count": 22,
            "created_time": "2025-04-09T05:05:48.453498Z",
            "yes_price": 1,
            "no_price": 99,
            "taker_side": "no"
        },
        {
            "trade_id": "886b70f4-2ddd-42da-bd2b-59a42ac6ebcf",
            "ticker": "KXHIGHNY-25APR09-T47",
            "count": 9,
            "created_time": "2025-04-09T05:04:07.685321Z",
            "yes_price": 1,
            "no_price": 99,
            "taker_side": "no"
        },
        {
            "trade_id": "87edea94-6bef-444b-8417-1054e48eecfe",
            "ticker": "KXHIGHNY-25APR09-T47",
            "count": 31,
            "created_time": "2025-04-09T05:04:07.685321Z",
            "yes_price": 1,
            "no_price": 99,
            "taker_side": "no"
        },
        {
            "trade_id": "553fdfd0-be47-4f91-94fe-43d391b96a51",
            "ticker": "KXHIGHNY-25APR09-T47",
            "count": 1,
            "created_time": "2025-04-09T04:58:45.741431Z",
            "yes_price": 1,
            "no_price": 99,
            "taker_side": "no"
        },
        {
            "trade_id": "99fa8af8-1227-474c-99ec-796d38f27a86",
            "ticker": "KXHIGHNY-25APR09-T47",
            "count": 3,
            "created_time": "2025-04-09T04:57:58.131142Z",
            "yes_price": 1,
            "no_price": 99,
            "taker_side": "no"
        },
        {
            "trade_id": "90aab6b7-f5b7-4379-9c6e-a14135a198ca",
            "ticker": "KXHIGHNY-25APR09-T47",
            "count": 2,
            "created_time": "2025-04-09T04:57:10.927136Z",
            "yes_price": 1,
            "no_price": 99,
            "taker_side": "no"
        },
        {
            "trade_id": "e42234c9-8d56-4eeb-bc19-e225d88a920e",
            "ticker": "KXHIGHNY-25APR09-T47",
            "count": 31,
            "created_time": "2025-04-09T04:56:38.722298Z",
            "yes_price": 1,
            "no_price": 99,
            "taker_side": "no"
        },
        {
            "trade_id": "853f9ed6-3164-4369-ab41-432c39a34296",
            "ticker": "KXHIGHNY-25APR09-T47",
            "count": 8,
            "created_time": "2025-04-09T04:56:14.404139Z",
            "yes_price": 1,
            "no_price": 99,
            "taker_side": "no"
        },
        {
            "trade_id": "9502edd3-bdaa-4640-8685-7e5115253a91",
            "ticker": "KXHIGHNY-25APR09-T47",
            "count": 1,
            "created_time": "2025-04-09T04:46:47.832467Z",
            "yes_price": 11,
            "no_price": 89,
            "taker_side": "yes"
        },
        {
            "trade_id": "d75dba82-4c96-46b6-b35e-c0bed79f1321",
            "ticker": "KXHIGHNY-25APR09-T47",
            "count": 1,
            "created_time": "2025-04-09T04:46:46.622208Z",
            "yes_price": 11,
            "no_price": 89,
            "taker_side": "yes"
        },
        {
            "trade_id": "ebe01135-5d36-4b8c-bf59-fa4ae6e04c6a",
            "ticker": "KXHIGHNY-25APR09-T47",
            "count": 2,
            "created_time": "2025-04-09T04:46:42.821264Z",
            "yes_price": 11,
            "no_price": 89,
            "taker_side": "yes"
        },
        {
            "trade_id": "3aa2f723-8182-4713-aa29-2edc33344df2",
            "ticker": "KXHIGHNY-25APR09-T47",
            "count": 3,
            "created_time": "2025-04-09T04:46:40.348371Z",
            "yes_price": 11,
            "no_price": 89,
            "taker_side": "yes"
        },
        {
            "trade_id": "46baa2e4-3f4a-4661-b868-69dbf73b6de9",
            "ticker": "KXHIGHNY-25APR09-T47",
            "count": 8,
            "created_time": "2025-04-09T04:46:33.688132Z",
            "yes_price": 11,
            "no_price": 89,
            "taker_side": "yes"
        },
        {
            "trade_id": "0bf98551-243a-4fc3-9f0f-31c2fce19d9d",
            "ticker": "KXHIGHNY-25APR09-T47",
            "count": 9,
            "created_time": "2025-04-09T04:46:33.172472Z",
            "yes_price": 11,
            "no_price": 89,
            "taker_side": "yes"
        },
        {
            "trade_id": "3fa79109-e95a-4209-884f-e896ffb38741",
            "ticker": "KXHIGHNY-25APR09-T47",
            "count": 24,
            "created_time": "2025-04-09T04:46:32.656483Z",
            "yes_price": 11,
            "no_price": 89,
            "taker_side": "yes"
        },
        {
            "trade_id": "6f592ccf-6713-43b0-b1ea-b10f48f2242d",
            "ticker": "KXHIGHNY-25APR09-T47",
            "count": 3,
            "created_time": "2025-04-09T04:46:32.131094Z",
            "yes_price": 7,
            "no_price": 93,
            "taker_side": "yes"
        },
        {
            "trade_id": "3e2ec6d1-9f6f-428d-9f23-a3bea048a3c7",
            "ticker": "KXHIGHNY-25APR09-T47",
            "count": 22,
            "created_time": "2025-04-09T04:46:32.131094Z",
            "yes_price": 11,
            "no_price": 89,
            "taker_side": "yes"
        },
        {
            "trade_id": "dbea64a7-1d42-4ae9-a05f-b5f2e9c3391b",
            "ticker": "KXHIGHNY-25APR09-T47",
            "count": 39,
            "created_time": "2025-04-09T04:46:31.601138Z",
            "yes_price": 7,
            "no_price": 93,
            "taker_side": "yes"
        },
        {
            "trade_id": "93f479da-3d0c-42ae-a8a8-8b27bdf61bc4",
            "ticker": "KXHIGHNY-25APR09-T47",
            "count": 10,
            "created_time": "2025-04-09T04:46:31.056123Z",
            "yes_price": 7,
            "no_price": 93,
            "taker_side": "yes"
        },
        {
            "trade_id": "c8bfa61d-8a13-4c08-9fcd-ea2698bfe13e",
            "ticker": "KXHIGHNY-25APR09-T47",
            "count": 48,
            "created_time": "2025-04-09T04:46:30.552648Z",
            "yes_price": 7,
            "no_price": 93,
            "taker_side": "yes"
        },
        {
            "trade_id": "ef1027b6-c261-4aba-b915-7646c73d4b67",
            "ticker": "KXHIGHNY-25APR09-T47",
            "count": 55,
            "created_time": "2025-04-09T04:46:30.053249Z",
            "yes_price": 10,
            "no_price": 90,
            "taker_side": "yes"
        },
        {
            "trade_id": "c76a7689-cef9-4bee-b1bb-ee8d5b971dc6",
            "ticker": "KXHIGHNY-25APR09-T47",
            "count": 12,
            "created_time": "2025-04-09T04:46:30.053249Z",
            "yes_price": 11,
            "no_price": 89,
            "taker_side": "yes"
        },
        {
            "trade_id": "2de6ecc8-4462-43d7-98de-7ca8b82ca1ca",
            "ticker": "KXHIGHNY-25APR09-T47",
            "count": 28,
            "created_time": "2025-04-09T04:46:29.546753Z",
            "yes_price": 10,
            "no_price": 90,
            "taker_side": "yes"
        },
        {
            "trade_id": "05276908-6f55-4e5a-b200-8ceca1c0760d",
            "ticker": "KXHIGHNY-25APR09-T47",
            "count": 45,
            "created_time": "2025-04-09T04:46:29.546753Z",
            "yes_price": 10,
            "no_price": 90,
            "taker_side": "yes"
        },
        {
            "trade_id": "b0ee0ed7-5830-4408-bad2-7b1cb8dcc202",
            "ticker": "KXHIGHNY-25APR09-T47",
            "count": 9,
            "created_time": "2025-04-09T04:46:29.028736Z",
            "yes_price": 9,
            "no_price": 91,
            "taker_side": "yes"
        },
        {
            "trade_id": "777e00d0-6597-41e1-847d-22bf787fb1c5",
            "ticker": "KXHIGHNY-25APR09-T47",
            "count": 72,
            "created_time": "2025-04-09T04:46:29.028736Z",
            "yes_price": 10,
            "no_price": 90,
            "taker_side": "yes"
        },
        {
            "trade_id": "0e15579b-1d5a-48c3-b0c7-2d185816712d",
            "ticker": "KXHIGHNY-25APR09-T47",
            "count": 90,
            "created_time": "2025-04-09T04:46:28.507129Z",
            "yes_price": 9,
            "no_price": 91,
            "taker_side": "yes"
        },
        {
            "trade_id": "ae9d50cc-1cda-4cc9-bd83-ca304cc2ffb3",
            "ticker": "KXHIGHNY-25APR09-T47",
            "count": 101,
            "created_time": "2025-04-09T04:46:27.995588Z",
            "yes_price": 9,
            "no_price": 91,
            "taker_side": "yes"
        },
        {
            "trade_id": "ca186fbf-30e5-45e1-86d8-c21fa725b61b",
            "ticker": "KXHIGHNY-25APR09-T47",
            "count": 18,
            "created_time": "2025-04-09T04:46:27.470324Z",
            "yes_price": 8,
            "no_price": 92,
            "taker_side": "yes"
        },
        {
            "trade_id": "1395b9c5-cf2f-4c39-a215-5cabdcb1c70d",
            "ticker": "KXHIGHNY-25APR09-T47",
            "count": 1,
            "created_time": "2025-04-09T04:40:27.029534Z",
            "yes_price": 8,
            "no_price": 92,
            "taker_side": "yes"
        },
        {
            "trade_id": "204b2a51-192c-4f26-82fe-84d5abaca221",
            "ticker": "KXHIGHNY-25APR09-T47",
            "count": 6,
            "created_time": "2025-04-09T04:39:47.430409Z",
            "yes_price": 1,
            "no_price": 99,
            "taker_side": "no"
        },
        {
            "trade_id": "0aa98358-4171-433e-80fa-ccb8a16bd017",
            "ticker": "KXHIGHNY-25APR09-T47",
            "count": 1,
            "created_time": "2025-04-09T04:39:47.430409Z",
            "yes_price": 1,
            "no_price": 99,
            "taker_side": "no"
        },
        {
            "trade_id": "5ef5f066-6385-4a6a-a665-7a29faeaac37",
            "ticker": "KXHIGHNY-25APR09-T47",
            "count": 14,
            "created_time": "2025-04-09T04:39:23.394922Z",
            "yes_price": 2,
            "no_price": 98,
            "taker_side": "no"
        },
        {
            "trade_id": "9241ed41-9847-470f-80f3-beddeb7c90cb",
            "ticker": "KXHIGHNY-25APR09-T47",
            "count": 11,
            "created_time": "2025-04-09T04:39:12.052914Z",
            "yes_price": 2,
            "no_price": 98,
            "taker_side": "no"
        },
        {
            "trade_id": "7d31af0b-a7ae-47e7-ab87-8165a21a34d3",
            "ticker": "KXHIGHNY-25APR09-T47",
            "count": 1,
            "created_time": "2025-04-09T04:26:01.68267Z",
            "yes_price": 8,
            "no_price": 92,
            "taker_side": "yes"
        },
        {
            "trade_id": "57def097-8e98-40d1-8c9e-df26fed3f853",
            "ticker": "KXHIGHNY-25APR09-T47",
            "count": 1,
            "created_time": "2025-04-09T04:22:53.931369Z",
            "yes_price": 8,
            "no_price": 92,
            "taker_side": "yes"
        },
        {
            "trade_id": "0cd22c4c-3757-4848-b224-b7bf2fb5dfac",
            "ticker": "KXHIGHNY-25APR09-T47",
            "count": 1,
            "created_time": "2025-04-09T04:22:53.311273Z",
            "yes_price": 8,
            "no_price": 92,
            "taker_side": "yes"
        },
        {
            "trade_id": "1750a6d2-a198-4861-a5c0-e65ac4b26e5e",
            "ticker": "KXHIGHNY-25APR09-T47",
            "count": 1,
            "created_time": "2025-04-09T04:20:23.569222Z",
            "yes_price": 8,
            "no_price": 92,
            "taker_side": "yes"
        },
        {
            "trade_id": "0b5832f6-dbc8-452f-a0b3-f9b9a02cd668",
            "ticker": "KXHIGHNY-25APR09-T47",
            "count": 1,
            "created_time": "2025-04-09T04:20:22.974653Z",
            "yes_price": 8,
            "no_price": 92,
            "taker_side": "yes"
        },
        {
            "trade_id": "354bcdd2-4f8c-47aa-b1dd-306c5979011d",
            "ticker": "KXHIGHNY-25APR09-T47",
            "count": 1,
            "created_time": "2025-04-09T04:16:23.742856Z",
            "yes_price": 8,
            "no_price": 92,
            "taker_side": "yes"
        },
        {
            "trade_id": "9d218078-edcd-4567-8dd6-01067ab0309e",
            "ticker": "KXHIGHNY-25APR09-T47",
            "count": 1,
            "created_time": "2025-04-09T04:16:23.128502Z",
            "yes_price": 7,
            "no_price": 93,
            "taker_side": "yes"
        },
        {
            "trade_id": "725ea5f3-43e4-48df-8f1b-5687375f8ae7",
            "ticker": "KXHIGHNY-25APR09-T47",
            "count": 25,
            "created_time": "2025-04-09T04:01:44.689005Z",
            "yes_price": 2,
            "no_price": 98,
            "taker_side": "no"
        },
        {
            "trade_id": "ba971e0d-b2d5-4ce7-a53f-7c96b138e1be",
            "ticker": "KXHIGHNY-25APR09-T47",
            "count": 25,
            "created_time": "2025-04-09T04:01:44.667561Z",
            "yes_price": 4,
            "no_price": 96,
            "taker_side": "no"
        },
        {
            "trade_id": "ae1c0d2f-fea5-4eb4-a386-60246c480922",
            "ticker": "KXHIGHNY-25APR09-T47",
            "count": 117,
            "created_time": "2025-04-09T03:59:28.768216Z",
            "yes_price": 8,
            "no_price": 92,
            "taker_side": "yes"
        },
        {
            "trade_id": "4b3323aa-de96-4786-934d-1fdb9554e149",
            "ticker": "KXHIGHNY-25APR09-T47",
            "count": 3,
            "created_time": "2025-04-09T03:47:46.23124Z",
            "yes_price": 4,
            "no_price": 96,
            "taker_side": "no"
        },
        {
            "trade_id": "407b309c-9b22-4b1c-a876-f5ac21654325",
            "ticker": "KXHIGHNY-25APR09-T47",
            "count": 58,
            "created_time": "2025-04-09T03:42:46.704277Z",
            "yes_price": 8,
            "no_price": 92,
            "taker_side": "yes"
        },
        {
            "trade_id": "8cee55a4-5d20-4a16-86a0-32fc8ba44b72",
            "ticker": "KXHIGHNY-25APR09-T47",
            "count": 15,
            "created_time": "2025-04-09T03:42:25.253301Z",
            "yes_price": 4,
            "no_price": 96,
            "taker_side": "no"
        },
        {
            "trade_id": "eaeba1b7-bdfd-4c43-adcd-e00c3386df12",
            "ticker": "KXHIGHNY-25APR09-T47",
            "count": 8,
            "created_time": "2025-04-09T03:41:04.221444Z",
            "yes_price": 4,
            "no_price": 96,
            "taker_side": "no"
        },
        {
            "trade_id": "202e705e-244f-45b7-b9c2-790b08a643e6",
            "ticker": "KXHIGHNY-25APR09-T47",
            "count": 5,
            "created_time": "2025-04-09T03:22:12.687269Z",
            "yes_price": 4,
            "no_price": 96,
            "taker_side": "no"
        },
        {
            "trade_id": "86f3b714-dce6-4e77-99dc-11ff94872013",
            "ticker": "KXHIGHNY-25APR09-T47",
            "count": 145,
            "created_time": "2025-04-09T03:22:12.654573Z",
            "yes_price": 6,
            "no_price": 94,
            "taker_side": "no"
        },
        {
            "trade_id": "4c0beff6-99f2-48d0-8865-40ef7abe4c8f",
            "ticker": "KXHIGHNY-25APR09-T47",
            "count": 15,
            "created_time": "2025-04-09T03:22:12.654573Z",
            "yes_price": 4,
            "no_price": 96,
            "taker_side": "no"
        },
        {
            "trade_id": "ba8441de-fbe7-4b19-82b4-336b5c78bdf9",
            "ticker": "KXHIGHNY-25APR09-T47",
            "count": 1,
            "created_time": "2025-04-09T03:13:19.145183Z",
            "yes_price": 6,
            "no_price": 94,
            "taker_side": "no"
        },
        {
            "trade_id": "31d9a7d6-8dd7-40e3-be9b-20dcb1396c9e",
            "ticker": "KXHIGHNY-25APR09-T47",
            "count": 1,
            "created_time": "2025-04-09T03:06:42.144632Z",
            "yes_price": 5,
            "no_price": 95,
            "taker_side": "no"
        },
        {
            "trade_id": "093826cb-e3ee-4707-b731-c570ac0a0b0d",
            "ticker": "KXHIGHNY-25APR09-T47",
            "count": 15,
            "created_time": "2025-04-09T02:30:47.769364Z",
            "yes_price": 4,
            "no_price": 96,
            "taker_side": "no"
        },
        {
            "trade_id": "4b06360a-3178-438c-a19b-f67f8aa2185f",
            "ticker": "KXHIGHNY-25APR09-T47",
            "count": 1,
            "created_time": "2025-04-09T01:50:12.947657Z",
            "yes_price": 3,
            "no_price": 97,
            "taker_side": "no"
        },
        {
            "trade_id": "ad2da07f-4ce7-4eb8-8f33-69d66d2d1781",
            "ticker": "KXHIGHNY-25APR09-T47",
            "count": 2,
            "created_time": "2025-04-09T01:47:11.364361Z",
            "yes_price": 5,
            "no_price": 95,
            "taker_side": "no"
        },
        {
            "trade_id": "ec02a349-95ff-4572-91a3-8f2a535e9215",
            "ticker": "KXHIGHNY-25APR09-T47",
            "count": 1,
            "created_time": "2025-04-09T00:08:32.404854Z",
            "yes_price": 8,
            "no_price": 92,
            "taker_side": "yes"
        },
        {
            "trade_id": "a6355ae4-e894-4309-baf6-da645dac6155",
            "ticker": "KXHIGHNY-25APR09-T47",
            "count": 77,
            "created_time": "2025-04-09T00:08:32.404854Z",
            "yes_price": 8,
            "no_price": 92,
            "taker_side": "yes"
        },
        {
            "trade_id": "73297e9d-b793-4080-aae6-fffdab2c6e74",
            "ticker": "KXHIGHNY-25APR09-T47",
            "count": 1,
            "created_time": "2025-04-09T00:08:32.404854Z",
            "yes_price": 8,
            "no_price": 92,
            "taker_side": "yes"
        },
        {
            "trade_id": "3fa58f6d-6bc8-42a4-900f-e6a2f5f74cf1",
            "ticker": "KXHIGHNY-25APR09-T47",
            "count": 10,
            "created_time": "2025-04-09T00:02:04.972547Z",
            "yes_price": 3,
            "no_price": 97,
            "taker_side": "no"
        },
        {
            "trade_id": "5f5a0bee-a6d8-4e52-989f-778febdd3004",
            "ticker": "KXHIGHNY-25APR09-T47",
            "count": 23,
            "created_time": "2025-04-08T23:59:46.083802Z",
            "yes_price": 8,
            "no_price": 92,
            "taker_side": "yes"
        },
        {
            "trade_id": "9309dbc0-a0e2-45df-93ba-8e475687226e",
            "ticker": "KXHIGHNY-25APR09-T47",
            "count": 76,
            "created_time": "2025-04-08T23:51:32.258868Z",
            "yes_price": 3,
            "no_price": 97,
            "taker_side": "no"
        },
        {
            "trade_id": "55823f5d-86b8-4622-8884-3973f080a320",
            "ticker": "KXHIGHNY-25APR09-T47",
            "count": 15,
            "created_time": "2025-04-08T23:43:39.745077Z",
            "yes_price": 3,
            "no_price": 97,
            "taker_side": "no"
        },
        {
            "trade_id": "9604c23e-8d11-4cb9-b55e-6ce46861ef5e",
            "ticker": "KXHIGHNY-25APR09-T47",
            "count": 6,
            "created_time": "2025-04-08T23:12:30.370986Z",
            "yes_price": 3,
            "no_price": 97,
            "taker_side": "no"
        },
        {
            "trade_id": "b5454061-1af8-41cc-8074-da0ac0b609e8",
            "ticker": "KXHIGHNY-25APR09-T47",
            "count": 15,
            "created_time": "2025-04-08T22:11:12.607952Z",
            "yes_price": 4,
            "no_price": 96,
            "taker_side": "no"
        },
        {
            "trade_id": "e089037b-a043-4c34-bfbc-6f0ec0b0aeaa",
            "ticker": "KXHIGHNY-25APR09-T47",
            "count": 100,
            "created_time": "2025-04-08T22:10:57.271218Z",
            "yes_price": 3,
            "no_price": 97,
            "taker_side": "no"
        },
        {
            "trade_id": "f1c67645-04f3-48aa-b402-8d8228a4d116",
            "ticker": "KXHIGHNY-25APR09-T47",
            "count": 5,
            "created_time": "2025-04-08T21:10:59.59584Z",
            "yes_price": 4,
            "no_price": 96,
            "taker_side": "no"
        },
        {
            "trade_id": "26208675-5429-481a-9e5f-57f1106ffd55",
            "ticker": "KXHIGHNY-25APR09-T47",
            "count": 8,
            "created_time": "2025-04-08T21:08:50.58914Z",
            "yes_price": 4,
            "no_price": 96,
            "taker_side": "no"
        },
        {
            "trade_id": "eff95362-1157-438f-b06b-02b3f842af5d",
            "ticker": "KXHIGHNY-25APR09-T47",
            "count": 5,
            "created_time": "2025-04-08T21:01:25.754002Z",
            "yes_price": 14,
            "no_price": 86,
            "taker_side": "yes"
        },
        {
            "trade_id": "2e74912e-d516-4bd2-b955-cad14f23e378",
            "ticker": "KXHIGHNY-25APR09-T47",
            "count": 13,
            "created_time": "2025-04-08T21:01:25.754002Z",
            "yes_price": 16,
            "no_price": 84,
            "taker_side": "yes"
        },
        {
            "trade_id": "1fb0ef68-f414-48ab-81eb-71217dea1bef",
            "ticker": "KXHIGHNY-25APR09-T47",
            "count": 12,
            "created_time": "2025-04-08T21:01:25.754002Z",
            "yes_price": 16,
            "no_price": 84,
            "taker_side": "yes"
        },
        {
            "trade_id": "43e5838c-0ff1-47b8-8a44-b99d696fa453",
            "ticker": "KXHIGHNY-25APR09-T47",
            "count": 30,
            "created_time": "2025-04-08T21:00:11.023094Z",
            "yes_price": 3,
            "no_price": 97,
            "taker_side": "no"
        },
        {
            "trade_id": "cf5b510f-05bb-49d9-9c67-39bd0c8472a9",
            "ticker": "KXHIGHNY-25APR09-T47",
            "count": 11,
            "created_time": "2025-04-08T20:48:01.780985Z",
            "yes_price": 4,
            "no_price": 96,
            "taker_side": "no"
        },
        {
            "trade_id": "930888f4-b373-4642-8366-74028ba67122",
            "ticker": "KXHIGHNY-25APR09-T47",
            "count": 30,
            "created_time": "2025-04-08T20:48:01.780985Z",
            "yes_price": 3,
            "no_price": 97,
            "taker_side": "no"
        },
        {
            "trade_id": "f9c8ad45-5a2f-4ade-b2a5-6e3733b5d26c",
            "ticker": "KXHIGHNY-25APR09-T47",
            "count": 250,
            "created_time": "2025-04-08T19:45:49.781666Z",
            "yes_price": 16,
            "no_price": 84,
            "taker_side": "yes"
        },
        {
            "trade_id": "d64bb3e9-1132-45fc-b21d-41ab7f68e7d6",
            "ticker": "KXHIGHNY-25APR09-T47",
            "count": 21,
            "created_time": "2025-04-08T19:45:49.781666Z",
            "yes_price": 26,
            "no_price": 74,
            "taker_side": "yes"
        },
        {
            "trade_id": "713643de-a522-43c3-8094-379cd56dd82a",
            "ticker": "KXHIGHNY-25APR09-T47",
            "count": 10,
            "created_time": "2025-04-08T19:45:49.781666Z",
            "yes_price": 16,
            "no_price": 84,
            "taker_side": "yes"
        }
    ],
    "KXHIGHNY-25APR09-B47.5": [
        {
            "trade_id": "dcba24d9-0253-4399-b3bd-2e0e5dd28788",
            "ticker": "KXHIGHNY-25APR09-B47.5",
            "count": 280,
            "created_time": "2025-04-10T00:49:33.65432Z",
            "yes_price": 1,
            "no_price": 99,
            "taker_side": "yes"
        },
        {
            "trade_id": "a5fcccec-8c0b-44fa-9488-521d7d72c48d",
            "ticker": "KXHIGHNY-25APR09-B47.5",
            "count": 280,
            "created_time": "2025-04-10T00:37:43.554009Z",
            "yes_price": 1,
            "no_price": 99,
            "taker_side": "yes"
        },
        {
            "trade_id": "4d0dfdab-2a9f-4c1e-ab25-6f7f06a075cd",
            "ticker": "KXHIGHNY-25APR09-B47.5",
            "count": 9,
            "created_time": "2025-04-09T23:53:58.786951Z",
            "yes_price": 1,
            "no_price": 99,
            "taker_side": "yes"
        },
        {
            "trade_id": "64fc1b4a-4d9f-4bb2-833b-8f5e3c7a1b4b",
            "ticker": "KXHIGHNY-25APR09-B47.5",
            "count": 1,
            "created_time": "2025-04-09T23:08:22.516078Z",
            "yes_price": 1,
            "no_price": 99,
            "taker_side": "yes"
        },
        {
            "trade_id": "c51af980-3cdf-4614-b14c-99053dbf830e",
            "ticker": "KXHIGHNY-25APR09-B47.5",
            "count": 2,
            "created_time": "2025-04-09T22:47:31.883075Z",
            "yes_price": 1,
            "no_price": 99,
            "taker_side": "yes"
        },
        {
            "trade_id": "7394ec53-bb0b-4133-a528-a382037c25ea",
            "ticker": "KXHIGHNY-25APR09-B47.5",
            "count": 467,
            "created_time": "2025-04-09T22:37:43.462152Z",
            "yes_price": 1,
            "no_price": 99,
            "taker_side": "yes"
        },
        {
            "trade_id": "c758d46f-5e8e-4642-8034-5a77e4dd1601",
            "ticker": "KXHIGHNY-25APR09-B47.5",
            "count": 467,
            "created_time": "2025-04-09T22:13:25.138228Z",
            "yes_price": 1,
            "no_price": 99,
            "taker_side": "yes"
        },
        {
            "trade_id": "b2d61eb5-6dee-4460-a7ca-144f45a16e74",
            "ticker": "KXHIGHNY-25APR09-B47.5",
            "count": 24,
            "created_time": "2025-04-09T21:16:02.227345Z",
            "yes_price": 1,
            "no_price": 99,
            "taker_side": "yes"
        },
        {
            "trade_id": "70fb3bb8-7277-4695-8622-1db6b6c10492",
            "ticker": "KXHIGHNY-25APR09-B47.5",
            "count": 51,
            "created_time": "2025-04-09T21:09:27.754375Z",
            "yes_price": 1,
            "no_price": 99,
            "taker_side": "yes"
        },
        {
            "trade_id": "6bdc148f-904c-49b4-9078-7292d2431aa2",
            "ticker": "KXHIGHNY-25APR09-B47.5",
            "count": 935,
            "created_time": "2025-04-09T20:56:26.166766Z",
            "yes_price": 1,
            "no_price": 99,
            "taker_side": "yes"
        },
        {
            "trade_id": "93f8d46e-73b7-41d7-9fe0-5c2953526181",
            "ticker": "KXHIGHNY-25APR09-B47.5",
            "count": 55,
            "created_time": "2025-04-09T20:54:27.372211Z",
            "yes_price": 1,
            "no_price": 99,
            "taker_side": "yes"
        },
        {
            "trade_id": "4a22ecca-68b4-4921-955f-f1e2af9de396",
            "ticker": "KXHIGHNY-25APR09-B47.5",
            "count": 100,
            "created_time": "2025-04-09T20:53:37.415Z",
            "yes_price": 1,
            "no_price": 99,
            "taker_side": "yes"
        },
        {
            "trade_id": "9bc6517d-67f0-4760-902b-93526380aefa",
            "ticker": "KXHIGHNY-25APR09-B47.5",
            "count": 100,
            "created_time": "2025-04-09T20:33:03.537641Z",
            "yes_price": 2,
            "no_price": 98,
            "taker_side": "yes"
        },
        {
            "trade_id": "a6743953-cdde-45cf-822b-0fe85f9c21ae",
            "ticker": "KXHIGHNY-25APR09-B47.5",
            "count": 6212,
            "created_time": "2025-04-09T20:26:27.254119Z",
            "yes_price": 1,
            "no_price": 99,
            "taker_side": "yes"
        },
        {
            "trade_id": "238041c2-aad3-44ba-b2a1-138663b1ebc1",
            "ticker": "KXHIGHNY-25APR09-B47.5",
            "count": 142,
            "created_time": "2025-04-09T20:24:48.63784Z",
            "yes_price": 1,
            "no_price": 99,
            "taker_side": "yes"
        },
        {
            "trade_id": "b168c1f2-132f-4abf-9a9d-cec853ba560c",
            "ticker": "KXHIGHNY-25APR09-B47.5",
            "count": 7,
            "created_time": "2025-04-09T20:24:17.155018Z",
            "yes_price": 1,
            "no_price": 99,
            "taker_side": "yes"
        },
        {
            "trade_id": "db2cd90e-d084-4e92-9b40-b367570cc819",
            "ticker": "KXHIGHNY-25APR09-B47.5",
            "count": 5001,
            "created_time": "2025-04-09T20:22:25.13756Z",
            "yes_price": 1,
            "no_price": 99,
            "taker_side": "yes"
        },
        {
            "trade_id": "676dfeeb-5689-4a2b-a587-30c44a5a5941",
            "ticker": "KXHIGHNY-25APR09-B47.5",
            "count": 50,
            "created_time": "2025-04-09T20:22:20.325604Z",
            "yes_price": 1,
            "no_price": 99,
            "taker_side": "yes"
        },
        {
            "trade_id": "2b3a9d23-d635-4731-b8a5-35b6f7c13d5d",
            "ticker": "KXHIGHNY-25APR09-B47.5",
            "count": 1136,
            "created_time": "2025-04-09T20:22:09.966578Z",
            "yes_price": 1,
            "no_price": 99,
            "taker_side": "yes"
        },
        {
            "trade_id": "1e779027-e3c2-4f6f-9ea8-4ed1dfc2013c",
            "ticker": "KXHIGHNY-25APR09-B47.5",
            "count": 509,
            "created_time": "2025-04-09T20:22:09.966578Z",
            "yes_price": 1,
            "no_price": 99,
            "taker_side": "yes"
        },
        {
            "trade_id": "80527599-7baa-44e7-8b66-b977994d014d",
            "ticker": "KXHIGHNY-25APR09-B47.5",
            "count": 864,
            "created_time": "2025-04-09T20:21:35.972382Z",
            "yes_price": 1,
            "no_price": 99,
            "taker_side": "yes"
        },
        {
            "trade_id": "221c2c67-bc25-4e74-82e7-482ec917ff97",
            "ticker": "KXHIGHNY-25APR09-B47.5",
            "count": 912,
            "created_time": "2025-04-09T20:21:35.972382Z",
            "yes_price": 1,
            "no_price": 99,
            "taker_side": "yes"
        },
        {
            "trade_id": "2f32ac41-972c-4cf9-974e-c7593c5724b7",
            "ticker": "KXHIGHNY-25APR09-B47.5",
            "count": 88,
            "created_time": "2025-04-09T20:19:59.938541Z",
            "yes_price": 2,
            "no_price": 98,
            "taker_side": "no"
        },
        {
            "trade_id": "df669a47-fc65-4567-b751-579e634ef1ab",
            "ticker": "KXHIGHNY-25APR09-B47.5",
            "count": 1243,
            "created_time": "2025-04-09T20:19:55.055598Z",
            "yes_price": 2,
            "no_price": 98,
            "taker_side": "yes"
        },
        {
            "trade_id": "fee5dd31-1748-456f-a353-2a0e4e8d01cc",
            "ticker": "KXHIGHNY-25APR09-B47.5",
            "count": 13,
            "created_time": "2025-04-09T20:19:32.118099Z",
            "yes_price": 1,
            "no_price": 99,
            "taker_side": "yes"
        },
        {
            "trade_id": "e0897207-ffa7-4aaa-b919-b798c2167c22",
            "ticker": "KXHIGHNY-25APR09-B47.5",
            "count": 5,
            "created_time": "2025-04-09T20:19:24.683343Z",
            "yes_price": 1,
            "no_price": 99,
            "taker_side": "no"
        },
        {
            "trade_id": "ae745369-d106-4ba0-b1a0-bfbf4e4bb53d",
            "ticker": "KXHIGHNY-25APR09-B47.5",
            "count": 50,
            "created_time": "2025-04-09T20:19:24.683343Z",
            "yes_price": 1,
            "no_price": 99,
            "taker_side": "no"
        },
        {
            "trade_id": "e881ad48-0b28-49d1-8e74-b4095302f575",
            "ticker": "KXHIGHNY-25APR09-B47.5",
            "count": 50,
            "created_time": "2025-04-09T20:19:03.712658Z",
            "yes_price": 2,
            "no_price": 98,
            "taker_side": "yes"
        },
        {
            "trade_id": "d6f59201-6d5b-4941-a3d2-54af953fa2fd",
            "ticker": "KXHIGHNY-25APR09-B47.5",
            "count": 46,
            "created_time": "2025-04-09T20:18:43.470505Z",
            "yes_price": 2,
            "no_price": 98,
            "taker_side": "yes"
        },
        {
            "trade_id": "f000c09e-e94f-43f0-9277-bfcbfee406a5",
            "ticker": "KXHIGHNY-25APR09-B47.5",
            "count": 25,
            "created_time": "2025-04-09T20:18:19.872644Z",
            "yes_price": 1,
            "no_price": 99,
            "taker_side": "yes"
        },
        {
            "trade_id": "bab32d84-b892-4e67-a1f2-ea5411f6a04d",
            "ticker": "KXHIGHNY-25APR09-B47.5",
            "count": 706,
            "created_time": "2025-04-09T20:18:19.872644Z",
            "yes_price": 1,
            "no_price": 99,
            "taker_side": "yes"
        },
        {
            "trade_id": "64b7ba5b-0946-4834-872b-76cc7a761c3f",
            "ticker": "KXHIGHNY-25APR09-B47.5",
            "count": 800,
            "created_time": "2025-04-09T20:18:19.872644Z",
            "yes_price": 1,
            "no_price": 99,
            "taker_side": "yes"
        },
        {
            "trade_id": "0ff310d9-b696-4a60-b584-f9d33104daf2",
            "ticker": "KXHIGHNY-25APR09-B47.5",
            "count": 5000,
            "created_time": "2025-04-09T20:17:26.526467Z",
            "yes_price": 1,
            "no_price": 99,
            "taker_side": "yes"
        },
        {
            "trade_id": "e0eebfbc-c5ac-4af7-9958-e6ca9e93f329",
            "ticker": "KXHIGHNY-25APR09-B47.5",
            "count": 500,
            "created_time": "2025-04-09T20:17:14.364718Z",
            "yes_price": 1,
            "no_price": 99,
            "taker_side": "yes"
        },
        {
            "trade_id": "6d9b4b9b-ad0a-4e07-9a1a-f5db4271daf9",
            "ticker": "KXHIGHNY-25APR09-B47.5",
            "count": 2618,
            "created_time": "2025-04-09T20:16:28.651843Z",
            "yes_price": 1,
            "no_price": 99,
            "taker_side": "yes"
        },
        {
            "trade_id": "9b10e217-66a1-4f85-8851-441b6f299f88",
            "ticker": "KXHIGHNY-25APR09-B47.5",
            "count": 40,
            "created_time": "2025-04-09T20:16:12.549777Z",
            "yes_price": 1,
            "no_price": 99,
            "taker_side": "no"
        },
        {
            "trade_id": "862a8aed-e054-4736-ae35-a52cb12064e6",
            "ticker": "KXHIGHNY-25APR09-B47.5",
            "count": 500,
            "created_time": "2025-04-09T20:16:12.549777Z",
            "yes_price": 1,
            "no_price": 99,
            "taker_side": "no"
        },
        {
            "trade_id": "56bc7dde-8ee5-4ae1-ac19-24ac456818d4",
            "ticker": "KXHIGHNY-25APR09-B47.5",
            "count": 83,
            "created_time": "2025-04-09T20:16:12.549777Z",
            "yes_price": 1,
            "no_price": 99,
            "taker_side": "no"
        },
        {
            "trade_id": "30a79392-72d9-4d69-87c8-916b03447d3d",
            "ticker": "KXHIGHNY-25APR09-B47.5",
            "count": 10,
            "created_time": "2025-04-09T20:16:12.549777Z",
            "yes_price": 1,
            "no_price": 99,
            "taker_side": "no"
        },
        {
            "trade_id": "16c64051-156a-4e1e-a254-b9b4639d6ccc",
            "ticker": "KXHIGHNY-25APR09-B47.5",
            "count": 35,
            "created_time": "2025-04-09T20:16:12.549777Z",
            "yes_price": 1,
            "no_price": 99,
            "taker_side": "no"
        },
        {
            "trade_id": "133d822f-5129-4238-bbc8-fb15c3e49ce1",
            "ticker": "KXHIGHNY-25APR09-B47.5",
            "count": 8,
            "created_time": "2025-04-09T20:16:12.549777Z",
            "yes_price": 1,
            "no_price": 99,
            "taker_side": "no"
        },
        {
            "trade_id": "b515ffd0-f686-4ef7-9648-a98c9dd4ad07",
            "ticker": "KXHIGHNY-25APR09-B47.5",
            "count": 17,
            "created_time": "2025-04-09T20:16:11.309204Z",
            "yes_price": 1,
            "no_price": 99,
            "taker_side": "no"
        },
        {
            "trade_id": "57d1c64e-00d8-4e1d-b5f3-58030a8233dd",
            "ticker": "KXHIGHNY-25APR09-B47.5",
            "count": 3,
            "created_time": "2025-04-09T20:16:11.309204Z",
            "yes_price": 1,
            "no_price": 99,
            "taker_side": "no"
        },
        {
            "trade_id": "29cd2bff-20fd-435c-9933-d4826e1cb914",
            "ticker": "KXHIGHNY-25APR09-B47.5",
            "count": 437,
            "created_time": "2025-04-09T20:16:11.281393Z",
            "yes_price": 2,
            "no_price": 98,
            "taker_side": "yes"
        },
        {
            "trade_id": "c467af22-bc58-47c0-96f8-dd31c4dc50cc",
            "ticker": "KXHIGHNY-25APR09-B47.5",
            "count": 10,
            "created_time": "2025-04-09T20:16:11.19921Z",
            "yes_price": 59,
            "no_price": 41,
            "taker_side": "no"
        },
        {
            "trade_id": "bab24e9e-656d-4dd5-8930-3b0cbb41394e",
            "ticker": "KXHIGHNY-25APR09-B47.5",
            "count": 4,
            "created_time": "2025-04-09T20:16:11.19921Z",
            "yes_price": 20,
            "no_price": 80,
            "taker_side": "no"
        },
        {
            "trade_id": "97d0d850-045e-420e-8e3c-ac77d30ef353",
            "ticker": "KXHIGHNY-25APR09-B47.5",
            "count": 19,
            "created_time": "2025-04-09T20:16:11.19921Z",
            "yes_price": 72,
            "no_price": 28,
            "taker_side": "no"
        },
        {
            "trade_id": "8fa31ec4-86be-4265-83ff-6eb22d043ccc",
            "ticker": "KXHIGHNY-25APR09-B47.5",
            "count": 2,
            "created_time": "2025-04-09T20:16:11.19921Z",
            "yes_price": 80,
            "no_price": 20,
            "taker_side": "no"
        },
        {
            "trade_id": "849b1f68-ea9b-414c-a8f7-ea2143e7c7de",
            "ticker": "KXHIGHNY-25APR09-B47.5",
            "count": 19,
            "created_time": "2025-04-09T20:16:11.19921Z",
            "yes_price": 22,
            "no_price": 78,
            "taker_side": "no"
        },
        {
            "trade_id": "7f9fb3a7-dca5-4eb3-955c-f3624b10ce9c",
            "ticker": "KXHIGHNY-25APR09-B47.5",
            "count": 25,
            "created_time": "2025-04-09T20:16:11.19921Z",
            "yes_price": 72,
            "no_price": 28,
            "taker_side": "no"
        },
        {
            "trade_id": "643cb9be-9046-47f0-a3e0-1b1ef367698d",
            "ticker": "KXHIGHNY-25APR09-B47.5",
            "count": 800,
            "created_time": "2025-04-09T20:16:11.19921Z",
            "yes_price": 21,
            "no_price": 79,
            "taker_side": "no"
        },
        {
            "trade_id": "5ff6b778-202d-4e31-bbc3-0c6584f77efb",
            "ticker": "KXHIGHNY-25APR09-B47.5",
            "count": 1,
            "created_time": "2025-04-09T20:16:11.19921Z",
            "yes_price": 11,
            "no_price": 89,
            "taker_side": "no"
        },
        {
            "trade_id": "522bf610-9ab7-4e9e-ab32-6d0254ce87f0",
            "ticker": "KXHIGHNY-25APR09-B47.5",
            "count": 50,
            "created_time": "2025-04-09T20:16:11.19921Z",
            "yes_price": 6,
            "no_price": 94,
            "taker_side": "no"
        },
        {
            "trade_id": "2fae0b79-7981-4987-b9a2-b787564492a7",
            "ticker": "KXHIGHNY-25APR09-B47.5",
            "count": 99,
            "created_time": "2025-04-09T20:16:11.19921Z",
            "yes_price": 71,
            "no_price": 29,
            "taker_side": "no"
        },
        {
            "trade_id": "2409cfef-efc2-4ad1-a98c-137d5d57e225",
            "ticker": "KXHIGHNY-25APR09-B47.5",
            "count": 20,
            "created_time": "2025-04-09T20:16:11.19921Z",
            "yes_price": 82,
            "no_price": 18,
            "taker_side": "no"
        },
        {
            "trade_id": "0fc5f1fd-cf0c-4370-94ad-de08bf15ee93",
            "ticker": "KXHIGHNY-25APR09-B47.5",
            "count": 125,
            "created_time": "2025-04-09T20:16:11.19921Z",
            "yes_price": 70,
            "no_price": 30,
            "taker_side": "no"
        },
        {
            "trade_id": "03d5740d-0163-4dad-8fde-2eb481c9cadc",
            "ticker": "KXHIGHNY-25APR09-B47.5",
            "count": 170,
            "created_time": "2025-04-09T20:16:11.19921Z",
            "yes_price": 20,
            "no_price": 80,
            "taker_side": "no"
        },
        {
            "trade_id": "d1ac5f78-5af8-4e54-a8ad-b5e9de60b9fb",
            "ticker": "KXHIGHNY-25APR09-B47.5",
            "count": 10,
            "created_time": "2025-04-09T20:15:13.949079Z",
            "yes_price": 94,
            "no_price": 6,
            "taker_side": "yes"
        },
        {
            "trade_id": "7f644881-4599-4292-9119-345dd0236bcd",
            "ticker": "KXHIGHNY-25APR09-B47.5",
            "count": 52,
            "created_time": "2025-04-09T20:15:13.949079Z",
            "yes_price": 95,
            "no_price": 5,
            "taker_side": "yes"
        },
        {
            "trade_id": "5f7ffebf-2352-4e1f-b186-fd103e805df1",
            "ticker": "KXHIGHNY-25APR09-B47.5",
            "count": 33,
            "created_time": "2025-04-09T20:14:15.434438Z",
            "yes_price": 95,
            "no_price": 5,
            "taker_side": "yes"
        },
        {
            "trade_id": "31bc8b17-d698-421d-8efe-591aaf15e6ac",
            "ticker": "KXHIGHNY-25APR09-B47.5",
            "count": 10,
            "created_time": "2025-04-09T20:14:15.434438Z",
            "yes_price": 90,
            "no_price": 10,
            "taker_side": "yes"
        },
        {
            "trade_id": "f56d7a54-44f4-4323-80c8-29ee4fd61655",
            "ticker": "KXHIGHNY-25APR09-B47.5",
            "count": 3,
            "created_time": "2025-04-09T20:13:08.565537Z",
            "yes_price": 89,
            "no_price": 11,
            "taker_side": "no"
        },
        {
            "trade_id": "fc1a3f6b-2ad4-4256-a1b8-3bd5ecfb9b32",
            "ticker": "KXHIGHNY-25APR09-B47.5",
            "count": 1,
            "created_time": "2025-04-09T20:10:14.909602Z",
            "yes_price": 89,
            "no_price": 11,
            "taker_side": "no"
        },
        {
            "trade_id": "3c1f0660-9574-4be9-a141-de31a43a57b1",
            "ticker": "KXHIGHNY-25APR09-B47.5",
            "count": 1,
            "created_time": "2025-04-09T20:08:03.936666Z",
            "yes_price": 94,
            "no_price": 6,
            "taker_side": "yes"
        },
        {
            "trade_id": "60a6244a-f58a-41b2-a330-05f56cb31124",
            "ticker": "KXHIGHNY-25APR09-B47.5",
            "count": 500,
            "created_time": "2025-04-09T20:05:38.689198Z",
            "yes_price": 75,
            "no_price": 25,
            "taker_side": "yes"
        },
        {
            "trade_id": "d19ee08e-22d2-43d4-b6cf-3c705db6974a",
            "ticker": "KXHIGHNY-25APR09-B47.5",
            "count": 5,
            "created_time": "2025-04-09T20:04:45.873852Z",
            "yes_price": 74,
            "no_price": 26,
            "taker_side": "no"
        },
        {
            "trade_id": "b620c1b9-82c3-4887-b118-161b1c8de76c",
            "ticker": "KXHIGHNY-25APR09-B47.5",
            "count": 6,
            "created_time": "2025-04-09T20:04:45.873852Z",
            "yes_price": 74,
            "no_price": 26,
            "taker_side": "no"
        },
        {
            "trade_id": "818c5b71-a662-44e0-bf57-a8c9017ed667",
            "ticker": "KXHIGHNY-25APR09-B47.5",
            "count": 25,
            "created_time": "2025-04-09T20:04:45.873852Z",
            "yes_price": 74,
            "no_price": 26,
            "taker_side": "no"
        },
        {
            "trade_id": "3e243074-b6c2-40f1-b651-2a80521072a2",
            "ticker": "KXHIGHNY-25APR09-B47.5",
            "count": 4,
            "created_time": "2025-04-09T20:04:45.873852Z",
            "yes_price": 74,
            "no_price": 26,
            "taker_side": "no"
        },
        {
            "trade_id": "25f11310-72b8-4ee5-ad2e-0d55a76cb9c7",
            "ticker": "KXHIGHNY-25APR09-B47.5",
            "count": 15,
            "created_time": "2025-04-09T20:03:28.908757Z",
            "yes_price": 74,
            "no_price": 26,
            "taker_side": "no"
        },
        {
            "trade_id": "657b9644-dc35-4b8f-9338-bc9135c155ac",
            "ticker": "KXHIGHNY-25APR09-B47.5",
            "count": 65,
            "created_time": "2025-04-09T20:00:43.738299Z",
            "yes_price": 75,
            "no_price": 25,
            "taker_side": "yes"
        },
        {
            "trade_id": "79c2356c-99f3-42b0-989c-37155bd9d1bb",
            "ticker": "KXHIGHNY-25APR09-B47.5",
            "count": 25,
            "created_time": "2025-04-09T20:00:36.452503Z",
            "yes_price": 75,
            "no_price": 25,
            "taker_side": "yes"
        },
        {
            "trade_id": "2137ef19-282a-4748-a523-d7bb46183a92",
            "ticker": "KXHIGHNY-25APR09-B47.5",
            "count": 40,
            "created_time": "2025-04-09T19:59:11.433983Z",
            "yes_price": 74,
            "no_price": 26,
            "taker_side": "yes"
        },
        {
            "trade_id": "a5ccc93e-f0b1-46a7-bd4a-23f72d6ef350",
            "ticker": "KXHIGHNY-25APR09-B47.5",
            "count": 2,
            "created_time": "2025-04-09T19:58:31.128917Z",
            "yes_price": 71,
            "no_price": 29,
            "taker_side": "yes"
        },
        {
            "trade_id": "a19b313e-7135-4cdc-9211-6326ae4cfa6f",
            "ticker": "KXHIGHNY-25APR09-B47.5",
            "count": 40,
            "created_time": "2025-04-09T19:58:31.128917Z",
            "yes_price": 70,
            "no_price": 30,
            "taker_side": "yes"
        },
        {
            "trade_id": "1915868f-a47d-4ca4-8fb6-b03010a707a0",
            "ticker": "KXHIGHNY-25APR09-B47.5",
            "count": 91,
            "created_time": "2025-04-09T19:58:31.128917Z",
            "yes_price": 75,
            "no_price": 25,
            "taker_side": "yes"
        },
        {
            "trade_id": "f3ab5fac-0705-4afd-8460-edd2283c362c",
            "ticker": "KXHIGHNY-25APR09-B47.5",
            "count": 13,
            "created_time": "2025-04-09T19:57:01.401174Z",
            "yes_price": 71,
            "no_price": 29,
            "taker_side": "yes"
        },
        {
            "trade_id": "fd56667e-562f-4d90-9201-f78a630f785d",
            "ticker": "KXHIGHNY-25APR09-B47.5",
            "count": 11,
            "created_time": "2025-04-09T19:56:14.538028Z",
            "yes_price": 73,
            "no_price": 27,
            "taker_side": "yes"
        },
        {
            "trade_id": "e21aa3b9-a7a9-472b-b314-c119ad737808",
            "ticker": "KXHIGHNY-25APR09-B47.5",
            "count": 4,
            "created_time": "2025-04-09T19:56:14.538028Z",
            "yes_price": 73,
            "no_price": 27,
            "taker_side": "yes"
        },
        {
            "trade_id": "2f7809f3-e2f6-4fdb-86a5-341f2b2efa9b",
            "ticker": "KXHIGHNY-25APR09-B47.5",
            "count": 4,
            "created_time": "2025-04-09T19:56:14.538028Z",
            "yes_price": 73,
            "no_price": 27,
            "taker_side": "yes"
        },
        {
            "trade_id": "14b6cce4-83ca-4241-bea0-1b169e8ff3af",
            "ticker": "KXHIGHNY-25APR09-B47.5",
            "count": 99,
            "created_time": "2025-04-09T19:56:14.538028Z",
            "yes_price": 75,
            "no_price": 25,
            "taker_side": "yes"
        },
        {
            "trade_id": "076b5d52-04c5-4784-8534-9c9b3bfaaaac",
            "ticker": "KXHIGHNY-25APR09-B47.5",
            "count": 13,
            "created_time": "2025-04-09T19:56:14.538028Z",
            "yes_price": 73,
            "no_price": 27,
            "taker_side": "yes"
        },
        {
            "trade_id": "eb0a1191-aa33-45dc-aeee-4b3c8d2672c2",
            "ticker": "KXHIGHNY-25APR09-B47.5",
            "count": 4,
            "created_time": "2025-04-09T19:55:38.746409Z",
            "yes_price": 72,
            "no_price": 28,
            "taker_side": "yes"
        },
        {
            "trade_id": "415b541a-56a5-4d38-bb47-4cb5988b8ab7",
            "ticker": "KXHIGHNY-25APR09-B47.5",
            "count": 1,
            "created_time": "2025-04-09T19:55:04.680428Z",
            "yes_price": 67,
            "no_price": 33,
            "taker_side": "yes"
        },
        {
            "trade_id": "b642aaed-6476-482c-adfb-0267317734f5",
            "ticker": "KXHIGHNY-25APR09-B47.5",
            "count": 1,
            "created_time": "2025-04-09T19:54:55.760016Z",
            "yes_price": 70,
            "no_price": 30,
            "taker_side": "yes"
        },
        {
            "trade_id": "6fee78c8-b0a9-480d-8bc7-c74affd8521d",
            "ticker": "KXHIGHNY-25APR09-B47.5",
            "count": 8,
            "created_time": "2025-04-09T19:54:06.29253Z",
            "yes_price": 59,
            "no_price": 41,
            "taker_side": "yes"
        },
        {
            "trade_id": "687b5cec-dfd0-44d9-8c21-59db08f76c69",
            "ticker": "KXHIGHNY-25APR09-B47.5",
            "count": 5,
            "created_time": "2025-04-09T19:53:38.507705Z",
            "yes_price": 60,
            "no_price": 40,
            "taker_side": "yes"
        },
        {
            "trade_id": "53aabd3c-3d4a-402d-ae20-665b1358ca6a",
            "ticker": "KXHIGHNY-25APR09-B47.5",
            "count": 4,
            "created_time": "2025-04-09T19:49:53.006575Z",
            "yes_price": 54,
            "no_price": 46,
            "taker_side": "yes"
        },
        {
            "trade_id": "93be1d62-c83f-49af-beec-c3cbbeb5e1a1",
            "ticker": "KXHIGHNY-25APR09-B47.5",
            "count": 5,
            "created_time": "2025-04-09T19:47:35.856596Z",
            "yes_price": 60,
            "no_price": 40,
            "taker_side": "yes"
        },
        {
            "trade_id": "df551e7a-b22c-4f81-9790-74209deded2e",
            "ticker": "KXHIGHNY-25APR09-B47.5",
            "count": 91,
            "created_time": "2025-04-09T19:46:13.564576Z",
            "yes_price": 33,
            "no_price": 67,
            "taker_side": "no"
        },
        {
            "trade_id": "c7aa1989-60bf-415c-b701-367ed022b6c7",
            "ticker": "KXHIGHNY-25APR09-B47.5",
            "count": 10,
            "created_time": "2025-04-09T19:46:13.564576Z",
            "yes_price": 37,
            "no_price": 63,
            "taker_side": "no"
        },
        {
            "trade_id": "ae19efa2-b886-40a3-b183-39d98415ce28",
            "ticker": "KXHIGHNY-25APR09-B47.5",
            "count": 34,
            "created_time": "2025-04-09T19:46:13.564576Z",
            "yes_price": 35,
            "no_price": 65,
            "taker_side": "no"
        },
        {
            "trade_id": "5f5b2a40-ac6c-42ea-b0a6-782e23ac0861",
            "ticker": "KXHIGHNY-25APR09-B47.5",
            "count": 50,
            "created_time": "2025-04-09T19:46:13.564576Z",
            "yes_price": 33,
            "no_price": 67,
            "taker_side": "no"
        },
        {
            "trade_id": "5ea51280-b690-4c20-8ec4-a56b4b82c0cc",
            "ticker": "KXHIGHNY-25APR09-B47.5",
            "count": 15,
            "created_time": "2025-04-09T19:46:13.564576Z",
            "yes_price": 36,
            "no_price": 64,
            "taker_side": "no"
        },
        {
            "trade_id": "20b6c155-9bf7-418d-a5f6-499136c553d5",
            "ticker": "KXHIGHNY-25APR09-B47.5",
            "count": 10,
            "created_time": "2025-04-09T19:45:40.225486Z",
            "yes_price": 51,
            "no_price": 49,
            "taker_side": "yes"
        },
        {
            "trade_id": "74d36b28-789a-478f-8cc6-b0d202b800e6",
            "ticker": "KXHIGHNY-25APR09-B47.5",
            "count": 8,
            "created_time": "2025-04-09T19:41:56.16349Z",
            "yes_price": 37,
            "no_price": 63,
            "taker_side": "no"
        },
        {
            "trade_id": "d74a3b75-1315-4106-8302-21795b0acd95",
            "ticker": "KXHIGHNY-25APR09-B47.5",
            "count": 8,
            "created_time": "2025-04-09T19:40:38.298589Z",
            "yes_price": 36,
            "no_price": 64,
            "taker_side": "no"
        },
        {
            "trade_id": "c03efda5-af6f-46ce-bb63-60f472b3443d",
            "ticker": "KXHIGHNY-25APR09-B47.5",
            "count": 14,
            "created_time": "2025-04-09T19:35:06.419477Z",
            "yes_price": 35,
            "no_price": 65,
            "taker_side": "no"
        },
        {
            "trade_id": "4b2dcd8a-4cfa-4379-b1f9-9b47f5449470",
            "ticker": "KXHIGHNY-25APR09-B47.5",
            "count": 10,
            "created_time": "2025-04-09T19:35:06.419477Z",
            "yes_price": 36,
            "no_price": 64,
            "taker_side": "no"
        },
        {
            "trade_id": "500a7e1f-d5f5-4d8c-9f1d-a305dc31a860",
            "ticker": "KXHIGHNY-25APR09-B47.5",
            "count": 10,
            "created_time": "2025-04-09T19:34:11.261322Z",
            "yes_price": 50,
            "no_price": 50,
            "taker_side": "yes"
        },
        {
            "trade_id": "284773bd-286c-4fe5-8104-d28bc5ee1f89",
            "ticker": "KXHIGHNY-25APR09-B47.5",
            "count": 94,
            "created_time": "2025-04-09T19:34:11.261322Z",
            "yes_price": 51,
            "no_price": 49,
            "taker_side": "yes"
        },
        {
            "trade_id": "c033de7c-2a35-42c9-bd39-3d1f439d3de1",
            "ticker": "KXHIGHNY-25APR09-B47.5",
            "count": 10,
            "created_time": "2025-04-09T19:31:48.363852Z",
            "yes_price": 42,
            "no_price": 58,
            "taker_side": "yes"
        },
        {
            "trade_id": "449dd2bd-03a2-4ed3-9b2b-664c1d905021",
            "ticker": "KXHIGHNY-25APR09-B47.5",
            "count": 5,
            "created_time": "2025-04-09T19:31:48.363852Z",
            "yes_price": 36,
            "no_price": 64,
            "taker_side": "yes"
        },
        {
            "trade_id": "5695e410-17a3-4d7f-a702-ef777badd850",
            "ticker": "KXHIGHNY-25APR09-B47.5",
            "count": 48,
            "created_time": "2025-04-09T19:30:10.364673Z",
            "yes_price": 35,
            "no_price": 65,
            "taker_side": "no"
        },
        {
            "trade_id": "f2bffaf0-3ac0-4118-9119-b7239b317fb7",
            "ticker": "KXHIGHNY-25APR09-B47.5",
            "count": 5,
            "created_time": "2025-04-09T19:30:02.95414Z",
            "yes_price": 35,
            "no_price": 65,
            "taker_side": "no"
        },
        {
            "trade_id": "63ee69f5-ae1f-4021-841e-e76d75332a90",
            "ticker": "KXHIGHNY-25APR09-B47.5",
            "count": 4,
            "created_time": "2025-04-09T19:29:49.07532Z",
            "yes_price": 35,
            "no_price": 65,
            "taker_side": "no"
        },
        {
            "trade_id": "2fb83f64-d920-412a-a8e6-3e8201e43db0",
            "ticker": "KXHIGHNY-25APR09-B47.5",
            "count": 1,
            "created_time": "2025-04-09T19:29:49.07532Z",
            "yes_price": 36,
            "no_price": 64,
            "taker_side": "no"
        },
        {
            "trade_id": "b4c4cc0d-8326-454f-8217-cc3ecd504415",
            "ticker": "KXHIGHNY-25APR09-B47.5",
            "count": 57,
            "created_time": "2025-04-09T19:29:20.074584Z",
            "yes_price": 42,
            "no_price": 58,
            "taker_side": "yes"
        },
        {
            "trade_id": "f654eb6a-ca52-4941-9f50-f2e51c339c4d",
            "ticker": "KXHIGHNY-25APR09-B47.5",
            "count": 1,
            "created_time": "2025-04-09T19:18:09.057131Z",
            "yes_price": 61,
            "no_price": 39,
            "taker_side": "yes"
        },
        {
            "trade_id": "8dc163c1-88dd-4e19-b6b3-f09c75e7fa91",
            "ticker": "KXHIGHNY-25APR09-B47.5",
            "count": 1,
            "created_time": "2025-04-09T19:13:37.824635Z",
            "yes_price": 43,
            "no_price": 57,
            "taker_side": "no"
        },
        {
            "trade_id": "abe50407-cdf4-4af6-aaa8-d955514ea6d5",
            "ticker": "KXHIGHNY-25APR09-B47.5",
            "count": 1,
            "created_time": "2025-04-09T19:10:37.181717Z",
            "yes_price": 34,
            "no_price": 66,
            "taker_side": "no"
        },
        {
            "trade_id": "489ba5f1-05ba-4160-ae04-a347f503c689",
            "ticker": "KXHIGHNY-25APR09-B47.5",
            "count": 105,
            "created_time": "2025-04-09T19:09:29.350363Z",
            "yes_price": 80,
            "no_price": 20,
            "taker_side": "no"
        },
        {
            "trade_id": "e2d25e04-f899-4f42-9295-a40801162ef4",
            "ticker": "KXHIGHNY-25APR09-B47.5",
            "count": 30,
            "created_time": "2025-04-09T19:09:12.282147Z",
            "yes_price": 81,
            "no_price": 19,
            "taker_side": "no"
        },
        {
            "trade_id": "3d2c23a4-7f09-4a25-b57d-022ae1e1b31b",
            "ticker": "KXHIGHNY-25APR09-B47.5",
            "count": 10,
            "created_time": "2025-04-09T19:09:12.282147Z",
            "yes_price": 80,
            "no_price": 20,
            "taker_side": "no"
        },
        {
            "trade_id": "20e8e7e2-2aa7-48c7-9491-73ea3802dc6d",
            "ticker": "KXHIGHNY-25APR09-B47.5",
            "count": 10,
            "created_time": "2025-04-09T19:09:12.271128Z",
            "yes_price": 81,
            "no_price": 19,
            "taker_side": "no"
        },
        {
            "trade_id": "0e7b72f2-c96b-4839-ace6-05846f6ec29a",
            "ticker": "KXHIGHNY-25APR09-B47.5",
            "count": 34,
            "created_time": "2025-04-09T19:08:39.58364Z",
            "yes_price": 80,
            "no_price": 20,
            "taker_side": "no"
        },
        {
            "trade_id": "8ee46fb7-071f-4bb9-936a-f11f98d6ec2f",
            "ticker": "KXHIGHNY-25APR09-B47.5",
            "count": 85,
            "created_time": "2025-04-09T19:08:23.48459Z",
            "yes_price": 80,
            "no_price": 20,
            "taker_side": "no"
        },
        {
            "trade_id": "59dbb5b2-ed26-464d-b7a8-674c67f0c514",
            "ticker": "KXHIGHNY-25APR09-B47.5",
            "count": 40,
            "created_time": "2025-04-09T19:06:48.568979Z",
            "yes_price": 81,
            "no_price": 19,
            "taker_side": "no"
        },
        {
            "trade_id": "e7a2548b-6d18-483c-9457-47925f9d72c7",
            "ticker": "KXHIGHNY-25APR09-B47.5",
            "count": 157,
            "created_time": "2025-04-09T19:05:15.546788Z",
            "yes_price": 81,
            "no_price": 19,
            "taker_side": "no"
        },
        {
            "trade_id": "91858c4d-5660-467c-95b3-e78700dfc402",
            "ticker": "KXHIGHNY-25APR09-B47.5",
            "count": 9,
            "created_time": "2025-04-09T19:03:28.032526Z",
            "yes_price": 81,
            "no_price": 19,
            "taker_side": "no"
        },
        {
            "trade_id": "3d790cde-f31b-44d5-b6df-8e7613fc4342",
            "ticker": "KXHIGHNY-25APR09-B47.5",
            "count": 12,
            "created_time": "2025-04-09T19:03:28.032526Z",
            "yes_price": 81,
            "no_price": 19,
            "taker_side": "no"
        },
        {
            "trade_id": "44bd5b8e-4079-49cb-a657-e9dfd837d0b6",
            "ticker": "KXHIGHNY-25APR09-B47.5",
            "count": 36,
            "created_time": "2025-04-09T19:02:58.403526Z",
            "yes_price": 80,
            "no_price": 20,
            "taker_side": "no"
        },
        {
            "trade_id": "fc52bd0e-5329-40ce-81bc-f48c38769922",
            "ticker": "KXHIGHNY-25APR09-B47.5",
            "count": 30,
            "created_time": "2025-04-09T19:02:58.355801Z",
            "yes_price": 79,
            "no_price": 21,
            "taker_side": "yes"
        },
        {
            "trade_id": "9d48f54c-41f7-4152-a139-f956af68fada",
            "ticker": "KXHIGHNY-25APR09-B47.5",
            "count": 1179,
            "created_time": "2025-04-09T19:02:58.355801Z",
            "yes_price": 80,
            "no_price": 20,
            "taker_side": "yes"
        },
        {
            "trade_id": "5269c252-7e0f-4bdd-bbd4-bcdb0b3cdc00",
            "ticker": "KXHIGHNY-25APR09-B47.5",
            "count": 21,
            "created_time": "2025-04-09T19:02:58.355801Z",
            "yes_price": 76,
            "no_price": 24,
            "taker_side": "yes"
        },
        {
            "trade_id": "5162ee85-0e61-4d1e-876c-14508c193dea",
            "ticker": "KXHIGHNY-25APR09-B47.5",
            "count": 6,
            "created_time": "2025-04-09T19:00:21.644942Z",
            "yes_price": 75,
            "no_price": 25,
            "taker_side": "yes"
        },
        {
            "trade_id": "d6cfeea6-ad0c-44c5-88fd-5cd86bcbd399",
            "ticker": "KXHIGHNY-25APR09-B47.5",
            "count": 9,
            "created_time": "2025-04-09T18:58:18.665534Z",
            "yes_price": 60,
            "no_price": 40,
            "taker_side": "no"
        },
        {
            "trade_id": "b0604473-9b64-40ce-b0d1-25ca60514c65",
            "ticker": "KXHIGHNY-25APR09-B47.5",
            "count": 5,
            "created_time": "2025-04-09T18:58:18.665534Z",
            "yes_price": 60,
            "no_price": 40,
            "taker_side": "no"
        },
        {
            "trade_id": "5c3afbe6-9214-427a-ac62-4704b52e5b0d",
            "ticker": "KXHIGHNY-25APR09-B47.5",
            "count": 6,
            "created_time": "2025-04-09T18:55:59.455593Z",
            "yes_price": 76,
            "no_price": 24,
            "taker_side": "yes"
        },
        {
            "trade_id": "c497b73b-682e-49be-8ce3-3113d343f6fd",
            "ticker": "KXHIGHNY-25APR09-B47.5",
            "count": 9,
            "created_time": "2025-04-09T18:55:56.854608Z",
            "yes_price": 75,
            "no_price": 25,
            "taker_side": "yes"
        },
        {
            "trade_id": "2284702e-16c6-42f6-808a-62d79dc2598f",
            "ticker": "KXHIGHNY-25APR09-B47.5",
            "count": 50,
            "created_time": "2025-04-09T18:55:56.854608Z",
            "yes_price": 74,
            "no_price": 26,
            "taker_side": "yes"
        },
        {
            "trade_id": "fc5affe8-884c-42d6-ae51-e74e06797819",
            "ticker": "KXHIGHNY-25APR09-B47.5",
            "count": 1,
            "created_time": "2025-04-09T18:54:01.417266Z",
            "yes_price": 59,
            "no_price": 41,
            "taker_side": "yes"
        },
        {
            "trade_id": "ea36846f-355b-404f-ae00-1156900d85da",
            "ticker": "KXHIGHNY-25APR09-B47.5",
            "count": 8,
            "created_time": "2025-04-09T18:54:01.417266Z",
            "yes_price": 72,
            "no_price": 28,
            "taker_side": "yes"
        },
        {
            "trade_id": "a58dd18a-589a-40a7-a4a4-a66211475505",
            "ticker": "KXHIGHNY-25APR09-B47.5",
            "count": 35,
            "created_time": "2025-04-09T18:51:27.655454Z",
            "yes_price": 58,
            "no_price": 42,
            "taker_side": "yes"
        },
        {
            "trade_id": "ed22e078-b9b0-4255-a9c9-fc2344029be2",
            "ticker": "KXHIGHNY-25APR09-B47.5",
            "count": 21,
            "created_time": "2025-04-09T18:49:40.130832Z",
            "yes_price": 58,
            "no_price": 42,
            "taker_side": "yes"
        },
        {
            "trade_id": "2bdf4bed-46fd-4f2c-8148-7ee7d502c36b",
            "ticker": "KXHIGHNY-25APR09-B47.5",
            "count": 50,
            "created_time": "2025-04-09T18:49:40.130832Z",
            "yes_price": 57,
            "no_price": 43,
            "taker_side": "yes"
        },
        {
            "trade_id": "20eb9d39-9223-49d7-9f48-423b66811dba",
            "ticker": "KXHIGHNY-25APR09-B47.5",
            "count": 14,
            "created_time": "2025-04-09T18:49:40.130832Z",
            "yes_price": 56,
            "no_price": 44,
            "taker_side": "yes"
        },
        {
            "trade_id": "65fc3cc1-1b91-47e3-b2d4-4b5d89dfedab",
            "ticker": "KXHIGHNY-25APR09-B47.5",
            "count": 5,
            "created_time": "2025-04-09T18:49:13.85491Z",
            "yes_price": 55,
            "no_price": 45,
            "taker_side": "yes"
        },
        {
            "trade_id": "a525b0d4-14e3-41d2-a4bc-3426e95a8dcf",
            "ticker": "KXHIGHNY-25APR09-B47.5",
            "count": 1,
            "created_time": "2025-04-09T18:48:55.183122Z",
            "yes_price": 55,
            "no_price": 45,
            "taker_side": "yes"
        },
        {
            "trade_id": "ded94efa-7b12-437e-b828-d972977d3e61",
            "ticker": "KXHIGHNY-25APR09-B47.5",
            "count": 40,
            "created_time": "2025-04-09T18:42:11.856744Z",
            "yes_price": 50,
            "no_price": 50,
            "taker_side": "no"
        },
        {
            "trade_id": "939c01a1-f314-4835-a700-c71ea7c5f4cd",
            "ticker": "KXHIGHNY-25APR09-B47.5",
            "count": 15,
            "created_time": "2025-04-09T18:42:11.856744Z",
            "yes_price": 51,
            "no_price": 49,
            "taker_side": "no"
        },
        {
            "trade_id": "324f036a-de2e-4a1a-a2c0-22090e4f930e",
            "ticker": "KXHIGHNY-25APR09-B47.5",
            "count": 10,
            "created_time": "2025-04-09T18:42:11.856744Z",
            "yes_price": 51,
            "no_price": 49,
            "taker_side": "no"
        },
        {
            "trade_id": "aa67dd20-a30e-4fa9-bbd1-667684fc650b",
            "ticker": "KXHIGHNY-25APR09-B47.5",
            "count": 5,
            "created_time": "2025-04-09T18:41:27.450741Z",
            "yes_price": 58,
            "no_price": 42,
            "taker_side": "yes"
        },
        {
            "trade_id": "67ccb665-63ef-437b-a4a3-308e1c1ca475",
            "ticker": "KXHIGHNY-25APR09-B47.5",
            "count": 15,
            "created_time": "2025-04-09T18:41:27.450741Z",
            "yes_price": 57,
            "no_price": 43,
            "taker_side": "yes"
        },
        {
            "trade_id": "be26d104-1138-4ed7-a0f6-d196f70005d8",
            "ticker": "KXHIGHNY-25APR09-B47.5",
            "count": 7,
            "created_time": "2025-04-09T18:39:35.646244Z",
            "yes_price": 50,
            "no_price": 50,
            "taker_side": "no"
        },
        {
            "trade_id": "0289edbb-c2c3-418d-b36a-008d37ed345c",
            "ticker": "KXHIGHNY-25APR09-B47.5",
            "count": 7,
            "created_time": "2025-04-09T18:39:35.6389Z",
            "yes_price": 60,
            "no_price": 40,
            "taker_side": "no"
        },
        {
            "trade_id": "43b6a846-76b6-40b2-973c-efcaa815d9bc",
            "ticker": "KXHIGHNY-25APR09-B47.5",
            "count": 10,
            "created_time": "2025-04-09T18:37:15.226643Z",
            "yes_price": 74,
            "no_price": 26,
            "taker_side": "yes"
        },
        {
            "trade_id": "2308276c-52e3-4788-9035-92ec58914ff1",
            "ticker": "KXHIGHNY-25APR09-B47.5",
            "count": 3,
            "created_time": "2025-04-09T18:37:15.226643Z",
            "yes_price": 75,
            "no_price": 25,
            "taker_side": "yes"
        },
        {
            "trade_id": "c695288a-4376-4276-9e9c-532f5b632898",
            "ticker": "KXHIGHNY-25APR09-B47.5",
            "count": 10,
            "created_time": "2025-04-09T18:37:04.272042Z",
            "yes_price": 62,
            "no_price": 38,
            "taker_side": "no"
        },
        {
            "trade_id": "419d31f6-1fd8-4275-a75d-9c13f2f71b6f",
            "ticker": "KXHIGHNY-25APR09-B47.5",
            "count": 93,
            "created_time": "2025-04-09T18:37:04.272042Z",
            "yes_price": 60,
            "no_price": 40,
            "taker_side": "no"
        },
        {
            "trade_id": "1ca5c3c3-b16d-4076-92c5-8e11af5ee93c",
            "ticker": "KXHIGHNY-25APR09-B47.5",
            "count": 24,
            "created_time": "2025-04-09T18:37:04.272042Z",
            "yes_price": 61,
            "no_price": 39,
            "taker_side": "no"
        },
        {
            "trade_id": "02cbc6db-2c18-49ec-ab9d-528f25872dba",
            "ticker": "KXHIGHNY-25APR09-B47.5",
            "count": 15,
            "created_time": "2025-04-09T18:37:04.272042Z",
            "yes_price": 61,
            "no_price": 39,
            "taker_side": "no"
        },
        {
            "trade_id": "d0a5414a-4e4a-4995-884a-d713988e28dd",
            "ticker": "KXHIGHNY-25APR09-B47.5",
            "count": 23,
            "created_time": "2025-04-09T18:36:45.753789Z",
            "yes_price": 75,
            "no_price": 25,
            "taker_side": "yes"
        },
        {
            "trade_id": "6e61c18a-3a6a-4f02-9d96-7038981680df",
            "ticker": "KXHIGHNY-25APR09-B47.5",
            "count": 29,
            "created_time": "2025-04-09T18:36:45.753789Z",
            "yes_price": 74,
            "no_price": 26,
            "taker_side": "yes"
        },
        {
            "trade_id": "68015335-c0d9-457a-ade4-6f13f35e6247",
            "ticker": "KXHIGHNY-25APR09-B47.5",
            "count": 5,
            "created_time": "2025-04-09T18:36:13.457913Z",
            "yes_price": 74,
            "no_price": 26,
            "taker_side": "yes"
        },
        {
            "trade_id": "e1e23545-7455-4870-8663-5826945d3b54",
            "ticker": "KXHIGHNY-25APR09-B47.5",
            "count": 5,
            "created_time": "2025-04-09T18:35:52.98935Z",
            "yes_price": 74,
            "no_price": 26,
            "taker_side": "yes"
        },
        {
            "trade_id": "ed32ad07-c152-41f8-a002-65d34c154b4a",
            "ticker": "KXHIGHNY-25APR09-B47.5",
            "count": 15,
            "created_time": "2025-04-09T18:35:04.858134Z",
            "yes_price": 79,
            "no_price": 21,
            "taker_side": "yes"
        },
        {
            "trade_id": "c8421d2d-1e1c-48e5-b3db-e1293fbff68e",
            "ticker": "KXHIGHNY-25APR09-B47.5",
            "count": 50,
            "created_time": "2025-04-09T18:35:04.858134Z",
            "yes_price": 79,
            "no_price": 21,
            "taker_side": "yes"
        },
        {
            "trade_id": "a919d79a-588f-4b1b-850f-ee00995f4d7b",
            "ticker": "KXHIGHNY-25APR09-B47.5",
            "count": 1,
            "created_time": "2025-04-09T18:35:04.858134Z",
            "yes_price": 79,
            "no_price": 21,
            "taker_side": "yes"
        },
        {
            "trade_id": "0d85bea3-6243-407c-82b3-c52920164625",
            "ticker": "KXHIGHNY-25APR09-B47.5",
            "count": 40,
            "created_time": "2025-04-09T18:35:04.858134Z",
            "yes_price": 78,
            "no_price": 22,
            "taker_side": "yes"
        },
        {
