{
    "KXHIGHNY-25FEB17-T31": [
        {
            "trade_id": "65fad98b-5f5f-4bc3-bbd8-bf58acce247c",
            "ticker": "KXHIGHNY-25FEB17-T31",
            "count": 965,
            "created_time": "2025-02-17T20:02:15.877609Z",
            "yes_price": 1,
            "no_price": 99,
            "taker_side": "yes"
        },
        {
            "trade_id": "d5de0491-8462-4537-b056-764216986ef1",
            "ticker": "KXHIGHNY-25FEB17-T31",
            "count": 467,
            "created_time": "2025-02-17T14:10:32.244426Z",
            "yes_price": 1,
            "no_price": 99,
            "taker_side": "yes"
        },
        {
            "trade_id": "5292501c-6b17-485c-90ff-26e86fdd77dc",
            "ticker": "KXHIGHNY-25FEB17-T31",
            "count": 311,
            "created_time": "2025-02-17T04:41:25.000406Z",
            "yes_price": 1,
            "no_price": 99,
            "taker_side": "yes"
        },
        {
            "trade_id": "5d62572e-ce6c-4e40-ab8b-54606e59fa33",
            "ticker": "KXHIGHNY-25FEB17-T31",
            "count": 140,
            "created_time": "2025-02-17T03:41:53.066434Z",
            "yes_price": 2,
            "no_price": 98,
            "taker_side": "yes"
        },
        {
            "trade_id": "97bc4d00-fd75-4fc7-8234-22d964892b87",
            "ticker": "KXHIGHNY-25FEB17-T31",
            "count": 93,
            "created_time": "2025-02-17T02:02:13.812655Z",
            "yes_price": 1,
            "no_price": 99,
            "taker_side": "no"
        },
        {
            "trade_id": "4030129d-aaa9-440f-81d7-8943598a5c5b",
            "ticker": "KXHIGHNY-25FEB17-T31",
            "count": 100,
            "created_time": "2025-02-17T02:02:13.812655Z",
            "yes_price": 1,
            "no_price": 99,
            "taker_side": "no"
        },
        {
            "trade_id": "6f99c9d4-9054-419e-bf6f-5d6f571a1d7e",
            "ticker": "KXHIGHNY-25FEB17-T31",
            "count": 100,
            "created_time": "2025-02-17T01:17:31.546472Z",
            "yes_price": 1,
            "no_price": 99,
            "taker_side": "no"
        },
        {
            "trade_id": "50618bc0-04c6-4a2e-b3ab-d5f5ea504774",
            "ticker": "KXHIGHNY-25FEB17-T31",
            "count": 200,
            "created_time": "2025-02-17T00:27:02.530187Z",
            "yes_price": 1,
            "no_price": 99,
            "taker_side": "no"
        },
        {
            "trade_id": "d728a677-e1ae-46f0-a3b3-893e8eaee461",
            "ticker": "KXHIGHNY-25FEB17-T31",
            "count": 8,
            "created_time": "2025-02-17T00:12:14.570066Z",
            "yes_price": 1,
            "no_price": 99,
            "taker_side": "no"
        },
        {
            "trade_id": "3102d899-0ada-4f14-97a3-b886598e1170",
            "ticker": "KXHIGHNY-25FEB17-T31",
            "count": 171,
            "created_time": "2025-02-16T23:43:48.625436Z",
            "yes_price": 2,
            "no_price": 98,
            "taker_side": "no"
        },
        {
            "trade_id": "980469a4-546b-4559-86e5-c351d55df000",
            "ticker": "KXHIGHNY-25FEB17-T31",
            "count": 29,
            "created_time": "2025-02-16T23:27:28.579089Z",
            "yes_price": 2,
            "no_price": 98,
            "taker_side": "no"
        },
        {
            "trade_id": "d4a661ed-d76c-4707-b45d-1c9490759379",
            "ticker": "KXHIGHNY-25FEB17-T31",
            "count": 300,
            "created_time": "2025-02-16T21:31:28.576063Z",
            "yes_price": 1,
            "no_price": 99,
            "taker_side": "no"
        },
        {
            "trade_id": "122213bd-04c4-4235-98f0-3e4b498113dd",
            "ticker": "KXHIGHNY-25FEB17-T31",
            "count": 120,
            "created_time": "2025-02-16T21:28:26.81049Z",
            "yes_price": 3,
            "no_price": 97,
            "taker_side": "no"
        },
        {
            "trade_id": "4ee187ee-701d-4aba-be33-f15bd844443b",
            "ticker": "KXHIGHNY-25FEB17-T31",
            "count": 1,
            "created_time": "2025-02-16T21:18:45.180381Z",
            "yes_price": 4,
            "no_price": 96,
            "taker_side": "no"
        },
        {
            "trade_id": "d31ded41-430a-4656-817c-e096d28ad69f",
            "ticker": "KXHIGHNY-25FEB17-T31",
            "count": 200,
            "created_time": "2025-02-16T21:01:59.162162Z",
            "yes_price": 4,
            "no_price": 96,
            "taker_side": "yes"
        },
        {
            "trade_id": "dd236c8e-4345-450d-b618-65628c8e9ccd",
            "ticker": "KXHIGHNY-25FEB17-T31",
            "count": 14,
            "created_time": "2025-02-16T20:50:59.213534Z",
            "yes_price": 3,
            "no_price": 97,
            "taker_side": "no"
        },
        {
            "trade_id": "7d5bc860-56b5-4429-84cd-e94f91a9b87d",
            "ticker": "KXHIGHNY-25FEB17-T31",
            "count": 366,
            "created_time": "2025-02-16T20:43:18.250783Z",
            "yes_price": 3,
            "no_price": 97,
            "taker_side": "no"
        },
        {
            "trade_id": "d0715811-455a-418a-a67a-2958c7981018",
            "ticker": "KXHIGHNY-25FEB17-T31",
            "count": 108,
            "created_time": "2025-02-16T20:20:06.986639Z",
            "yes_price": 5,
            "no_price": 95,
            "taker_side": "yes"
        },
        {
            "trade_id": "5e6ae6db-f60c-4f95-902c-3372ea3ffa8c",
            "ticker": "KXHIGHNY-25FEB17-T31",
            "count": 18,
            "created_time": "2025-02-16T15:44:57.229871Z",
            "yes_price": 5,
            "no_price": 95,
            "taker_side": "yes"
        }
    ],
    "KXHIGHNY-25FEB17-B31.5": [
        {
            "trade_id": "25f90c35-fc50-408c-a3c0-9cb0bcbc0ff6",
            "ticker": "KXHIGHNY-25FEB17-B31.5",
            "count": 3,
            "created_time": "2025-02-17T17:00:24.850559Z",
            "yes_price": 1,
            "no_price": 99,
            "taker_side": "yes"
        },
        {
            "trade_id": "ae8ff063-be24-4ad6-9dcb-2b9f19fe4dae",
            "ticker": "KXHIGHNY-25FEB17-B31.5",
            "count": 2967,
            "created_time": "2025-02-17T16:31:41.696267Z",
            "yes_price": 1,
            "no_price": 99,
            "taker_side": "yes"
        },
        {
            "trade_id": "80e1a81e-f21f-4cd4-88ac-dfc844cf559c",
            "ticker": "KXHIGHNY-25FEB17-B31.5",
            "count": 1708,
            "created_time": "2025-02-17T16:31:41.696267Z",
            "yes_price": 1,
            "no_price": 99,
            "taker_side": "yes"
        },
        {
            "trade_id": "5a6f599d-1275-4df7-a910-3704a488a840",
            "ticker": "KXHIGHNY-25FEB17-B31.5",
            "count": 187,
            "created_time": "2025-02-17T15:53:51.798789Z",
            "yes_price": 1,
            "no_price": 99,
            "taker_side": "yes"
        },
        {
            "trade_id": "e0e836ee-5d33-42aa-868c-6668968731c3",
            "ticker": "KXHIGHNY-25FEB17-B31.5",
            "count": 589,
            "created_time": "2025-02-17T15:44:10.503Z",
            "yes_price": 1,
            "no_price": 99,
            "taker_side": "yes"
        },
        {
            "trade_id": "51513d3c-ede4-469e-bcd0-4c1ba5dd65bf",
            "ticker": "KXHIGHNY-25FEB17-B31.5",
            "count": 327,
            "created_time": "2025-02-17T15:44:10.503Z",
            "yes_price": 1,
            "no_price": 99,
            "taker_side": "yes"
        },
        {
            "trade_id": "0570b081-db04-4d53-866f-cb3fde1f2899",
            "ticker": "KXHIGHNY-25FEB17-B31.5",
            "count": 93,
            "created_time": "2025-02-17T15:23:25.87323Z",
            "yes_price": 1,
            "no_price": 99,
            "taker_side": "yes"
        },
        {
            "trade_id": "edd65e58-93e1-47f4-96fc-86e096266b66",
            "ticker": "KXHIGHNY-25FEB17-B31.5",
            "count": 467,
            "created_time": "2025-02-17T14:10:14.526Z",
            "yes_price": 1,
            "no_price": 99,
            "taker_side": "yes"
        },
        {
            "trade_id": "6bd6b204-39b3-4c0f-a58c-1ea9b36cad6f",
            "ticker": "KXHIGHNY-25FEB17-B31.5",
            "count": 84,
            "created_time": "2025-02-17T06:57:20.485811Z",
            "yes_price": 1,
            "no_price": 99,
            "taker_side": "yes"
        },
        {
            "trade_id": "47270c39-c856-4b0c-a2e0-b4915003d7c3",
            "ticker": "KXHIGHNY-25FEB17-B31.5",
            "count": 851,
            "created_time": "2025-02-17T06:57:20.485811Z",
            "yes_price": 1,
            "no_price": 99,
            "taker_side": "yes"
        },
        {
            "trade_id": "c731a516-e643-4805-81b6-879abf79d901",
            "ticker": "KXHIGHNY-25FEB17-B31.5",
            "count": 916,
            "created_time": "2025-02-17T05:42:18.998565Z",
            "yes_price": 1,
            "no_price": 99,
            "taker_side": "yes"
        },
        {
            "trade_id": "947a406c-0f27-40d5-b65a-a580f307634c",
            "ticker": "KXHIGHNY-25FEB17-B31.5",
            "count": 867,
            "created_time": "2025-02-17T04:22:44.998491Z",
            "yes_price": 1,
            "no_price": 99,
            "taker_side": "no"
        },
        {
            "trade_id": "b9697ef3-aa1c-4042-8d14-f75e314abf28",
            "ticker": "KXHIGHNY-25FEB17-B31.5",
            "count": 871,
            "created_time": "2025-02-17T04:10:06.862336Z",
            "yes_price": 1,
            "no_price": 99,
            "taker_side": "no"
        },
        {
            "trade_id": "907a8cbb-52e8-4520-97d6-41f484bdaf7f",
            "ticker": "KXHIGHNY-25FEB17-B31.5",
            "count": 28,
            "created_time": "2025-02-17T04:03:34.062617Z",
            "yes_price": 1,
            "no_price": 99,
            "taker_side": "no"
        },
        {
            "trade_id": "e8e63b26-fae4-4500-a070-e3b0216806c7",
            "ticker": "KXHIGHNY-25FEB17-B31.5",
            "count": 1,
            "created_time": "2025-02-17T03:48:37.879447Z",
            "yes_price": 6,
            "no_price": 94,
            "taker_side": "yes"
        },
        {
            "trade_id": "b56cb47d-49d3-40b4-a153-71075c4186c3",
            "ticker": "KXHIGHNY-25FEB17-B31.5",
            "count": 1,
            "created_time": "2025-02-17T03:48:37.879447Z",
            "yes_price": 7,
            "no_price": 93,
            "taker_side": "yes"
        },
        {
            "trade_id": "a064a5e6-e404-4636-9ee7-9afceb11b297",
            "ticker": "KXHIGHNY-25FEB17-B31.5",
            "count": 1,
            "created_time": "2025-02-17T03:48:37.879447Z",
            "yes_price": 5,
            "no_price": 95,
            "taker_side": "yes"
        },
        {
            "trade_id": "7409499a-5c67-4ab0-a190-74f0caa68347",
            "ticker": "KXHIGHNY-25FEB17-B31.5",
            "count": 55,
            "created_time": "2025-02-17T03:48:37.879447Z",
            "yes_price": 4,
            "no_price": 96,
            "taker_side": "yes"
        },
        {
            "trade_id": "739bf6d5-346a-4e3f-90b4-0f8f616a1908",
            "ticker": "KXHIGHNY-25FEB17-B31.5",
            "count": 26,
            "created_time": "2025-02-17T03:48:37.879447Z",
            "yes_price": 7,
            "no_price": 93,
            "taker_side": "yes"
        },
        {
            "trade_id": "4ccbf79e-96b2-435f-960d-23e09529fc72",
            "ticker": "KXHIGHNY-25FEB17-B31.5",
            "count": 100,
            "created_time": "2025-02-17T03:48:37.879447Z",
            "yes_price": 5,
            "no_price": 95,
            "taker_side": "yes"
        },
        {
            "trade_id": "425ba8dc-8889-4fa6-8c33-3ecc50d43576",
            "ticker": "KXHIGHNY-25FEB17-B31.5",
            "count": 1,
            "created_time": "2025-02-17T03:48:37.879447Z",
            "yes_price": 5,
            "no_price": 95,
            "taker_side": "yes"
        },
        {
            "trade_id": "fd3b1c1a-811c-4616-b666-c795477dbac4",
            "ticker": "KXHIGHNY-25FEB17-B31.5",
            "count": 1,
            "created_time": "2025-02-17T03:42:13.194209Z",
            "yes_price": 4,
            "no_price": 96,
            "taker_side": "yes"
        },
        {
            "trade_id": "5d9366a7-295d-41f3-bf18-434814f4b9cc",
            "ticker": "KXHIGHNY-25FEB17-B31.5",
            "count": 45,
            "created_time": "2025-02-17T03:42:13.194209Z",
            "yes_price": 4,
            "no_price": 96,
            "taker_side": "yes"
        },
        {
            "trade_id": "8c4c6119-e1b1-409d-b284-a84d73308c70",
            "ticker": "KXHIGHNY-25FEB17-B31.5",
            "count": 1,
            "created_time": "2025-02-17T02:19:31.73293Z",
            "yes_price": 1,
            "no_price": 99,
            "taker_side": "no"
        },
        {
            "trade_id": "7e181314-09ec-44e0-bc1b-2f290a75ba8f",
            "ticker": "KXHIGHNY-25FEB17-B31.5",
            "count": 310,
            "created_time": "2025-02-17T02:10:14.505953Z",
            "yes_price": 2,
            "no_price": 98,
            "taker_side": "yes"
        },
        {
            "trade_id": "66b9206f-3caa-4875-8c38-fa45868bc40d",
            "ticker": "KXHIGHNY-25FEB17-B31.5",
            "count": 88,
            "created_time": "2025-02-17T02:10:14.505953Z",
            "yes_price": 3,
            "no_price": 97,
            "taker_side": "yes"
        },
        {
            "trade_id": "e0e1b6c3-43c4-4d21-8997-53c8f0a382cf",
            "ticker": "KXHIGHNY-25FEB17-B31.5",
            "count": 1,
            "created_time": "2025-02-17T01:02:57.124518Z",
            "yes_price": 3,
            "no_price": 97,
            "taker_side": "yes"
        },
        {
            "trade_id": "717d26e5-c3f6-42d6-a7bc-e25a26aebfeb",
            "ticker": "KXHIGHNY-25FEB17-B31.5",
            "count": 100,
            "created_time": "2025-02-17T01:02:57.124518Z",
            "yes_price": 3,
            "no_price": 97,
            "taker_side": "yes"
        },
        {
            "trade_id": "52971e3a-da0b-48c5-89fd-9f886f6139af",
            "ticker": "KXHIGHNY-25FEB17-B31.5",
            "count": 9,
            "created_time": "2025-02-17T01:02:57.124518Z",
            "yes_price": 3,
            "no_price": 97,
            "taker_side": "yes"
        },
        {
            "trade_id": "3ccbd29b-4fd8-4999-b47f-21f6d739ac99",
            "ticker": "KXHIGHNY-25FEB17-B31.5",
            "count": 200,
            "created_time": "2025-02-17T01:02:57.124518Z",
            "yes_price": 3,
            "no_price": 97,
            "taker_side": "yes"
        },
        {
            "trade_id": "6fa18516-163c-47a5-bf40-8e38462e9432",
            "ticker": "KXHIGHNY-25FEB17-B31.5",
            "count": 65,
            "created_time": "2025-02-17T00:47:28.579825Z",
            "yes_price": 1,
            "no_price": 99,
            "taker_side": "no"
        },
        {
            "trade_id": "e3d8fccc-9b61-428b-bdaf-7b8ddc8f22da",
            "ticker": "KXHIGHNY-25FEB17-B31.5",
            "count": 195,
            "created_time": "2025-02-17T00:27:58.472503Z",
            "yes_price": 2,
            "no_price": 98,
            "taker_side": "no"
        },
        {
            "trade_id": "97885efc-d793-4973-a5f5-38e1c17027f1",
            "ticker": "KXHIGHNY-25FEB17-B31.5",
            "count": 5,
            "created_time": "2025-02-17T00:11:21.516554Z",
            "yes_price": 2,
            "no_price": 98,
            "taker_side": "no"
        },
        {
            "trade_id": "9d7bd1a0-4855-43df-95ac-2d7343d81328",
            "ticker": "KXHIGHNY-25FEB17-B31.5",
            "count": 9,
            "created_time": "2025-02-16T23:27:28.514797Z",
            "yes_price": 3,
            "no_price": 97,
            "taker_side": "no"
        },
        {
            "trade_id": "0e0b1b34-4e4f-47e8-ba7e-7f25acc0ebba",
            "ticker": "KXHIGHNY-25FEB17-B31.5",
            "count": 20,
            "created_time": "2025-02-16T23:27:28.514797Z",
            "yes_price": 3,
            "no_price": 97,
            "taker_side": "no"
        },
        {
            "trade_id": "f1f326a5-84c3-4936-8af5-3d1055b84e8c",
            "ticker": "KXHIGHNY-25FEB17-B31.5",
            "count": 42,
            "created_time": "2025-02-16T23:10:16.537469Z",
            "yes_price": 5,
            "no_price": 95,
            "taker_side": "yes"
        },
        {
            "trade_id": "d697a889-326d-4b4c-86a3-062b2b8ab2a8",
            "ticker": "KXHIGHNY-25FEB17-B31.5",
            "count": 4,
            "created_time": "2025-02-16T23:10:16.537469Z",
            "yes_price": 5,
            "no_price": 95,
            "taker_side": "yes"
        },
        {
            "trade_id": "26daf916-744a-44de-93c4-2d978c610ea0",
            "ticker": "KXHIGHNY-25FEB17-B31.5",
            "count": 19,
            "created_time": "2025-02-16T23:10:16.537469Z",
            "yes_price": 5,
            "no_price": 95,
            "taker_side": "yes"
        },
        {
            "trade_id": "aac9f9ec-b659-4097-8661-a85f20dc4362",
            "ticker": "KXHIGHNY-25FEB17-B31.5",
            "count": 10,
            "created_time": "2025-02-16T21:47:38.243092Z",
            "yes_price": 5,
            "no_price": 95,
            "taker_side": "yes"
        },
        {
            "trade_id": "c42bfda8-82fe-427c-97bd-267bd118f180",
            "ticker": "KXHIGHNY-25FEB17-B31.5",
            "count": 1,
            "created_time": "2025-02-16T21:24:57.720524Z",
            "yes_price": 5,
            "no_price": 95,
            "taker_side": "yes"
        },
        {
            "trade_id": "bfce398d-0050-459b-b208-4ae84e9e2f40",
            "ticker": "KXHIGHNY-25FEB17-B31.5",
            "count": 6,
            "created_time": "2025-02-16T21:02:07.561564Z",
            "yes_price": 6,
            "no_price": 94,
            "taker_side": "yes"
        },
        {
            "trade_id": "99bfc84a-e982-46ca-9b77-84d46e67deb7",
            "ticker": "KXHIGHNY-25FEB17-B31.5",
            "count": 20,
            "created_time": "2025-02-16T21:02:07.561564Z",
            "yes_price": 6,
            "no_price": 94,
            "taker_side": "yes"
        },
        {
            "trade_id": "53962406-8246-4837-9b5b-52ccfc6bdb73",
            "ticker": "KXHIGHNY-25FEB17-B31.5",
            "count": 100,
            "created_time": "2025-02-16T21:02:07.561564Z",
            "yes_price": 6,
            "no_price": 94,
            "taker_side": "yes"
        },
        {
            "trade_id": "4b784284-c519-4d96-bfff-29153872ee3e",
            "ticker": "KXHIGHNY-25FEB17-B31.5",
            "count": 22,
            "created_time": "2025-02-16T21:02:07.561564Z",
            "yes_price": 6,
            "no_price": 94,
            "taker_side": "yes"
        },
        {
            "trade_id": "3da616bf-ece8-454d-9312-dfe1e65ffed5",
            "ticker": "KXHIGHNY-25FEB17-B31.5",
            "count": 13,
            "created_time": "2025-02-16T21:02:07.561564Z",
            "yes_price": 6,
            "no_price": 94,
            "taker_side": "yes"
        },
        {
            "trade_id": "5e65d794-3fb4-497f-adca-840fdb29f579",
            "ticker": "KXHIGHNY-25FEB17-B31.5",
            "count": 105,
            "created_time": "2025-02-16T20:50:31.292286Z",
            "yes_price": 5,
            "no_price": 95,
            "taker_side": "yes"
        },
        {
            "trade_id": "793af32f-5892-4d8f-bb28-9c4dec4ff658",
            "ticker": "KXHIGHNY-25FEB17-B31.5",
            "count": 500,
            "created_time": "2025-02-16T20:50:08.718101Z",
            "yes_price": 4,
            "no_price": 96,
            "taker_side": "no"
        },
        {
            "trade_id": "70d43029-8886-4a5a-b0e3-7c8f51d09371",
            "ticker": "KXHIGHNY-25FEB17-B31.5",
            "count": 98,
            "created_time": "2025-02-16T20:48:09.1576Z",
            "yes_price": 5,
            "no_price": 95,
            "taker_side": "yes"
        },
        {
            "trade_id": "5b0acdec-29da-4411-8f1a-f8f9c922d5e4",
            "ticker": "KXHIGHNY-25FEB17-B31.5",
            "count": 7,
            "created_time": "2025-02-16T20:48:09.1576Z",
            "yes_price": 5,
            "no_price": 95,
            "taker_side": "yes"
        },
        {
            "trade_id": "031b1ea5-869f-4ea4-af61-af302f27b4e3",
            "ticker": "KXHIGHNY-25FEB17-B31.5",
            "count": 7,
            "created_time": "2025-02-16T20:48:09.1576Z",
            "yes_price": 5,
            "no_price": 95,
            "taker_side": "yes"
        },
        {
            "trade_id": "be291957-41b9-4b8c-9a50-23071de6c766",
            "ticker": "KXHIGHNY-25FEB17-B31.5",
            "count": 3,
            "created_time": "2025-02-16T20:48:03.634911Z",
            "yes_price": 4,
            "no_price": 96,
            "taker_side": "no"
        },
        {
            "trade_id": "a00d3064-61ad-4f01-b195-97f649160b4f",
            "ticker": "KXHIGHNY-25FEB17-B31.5",
            "count": 57,
            "created_time": "2025-02-16T20:47:36.385604Z",
            "yes_price": 4,
            "no_price": 96,
            "taker_side": "no"
        },
        {
            "trade_id": "ee0f4bd8-9f1b-4649-930b-1718e3224e6b",
            "ticker": "KXHIGHNY-25FEB17-B31.5",
            "count": 4,
            "created_time": "2025-02-16T20:37:33.227732Z",
            "yes_price": 5,
            "no_price": 95,
            "taker_side": "yes"
        },
        {
            "trade_id": "9e5eabc1-dd52-4e16-8bef-3bdfbe718d9c",
            "ticker": "KXHIGHNY-25FEB17-B31.5",
            "count": 1,
            "created_time": "2025-02-16T20:37:33.227732Z",
            "yes_price": 5,
            "no_price": 95,
            "taker_side": "yes"
        },
        {
            "trade_id": "3a09ae9e-c7c5-4e6a-a31c-4480828503eb",
            "ticker": "KXHIGHNY-25FEB17-B31.5",
            "count": 52,
            "created_time": "2025-02-16T20:37:33.227732Z",
            "yes_price": 5,
            "no_price": 95,
            "taker_side": "yes"
        },
        {
            "trade_id": "0252cb9c-8a8f-4873-b1d7-d55f6dafb98a",
            "ticker": "KXHIGHNY-25FEB17-B31.5",
            "count": 50,
            "created_time": "2025-02-16T20:07:28.08472Z",
            "yes_price": 2,
            "no_price": 98,
            "taker_side": "no"
        },
        {
            "trade_id": "597eab1e-a800-44fd-b136-517eced9704d",
            "ticker": "KXHIGHNY-25FEB17-B31.5",
            "count": 50,
            "created_time": "2025-02-16T19:58:31.522993Z",
            "yes_price": 7,
            "no_price": 93,
            "taker_side": "yes"
        },
        {
            "trade_id": "affccde4-dca5-4f65-b974-5cb2bf98476e",
            "ticker": "KXHIGHNY-25FEB17-B31.5",
            "count": 8,
            "created_time": "2025-02-16T19:54:24.373072Z",
            "yes_price": 5,
            "no_price": 95,
            "taker_side": "no"
        },
        {
            "trade_id": "ed3e1777-bc55-4257-872b-fcf423e7c033",
            "ticker": "KXHIGHNY-25FEB17-B31.5",
            "count": 5,
            "created_time": "2025-02-16T19:53:26.35141Z",
            "yes_price": 5,
            "no_price": 95,
            "taker_side": "yes"
        },
        {
            "trade_id": "0d4c2ec3-ec2e-4d08-89f8-7bd95d70119b",
            "ticker": "KXHIGHNY-25FEB17-B31.5",
            "count": 1,
            "created_time": "2025-02-16T19:53:26.35141Z",
            "yes_price": 5,
            "no_price": 95,
            "taker_side": "yes"
        },
        {
            "trade_id": "1d11eded-0dec-4140-a300-e45763d1ac65",
            "ticker": "KXHIGHNY-25FEB17-B31.5",
            "count": 87,
            "created_time": "2025-02-16T19:47:37.734987Z",
            "yes_price": 5,
            "no_price": 95,
            "taker_side": "yes"
        },
        {
            "trade_id": "6c74b88f-8325-43b2-8d46-dc5b687e2987",
            "ticker": "KXHIGHNY-25FEB17-B31.5",
            "count": 4,
            "created_time": "2025-02-16T19:42:25.707179Z",
            "yes_price": 6,
            "no_price": 94,
            "taker_side": "no"
        },
        {
            "trade_id": "e5399f40-c846-4163-92ac-5b10b0f72e1f",
            "ticker": "KXHIGHNY-25FEB17-B31.5",
            "count": 18,
            "created_time": "2025-02-16T15:44:46.027404Z",
            "yes_price": 5,
            "no_price": 95,
            "taker_side": "yes"
        },
        {
            "trade_id": "e22fb08d-4e54-48bc-9b5a-c6eac401f464",
            "ticker": "KXHIGHNY-25FEB17-B31.5",
            "count": 40,
            "created_time": "2025-02-16T15:12:23.114484Z",
            "yes_price": 1,
            "no_price": 99,
            "taker_side": "no"
        }
    ],
    "KXHIGHNY-25FEB17-B33.5": [
        {
            "trade_id": "e94db329-93cf-4f10-9106-750fcd45710a",
            "ticker": "KXHIGHNY-25FEB17-B33.5",
            "count": 300,
            "created_time": "2025-02-18T04:00:26.622743Z",
            "yes_price": 1,
            "no_price": 99,
            "taker_side": "yes"
        },
        {
            "trade_id": "13d7e044-f5a5-4e6a-9047-a84219c74d41",
            "ticker": "KXHIGHNY-25FEB17-B33.5",
            "count": 232,
            "created_time": "2025-02-18T02:25:43.690899Z",
            "yes_price": 1,
            "no_price": 99,
            "taker_side": "yes"
        },
        {
            "trade_id": "5f7fefda-5368-4d80-8d6b-1b73c753c3da",
            "ticker": "KXHIGHNY-25FEB17-B33.5",
            "count": 300,
            "created_time": "2025-02-17T23:02:31.117332Z",
            "yes_price": 1,
            "no_price": 99,
            "taker_side": "yes"
        },
        {
            "trade_id": "938ad4f4-9551-4907-9f7c-a13370006009",
            "ticker": "KXHIGHNY-25FEB17-B33.5",
            "count": 4875,
            "created_time": "2025-02-17T22:44:32.88926Z",
            "yes_price": 1,
            "no_price": 99,
            "taker_side": "yes"
        },
        {
            "trade_id": "84ffc161-37da-4b93-bb61-7eb454b1d6b6",
            "ticker": "KXHIGHNY-25FEB17-B33.5",
            "count": 111,
            "created_time": "2025-02-17T22:44:32.88926Z",
            "yes_price": 1,
            "no_price": 99,
            "taker_side": "yes"
        },
        {
            "trade_id": "18bb102d-c7a7-440c-9dce-07df6a1df711",
            "ticker": "KXHIGHNY-25FEB17-B33.5",
            "count": 4365,
            "created_time": "2025-02-17T22:44:32.88926Z",
            "yes_price": 1,
            "no_price": 99,
            "taker_side": "yes"
        },
        {
            "trade_id": "873e4da0-0a9f-4f5d-85f4-8862631e9257",
            "ticker": "KXHIGHNY-25FEB17-B33.5",
            "count": 467,
            "created_time": "2025-02-17T20:36:57.99615Z",
            "yes_price": 1,
            "no_price": 99,
            "taker_side": "yes"
        },
        {
            "trade_id": "8139cffc-7ad0-4e82-bd54-28c669a01cca",
            "ticker": "KXHIGHNY-25FEB17-B33.5",
            "count": 93,
            "created_time": "2025-02-17T20:24:36.794754Z",
            "yes_price": 1,
            "no_price": 99,
            "taker_side": "yes"
        },
        {
            "trade_id": "f841754f-7f13-4c9e-bdad-c5feb63cdcd8",
            "ticker": "KXHIGHNY-25FEB17-B33.5",
            "count": 2500,
            "created_time": "2025-02-17T20:21:33.860578Z",
            "yes_price": 1,
            "no_price": 99,
            "taker_side": "yes"
        },
        {
            "trade_id": "d2f19f3f-fe2c-49b9-8c77-ed6be0521684",
            "ticker": "KXHIGHNY-25FEB17-B33.5",
            "count": 1,
            "created_time": "2025-02-17T20:21:33.860578Z",
            "yes_price": 1,
            "no_price": 99,
            "taker_side": "yes"
        },
        {
            "trade_id": "50742501-4cfe-4858-ad8d-ef1ee28c71d0",
            "ticker": "KXHIGHNY-25FEB17-B33.5",
            "count": 788,
            "created_time": "2025-02-17T20:21:33.860578Z",
            "yes_price": 1,
            "no_price": 99,
            "taker_side": "yes"
        },
        {
            "trade_id": "375b3c38-2a2c-4a1d-91d7-5f87706bbcc1",
            "ticker": "KXHIGHNY-25FEB17-B33.5",
            "count": 20075,
            "created_time": "2025-02-17T20:21:33.860578Z",
            "yes_price": 1,
            "no_price": 99,
            "taker_side": "yes"
        },
        {
            "trade_id": "4d9bd054-16fc-4364-88c5-85548812761d",
            "ticker": "KXHIGHNY-25FEB17-B33.5",
            "count": 467,
            "created_time": "2025-02-17T20:16:49.141772Z",
            "yes_price": 1,
            "no_price": 99,
            "taker_side": "yes"
        },
        {
            "trade_id": "90c4887f-4538-4efc-9d8f-220f06c3df21",
            "ticker": "KXHIGHNY-25FEB17-B33.5",
            "count": 1870,
            "created_time": "2025-02-17T20:11:27.549824Z",
            "yes_price": 1,
            "no_price": 99,
            "taker_side": "yes"
        },
        {
            "trade_id": "0f50d015-1100-484a-9e08-3df7d3922c8a",
            "ticker": "KXHIGHNY-25FEB17-B33.5",
            "count": 476,
            "created_time": "2025-02-17T20:06:50.034324Z",
            "yes_price": 1,
            "no_price": 99,
            "taker_side": "yes"
        },
        {
            "trade_id": "630a6d85-1082-4fae-8419-36656fe35000",
            "ticker": "KXHIGHNY-25FEB17-B33.5",
            "count": 935,
            "created_time": "2025-02-17T19:51:43.912888Z",
            "yes_price": 1,
            "no_price": 99,
            "taker_side": "yes"
        },
        {
            "trade_id": "1e7be86f-153f-4f3e-9d88-c58b89202d41",
            "ticker": "KXHIGHNY-25FEB17-B33.5",
            "count": 187,
            "created_time": "2025-02-17T19:42:23.633164Z",
            "yes_price": 1,
            "no_price": 99,
            "taker_side": "yes"
        },
        {
            "trade_id": "c900104a-3866-4004-a0f0-a4315a3acffb",
            "ticker": "KXHIGHNY-25FEB17-B33.5",
            "count": 1402,
            "created_time": "2025-02-17T19:12:16.442823Z",
            "yes_price": 1,
            "no_price": 99,
            "taker_side": "yes"
        },
        {
            "trade_id": "5751d903-1de6-4a0d-8e08-e8ff02a3fbb7",
            "ticker": "KXHIGHNY-25FEB17-B33.5",
            "count": 748,
            "created_time": "2025-02-17T19:06:20.778342Z",
            "yes_price": 1,
            "no_price": 99,
            "taker_side": "yes"
        },
        {
            "trade_id": "15bccba0-a78b-4d4d-9913-507e9e5a8dd3",
            "ticker": "KXHIGHNY-25FEB17-B33.5",
            "count": 521,
            "created_time": "2025-02-17T19:03:11.267476Z",
            "yes_price": 1,
            "no_price": 99,
            "taker_side": "yes"
        },
        {
            "trade_id": "a0307004-cf07-40c8-a482-8a8aad4c3121",
            "ticker": "KXHIGHNY-25FEB17-B33.5",
            "count": 187,
            "created_time": "2025-02-17T18:56:03.05626Z",
            "yes_price": 1,
            "no_price": 99,
            "taker_side": "yes"
        },
        {
            "trade_id": "940fba8f-8a4e-406c-a53e-e7cf38763a54",
            "ticker": "KXHIGHNY-25FEB17-B33.5",
            "count": 467,
            "created_time": "2025-02-17T18:50:36.302781Z",
            "yes_price": 1,
            "no_price": 99,
            "taker_side": "yes"
        },
        {
            "trade_id": "14fcdccb-a37c-4221-87d9-099850380543",
            "ticker": "KXHIGHNY-25FEB17-B33.5",
            "count": 303,
            "created_time": "2025-02-17T18:40:59.417897Z",
            "yes_price": 1,
            "no_price": 99,
            "taker_side": "yes"
        },
        {
            "trade_id": "11cb3985-341d-4a15-9c68-8f5a59f73d73",
            "ticker": "KXHIGHNY-25FEB17-B33.5",
            "count": 1,
            "created_time": "2025-02-17T18:27:57.75092Z",
            "yes_price": 1,
            "no_price": 99,
            "taker_side": "yes"
        },
        {
            "trade_id": "44c918c2-1659-4474-8459-6f8136080534",
            "ticker": "KXHIGHNY-25FEB17-B33.5",
            "count": 10,
            "created_time": "2025-02-17T17:42:38.454442Z",
            "yes_price": 1,
            "no_price": 99,
            "taker_side": "yes"
        },
        {
            "trade_id": "ebbac8cb-1267-4cd4-a2c0-9e19ffbcb63c",
            "ticker": "KXHIGHNY-25FEB17-B33.5",
            "count": 374,
            "created_time": "2025-02-17T17:38:26.612127Z",
            "yes_price": 1,
            "no_price": 99,
            "taker_side": "yes"
        },
        {
            "trade_id": "472d6919-0622-47a6-b047-b5c2229fe059",
            "ticker": "KXHIGHNY-25FEB17-B33.5",
            "count": 9531,
            "created_time": "2025-02-17T17:32:47.211117Z",
            "yes_price": 1,
            "no_price": 99,
            "taker_side": "yes"
        },
        {
            "trade_id": "9e016d34-f246-484a-a363-bab5ecba97be",
            "ticker": "KXHIGHNY-25FEB17-B33.5",
            "count": 212,
            "created_time": "2025-02-17T17:13:49.308621Z",
            "yes_price": 1,
            "no_price": 99,
            "taker_side": "yes"
        },
        {
            "trade_id": "82aa91d9-e13a-49ae-a28f-38494fdf3618",
            "ticker": "KXHIGHNY-25FEB17-B33.5",
            "count": 467,
            "created_time": "2025-02-17T17:09:10.495008Z",
            "yes_price": 1,
            "no_price": 99,
            "taker_side": "yes"
        },
        {
            "trade_id": "9bac3fc3-79df-428c-8492-fbdf3e2489ea",
            "ticker": "KXHIGHNY-25FEB17-B33.5",
            "count": 233,
            "created_time": "2025-02-17T17:05:54.68396Z",
            "yes_price": 1,
            "no_price": 99,
            "taker_side": "yes"
        },
        {
            "trade_id": "a2c08b93-42bd-4f64-bcdf-e4840ba671df",
            "ticker": "KXHIGHNY-25FEB17-B33.5",
            "count": 233,
            "created_time": "2025-02-17T17:05:38.883202Z",
            "yes_price": 1,
            "no_price": 99,
            "taker_side": "yes"
        },
        {
            "trade_id": "3a92544c-9691-4b25-a639-3f595b437142",
            "ticker": "KXHIGHNY-25FEB17-B33.5",
            "count": 467,
            "created_time": "2025-02-17T17:04:14.675239Z",
            "yes_price": 1,
            "no_price": 99,
            "taker_side": "yes"
        },
        {
            "trade_id": "b7cc119b-285c-422a-b484-2560d119bbd8",
            "ticker": "KXHIGHNY-25FEB17-B33.5",
            "count": 93,
            "created_time": "2025-02-17T16:42:38.227191Z",
            "yes_price": 1,
            "no_price": 99,
            "taker_side": "yes"
        },
        {
            "trade_id": "40a51e08-c255-4658-972d-9dbef627710c",
            "ticker": "KXHIGHNY-25FEB17-B33.5",
            "count": 4675,
            "created_time": "2025-02-17T16:31:09.53728Z",
            "yes_price": 1,
            "no_price": 99,
            "taker_side": "yes"
        },
        {
            "trade_id": "f19cc36b-5076-4a93-bdf9-04d57752873b",
            "ticker": "KXHIGHNY-25FEB17-B33.5",
            "count": 112,
            "created_time": "2025-02-17T16:11:59.952428Z",
            "yes_price": 1,
            "no_price": 99,
            "taker_side": "yes"
        },
        {
            "trade_id": "62a69dad-9f6a-460b-a17c-89ce3b4f2445",
            "ticker": "KXHIGHNY-25FEB17-B33.5",
            "count": 1,
            "created_time": "2025-02-17T16:11:59.952428Z",
            "yes_price": 1,
            "no_price": 99,
            "taker_side": "yes"
        },
        {
            "trade_id": "43796876-1642-463c-9177-f12684d1322d",
            "ticker": "KXHIGHNY-25FEB17-B33.5",
            "count": 353,
            "created_time": "2025-02-17T16:11:59.952428Z",
            "yes_price": 1,
            "no_price": 99,
            "taker_side": "yes"
        },
        {
            "trade_id": "1a42cfeb-7bc7-4a30-af96-bdc2b1e22b32",
            "ticker": "KXHIGHNY-25FEB17-B33.5",
            "count": 187,
            "created_time": "2025-02-17T16:08:31.157641Z",
            "yes_price": 1,
            "no_price": 99,
            "taker_side": "yes"
        },
        {
            "trade_id": "e5c506cc-195b-4dfa-ad42-fc0d35ddbffa",
            "ticker": "KXHIGHNY-25FEB17-B33.5",
            "count": 1100,
            "created_time": "2025-02-17T16:01:21.841479Z",
            "yes_price": 1,
            "no_price": 99,
            "taker_side": "yes"
        },
        {
            "trade_id": "43a040d3-224b-48e7-9231-aa424aa9f370",
            "ticker": "KXHIGHNY-25FEB17-B33.5",
            "count": 261,
            "created_time": "2025-02-17T15:54:38.801437Z",
            "yes_price": 1,
            "no_price": 99,
            "taker_side": "yes"
        },
        {
            "trade_id": "a97b0177-66b0-4816-b0ba-560cafacd1ee",
            "ticker": "KXHIGHNY-25FEB17-B33.5",
            "count": 467,
            "created_time": "2025-02-17T15:46:12.157981Z",
            "yes_price": 1,
            "no_price": 99,
            "taker_side": "yes"
        },
        {
            "trade_id": "cca88f82-0cb5-45de-ab24-c38bddf80c37",
            "ticker": "KXHIGHNY-25FEB17-B33.5",
            "count": 94,
            "created_time": "2025-02-17T15:36:14.675986Z",
            "yes_price": 1,
            "no_price": 99,
            "taker_side": "yes"
        },
        {
            "trade_id": "32291c22-f1dd-494a-8c0e-9606930cc4bd",
            "ticker": "KXHIGHNY-25FEB17-B33.5",
            "count": 373,
            "created_time": "2025-02-17T15:36:14.675986Z",
            "yes_price": 1,
            "no_price": 99,
            "taker_side": "yes"
        },
        {
            "trade_id": "ad58451a-4a00-4dee-a622-3b87c8680184",
            "ticker": "KXHIGHNY-25FEB17-B33.5",
            "count": 4,
            "created_time": "2025-02-17T15:08:56.340441Z",
            "yes_price": 5,
            "no_price": 95,
            "taker_side": "yes"
        },
        {
            "trade_id": "7e18e95a-be31-43fd-8d59-e0ee13756527",
            "ticker": "KXHIGHNY-25FEB17-B33.5",
            "count": 50,
            "created_time": "2025-02-17T15:08:56.340441Z",
            "yes_price": 4,
            "no_price": 96,
            "taker_side": "yes"
        },
        {
            "trade_id": "740b8457-d561-40cf-8ac9-f1df967bb788",
            "ticker": "KXHIGHNY-25FEB17-B33.5",
            "count": 185,
            "created_time": "2025-02-17T15:08:56.340441Z",
            "yes_price": 6,
            "no_price": 94,
            "taker_side": "yes"
        },
        {
            "trade_id": "6b9d83e7-f67e-4e96-b066-f7979427923b",
            "ticker": "KXHIGHNY-25FEB17-B33.5",
            "count": 300,
            "created_time": "2025-02-17T15:08:56.340441Z",
            "yes_price": 4,
            "no_price": 96,
            "taker_side": "yes"
        },
        {
            "trade_id": "3e6f207b-c723-48c6-9e40-3375bc93a4ac",
            "ticker": "KXHIGHNY-25FEB17-B33.5",
            "count": 412,
            "created_time": "2025-02-17T15:08:56.340441Z",
            "yes_price": 5,
            "no_price": 95,
            "taker_side": "yes"
        },
        {
            "trade_id": "3c9a1de7-69fa-417f-99b8-10bec439aaca",
            "ticker": "KXHIGHNY-25FEB17-B33.5",
            "count": 37,
            "created_time": "2025-02-17T15:04:01.60765Z",
            "yes_price": 5,
            "no_price": 95,
            "taker_side": "yes"
        },
        {
            "trade_id": "b7f97765-537e-4fab-a829-c6d609bbb78a",
            "ticker": "KXHIGHNY-25FEB17-B33.5",
            "count": 183,
            "created_time": "2025-02-17T15:03:03.640467Z",
            "yes_price": 5,
            "no_price": 95,
            "taker_side": "yes"
        },
        {
            "trade_id": "9cd93f44-8310-4d3e-8056-4816030814b0",
            "ticker": "KXHIGHNY-25FEB17-B33.5",
            "count": 4,
            "created_time": "2025-02-17T15:03:03.640467Z",
            "yes_price": 5,
            "no_price": 95,
            "taker_side": "yes"
        },
        {
            "trade_id": "a48928fb-48fa-4875-8cfb-72159c06511b",
            "ticker": "KXHIGHNY-25FEB17-B33.5",
            "count": 78,
            "created_time": "2025-02-17T14:10:44.092194Z",
            "yes_price": 6,
            "no_price": 94,
            "taker_side": "yes"
        },
        {
            "trade_id": "e7bb02c5-7792-4e54-9aa0-3f694cf117bc",
            "ticker": "KXHIGHNY-25FEB17-B33.5",
            "count": 5000,
            "created_time": "2025-02-17T14:08:33.915326Z",
            "yes_price": 3,
            "no_price": 97,
            "taker_side": "yes"
        },
        {
            "trade_id": "caf5202b-b36f-48c9-9cdf-ffe7e73390bf",
            "ticker": "KXHIGHNY-25FEB17-B33.5",
            "count": 268,
            "created_time": "2025-02-17T14:08:33.915326Z",
            "yes_price": 7,
            "no_price": 93,
            "taker_side": "yes"
        },
        {
            "trade_id": "66c2a132-78c4-4d91-973d-1d1e5c893b21",
            "ticker": "KXHIGHNY-25FEB17-B33.5",
            "count": 200,
            "created_time": "2025-02-17T14:08:33.915326Z",
            "yes_price": 4,
            "no_price": 96,
            "taker_side": "yes"
        },
        {
            "trade_id": "393dfd49-bddc-47d9-91fc-0c11017b5374",
            "ticker": "KXHIGHNY-25FEB17-B33.5",
            "count": 227,
            "created_time": "2025-02-17T14:08:33.915326Z",
            "yes_price": 3,
            "no_price": 97,
            "taker_side": "yes"
        },
        {
            "trade_id": "88b05aab-7b43-4d98-ba00-88e8b048e1d5",
            "ticker": "KXHIGHNY-25FEB17-B33.5",
            "count": 114,
            "created_time": "2025-02-17T14:06:44.137015Z",
            "yes_price": 3,
            "no_price": 97,
            "taker_side": "yes"
        },
        {
            "trade_id": "81aafbe7-8427-4fe1-8e7e-79061c6544fd",
            "ticker": "KXHIGHNY-25FEB17-B33.5",
            "count": 897,
            "created_time": "2025-02-17T14:06:44.137015Z",
            "yes_price": 2,
            "no_price": 98,
            "taker_side": "yes"
        },
        {
            "trade_id": "721d7082-7487-4fb3-ba89-55b26ca37e3e",
            "ticker": "KXHIGHNY-25FEB17-B33.5",
            "count": 516,
            "created_time": "2025-02-17T14:06:44.137015Z",
            "yes_price": 2,
            "no_price": 98,
            "taker_side": "yes"
        },
        {
            "trade_id": "72027da6-b1c2-49e7-8681-ff48f988a31c",
            "ticker": "KXHIGHNY-25FEB17-B33.5",
            "count": 3000,
            "created_time": "2025-02-17T14:06:44.137015Z",
            "yes_price": 2,
            "no_price": 98,
            "taker_side": "yes"
        },
        {
            "trade_id": "c974bc86-178d-4ebd-871d-5b01bbd870b5",
            "ticker": "KXHIGHNY-25FEB17-B33.5",
            "count": 2292,
            "created_time": "2025-02-17T13:48:53.336744Z",
            "yes_price": 2,
            "no_price": 98,
            "taker_side": "yes"
        },
        {
            "trade_id": "e29a9404-f990-415e-8774-fe8a5c446b0a",
            "ticker": "KXHIGHNY-25FEB17-B33.5",
            "count": 11,
            "created_time": "2025-02-17T13:43:49.776531Z",
            "yes_price": 2,
            "no_price": 98,
            "taker_side": "yes"
        },
        {
            "trade_id": "726382e8-2001-4849-b5b1-cf77a35d0f0e",
            "ticker": "KXHIGHNY-25FEB17-B33.5",
            "count": 1800,
            "created_time": "2025-02-17T13:35:06.484621Z",
            "yes_price": 2,
            "no_price": 98,
            "taker_side": "yes"
        },
        {
            "trade_id": "5454783a-c87d-41c5-a55c-f0a4a9df53f3",
            "ticker": "KXHIGHNY-25FEB17-B33.5",
            "count": 1000,
            "created_time": "2025-02-17T13:35:06.484621Z",
            "yes_price": 1,
            "no_price": 99,
            "taker_side": "yes"
        },
        {
            "trade_id": "f76e3d8f-5063-4c84-81c7-8a76cc9db429",
            "ticker": "KXHIGHNY-25FEB17-B33.5",
            "count": 230,
            "created_time": "2025-02-17T13:00:55.289793Z",
            "yes_price": 1,
            "no_price": 99,
            "taker_side": "yes"
        },
        {
            "trade_id": "f556697d-478d-4910-baff-d6fcc6c99d51",
            "ticker": "KXHIGHNY-25FEB17-B33.5",
            "count": 1000,
            "created_time": "2025-02-17T13:00:55.289793Z",
            "yes_price": 1,
            "no_price": 99,
            "taker_side": "yes"
        },
        {
            "trade_id": "eedfe90e-6588-456b-af97-c29800af21ca",
            "ticker": "KXHIGHNY-25FEB17-B33.5",
            "count": 836,
            "created_time": "2025-02-17T13:00:55.289793Z",
            "yes_price": 2,
            "no_price": 98,
            "taker_side": "yes"
        },
        {
            "trade_id": "d7c003ed-5083-4786-82a3-b783468c756a",
            "ticker": "KXHIGHNY-25FEB17-B33.5",
            "count": 400,
            "created_time": "2025-02-17T13:00:55.289793Z",
            "yes_price": 2,
            "no_price": 98,
            "taker_side": "yes"
        },
        {
            "trade_id": "bb0e4ea1-01e3-41c8-bdb0-13a3bf8d8253",
            "ticker": "KXHIGHNY-25FEB17-B33.5",
            "count": 12,
            "created_time": "2025-02-17T13:00:55.289793Z",
            "yes_price": 1,
            "no_price": 99,
            "taker_side": "yes"
        },
        {
            "trade_id": "b8345281-6777-499d-93e3-59177985e770",
            "ticker": "KXHIGHNY-25FEB17-B33.5",
            "count": 100,
            "created_time": "2025-02-17T13:00:55.289793Z",
            "yes_price": 2,
            "no_price": 98,
            "taker_side": "yes"
        },
        {
            "trade_id": "947da254-30ca-4da7-a68b-14c624976876",
            "ticker": "KXHIGHNY-25FEB17-B33.5",
            "count": 500,
            "created_time": "2025-02-17T13:00:55.289793Z",
            "yes_price": 1,
            "no_price": 99,
            "taker_side": "yes"
        },
        {
            "trade_id": "6ca21a8f-f4ee-43a9-a640-c13a3a50dbd2",
            "ticker": "KXHIGHNY-25FEB17-B33.5",
            "count": 658,
            "created_time": "2025-02-17T13:00:55.289793Z",
            "yes_price": 3,
            "no_price": 97,
            "taker_side": "yes"
        },
        {
            "trade_id": "4619b86a-3f84-4f40-bbc4-dfeef3196d09",
            "ticker": "KXHIGHNY-25FEB17-B33.5",
            "count": 23,
            "created_time": "2025-02-17T13:00:55.289793Z",
            "yes_price": 1,
            "no_price": 99,
            "taker_side": "yes"
        },
        {
            "trade_id": "14cdefcd-d984-4784-8910-678ea395e05c",
            "ticker": "KXHIGHNY-25FEB17-B33.5",
            "count": 2000,
            "created_time": "2025-02-17T13:00:55.289793Z",
            "yes_price": 1,
            "no_price": 99,
            "taker_side": "yes"
        },
        {
            "trade_id": "0ddf150b-9e6c-4115-bd8a-1eb2442582a0",
            "ticker": "KXHIGHNY-25FEB17-B33.5",
            "count": 937,
            "created_time": "2025-02-17T13:00:55.289793Z",
            "yes_price": 1,
            "no_price": 99,
            "taker_side": "yes"
        },
        {
            "trade_id": "b59ec9d2-0789-4863-8bb1-b327d5cb7ef3",
            "ticker": "KXHIGHNY-25FEB17-B33.5",
            "count": 771,
            "created_time": "2025-02-17T13:00:17.924313Z",
            "yes_price": 1,
            "no_price": 99,
            "taker_side": "yes"
        },
        {
            "trade_id": "14f3e333-1324-4ac4-875e-2a2ec8f3a860",
            "ticker": "KXHIGHNY-25FEB17-B33.5",
            "count": 162,
            "created_time": "2025-02-17T13:00:17.924313Z",
            "yes_price": 1,
            "no_price": 99,
            "taker_side": "yes"
        },
        {
            "trade_id": "c37621eb-f57f-40ef-8aaa-8cfbe414abfe",
            "ticker": "KXHIGHNY-25FEB17-B33.5",
            "count": 500,
            "created_time": "2025-02-17T13:00:12.024633Z",
            "yes_price": 1,
            "no_price": 99,
            "taker_side": "yes"
        },
        {
            "trade_id": "44fad7d2-2829-468a-95ec-b0245b3a90b9",
            "ticker": "KXHIGHNY-25FEB17-B33.5",
            "count": 1837,
            "created_time": "2025-02-17T13:00:12.024633Z",
            "yes_price": 1,
            "no_price": 99,
            "taker_side": "yes"
        },
        {
            "trade_id": "249703cd-d844-4209-9cce-157a4a566ac4",
            "ticker": "KXHIGHNY-25FEB17-B33.5",
            "count": 1870,
            "created_time": "2025-02-17T06:55:37.094078Z",
            "yes_price": 1,
            "no_price": 99,
            "taker_side": "yes"
        },
        {
            "trade_id": "cfeae0d7-435a-4f8b-8a6c-7eef462f4bed",
            "ticker": "KXHIGHNY-25FEB17-B33.5",
            "count": 50,
            "created_time": "2025-02-17T06:27:08.687326Z",
            "yes_price": 1,
            "no_price": 99,
            "taker_side": "yes"
        },
        {
            "trade_id": "1be83df7-c39a-44dd-8fda-6b0254e934b6",
            "ticker": "KXHIGHNY-25FEB17-B33.5",
            "count": 1870,
            "created_time": "2025-02-17T06:26:23.281302Z",
            "yes_price": 1,
            "no_price": 99,
            "taker_side": "yes"
        },
        {
            "trade_id": "cc4f9f25-96dd-4c00-aaf6-ee78f513cc13",
            "ticker": "KXHIGHNY-25FEB17-B33.5",
            "count": 467,
            "created_time": "2025-02-17T06:17:02.856166Z",
            "yes_price": 1,
            "no_price": 99,
            "taker_side": "yes"
        },
        {
            "trade_id": "91896a09-b27f-44a6-9628-2e5080b7efb6",
            "ticker": "KXHIGHNY-25FEB17-B33.5",
            "count": 775,
            "created_time": "2025-02-17T06:04:15.450173Z",
            "yes_price": 1,
            "no_price": 99,
            "taker_side": "yes"
        },
        {
            "trade_id": "56d616eb-3912-4239-b670-5fe38926f162",
            "ticker": "KXHIGHNY-25FEB17-B33.5",
            "count": 93,
            "created_time": "2025-02-17T05:57:01.749314Z",
            "yes_price": 1,
            "no_price": 99,
            "taker_side": "yes"
        },
        {
            "trade_id": "c36c4bce-dd8b-409e-99ed-d1144a14e8a3",
            "ticker": "KXHIGHNY-25FEB17-B33.5",
            "count": 100,
            "created_time": "2025-02-17T05:53:25.159236Z",
            "yes_price": 1,
            "no_price": 99,
            "taker_side": "yes"
        },
        {
            "trade_id": "23e31b3e-38be-4b40-b986-2733ee39e944",
            "ticker": "KXHIGHNY-25FEB17-B33.5",
            "count": 100,
            "created_time": "2025-02-17T05:52:42.218643Z",
            "yes_price": 1,
            "no_price": 99,
            "taker_side": "yes"
        },
        {
            "trade_id": "37a526c2-d5ce-41d0-9f88-71e73e315b83",
            "ticker": "KXHIGHNY-25FEB17-B33.5",
            "count": 164,
            "created_time": "2025-02-17T05:50:48.312295Z",
            "yes_price": 1,
            "no_price": 99,
            "taker_side": "yes"
        },
        {
            "trade_id": "23bcd57c-4894-4c1e-b3ee-b691f8eb0e27",
            "ticker": "KXHIGHNY-25FEB17-B33.5",
            "count": 219,
            "created_time": "2025-02-17T05:42:32.662764Z",
            "yes_price": 1,
            "no_price": 99,
            "taker_side": "yes"
        },
        {
            "trade_id": "cbb5de25-a2a9-4e7e-86df-a259444785a6",
            "ticker": "KXHIGHNY-25FEB17-B33.5",
            "count": 467,
            "created_time": "2025-02-17T05:32:49.569275Z",
            "yes_price": 1,
            "no_price": 99,
            "taker_side": "yes"
        },
        {
            "trade_id": "7bbefa42-55c8-4528-9737-b9c675740735",
            "ticker": "KXHIGHNY-25FEB17-B33.5",
            "count": 5,
            "created_time": "2025-02-17T05:30:55.69864Z",
            "yes_price": 1,
            "no_price": 99,
            "taker_side": "yes"
        },
        {
            "trade_id": "f031ce06-f657-433a-a936-6237c7680cac",
            "ticker": "KXHIGHNY-25FEB17-B33.5",
            "count": 22,
            "created_time": "2025-02-17T05:23:56.05281Z",
            "yes_price": 1,
            "no_price": 99,
            "taker_side": "yes"
        },
        {
            "trade_id": "db47f940-5b05-406a-b6fa-122eb2a550da",
            "ticker": "KXHIGHNY-25FEB17-B33.5",
            "count": 83,
            "created_time": "2025-02-17T05:23:56.05281Z",
            "yes_price": 1,
            "no_price": 99,
            "taker_side": "yes"
        },
        {
            "trade_id": "c1bd6169-d707-4aec-b58a-40b47c84265b",
            "ticker": "KXHIGHNY-25FEB17-B33.5",
            "count": 126,
            "created_time": "2025-02-17T05:14:28.316204Z",
            "yes_price": 1,
            "no_price": 99,
            "taker_side": "yes"
        },
        {
            "trade_id": "b50a0289-9e1e-4756-898b-726e05d58cfa",
            "ticker": "KXHIGHNY-25FEB17-B33.5",
            "count": 25,
            "created_time": "2025-02-17T05:14:28.316204Z",
            "yes_price": 1,
            "no_price": 99,
            "taker_side": "yes"
        },
        {
            "trade_id": "0e8122e5-a17e-49a1-8c3d-44b3158dc14a",
            "ticker": "KXHIGHNY-25FEB17-B33.5",
            "count": 158,
            "created_time": "2025-02-17T05:14:28.316204Z",
            "yes_price": 2,
            "no_price": 98,
            "taker_side": "yes"
        },
        {
            "trade_id": "8c83bf8a-8ec1-4d81-9b07-addac147661b",
            "ticker": "KXHIGHNY-25FEB17-B33.5",
            "count": 1,
            "created_time": "2025-02-17T05:08:26.771865Z",
            "yes_price": 1,
            "no_price": 99,
            "taker_side": "yes"
        },
        {
            "trade_id": "ec3c7a07-799d-4e4d-a596-39d970f1c5b4",
            "ticker": "KXHIGHNY-25FEB17-B33.5",
            "count": 85,
            "created_time": "2025-02-17T05:03:23.239087Z",
            "yes_price": 1,
            "no_price": 99,
            "taker_side": "yes"
        },
        {
            "trade_id": "fbc0cfba-5745-4b08-b9af-2488f89b02be",
            "ticker": "KXHIGHNY-25FEB17-B33.5",
            "count": 6,
            "created_time": "2025-02-17T05:00:17.216733Z",
            "yes_price": 2,
            "no_price": 98,
            "taker_side": "yes"
        },
        {
            "trade_id": "7438566f-6fd0-4408-aed1-ee247eeb59b4",
            "ticker": "KXHIGHNY-25FEB17-B33.5",
            "count": 56,
            "created_time": "2025-02-17T05:00:17.216733Z",
            "yes_price": 1,
            "no_price": 99,
            "taker_side": "yes"
        },
        {
            "trade_id": "13e5522d-fae1-4201-a788-e9aaf61062c2",
            "ticker": "KXHIGHNY-25FEB17-B33.5",
            "count": 1016,
            "created_time": "2025-02-17T04:57:58.83825Z",
            "yes_price": 1,
            "no_price": 99,
            "taker_side": "no"
        },
        {
            "trade_id": "df7603bc-bfe9-484d-9aa7-157b79b9e6f3",
            "ticker": "KXHIGHNY-25FEB17-B33.5",
            "count": 500,
            "created_time": "2025-02-17T04:51:24.19008Z",
            "yes_price": 2,
            "no_price": 98,
            "taker_side": "yes"
        },
        {
            "trade_id": "be394234-f90d-41a3-85b1-a9f55ff0bb10",
            "ticker": "KXHIGHNY-25FEB17-B33.5",
            "count": 16,
            "created_time": "2025-02-17T04:50:36.322362Z",
            "yes_price": 2,
            "no_price": 98,
            "taker_side": "yes"
        },
        {
            "trade_id": "495d01ab-e57a-4551-bd96-31f5119ec37c",
            "ticker": "KXHIGHNY-25FEB17-B33.5",
            "count": 28,
            "created_time": "2025-02-17T04:48:33.264287Z",
            "yes_price": 1,
            "no_price": 99,
            "taker_side": "no"
        },
        {
            "trade_id": "cc881c78-fdfe-4325-ab80-e61c4d9bf8cd",
            "ticker": "KXHIGHNY-25FEB17-B33.5",
            "count": 500,
            "created_time": "2025-02-17T04:48:31.319165Z",
            "yes_price": 2,
            "no_price": 98,
            "taker_side": "yes"
        },
        {
            "trade_id": "fa7d7b2d-20b1-4e00-9036-fccda1b761d1",
            "ticker": "KXHIGHNY-25FEB17-B33.5",
            "count": 100,
            "created_time": "2025-02-17T04:47:49.403165Z",
            "yes_price": 1,
            "no_price": 99,
            "taker_side": "no"
        },
        {
            "trade_id": "4fed3dc9-2e7a-4bed-b582-e91c4ba2c6c6",
            "ticker": "KXHIGHNY-25FEB17-B33.5",
            "count": 240,
            "created_time": "2025-02-17T04:47:34.415072Z",
            "yes_price": 1,
            "no_price": 99,
            "taker_side": "no"
        },
        {
            "trade_id": "3f225edc-bff6-4f28-b84f-e935b1d51446",
            "ticker": "KXHIGHNY-25FEB17-B33.5",
            "count": 133,
            "created_time": "2025-02-17T04:46:59.233573Z",
            "yes_price": 1,
            "no_price": 99,
            "taker_side": "no"
        },
        {
            "trade_id": "214428b9-b49b-4b2a-aa76-f928a3b24494",
            "ticker": "KXHIGHNY-25FEB17-B33.5",
            "count": 230,
            "created_time": "2025-02-17T04:39:06.195367Z",
            "yes_price": 4,
            "no_price": 96,
            "taker_side": "yes"
        },
        {
            "trade_id": "26229431-edd9-4ed5-a98a-f969069a1922",
            "ticker": "KXHIGHNY-25FEB17-B33.5",
            "count": 1148,
            "created_time": "2025-02-17T04:32:32.97857Z",
            "yes_price": 4,
            "no_price": 96,
            "taker_side": "yes"
        },
        {
            "trade_id": "b87f2343-2590-40f9-a957-4503260fda8b",
            "ticker": "KXHIGHNY-25FEB17-B33.5",
            "count": 204,
            "created_time": "2025-02-17T04:28:13.187977Z",
            "yes_price": 1,
            "no_price": 99,
            "taker_side": "no"
        },
        {
            "trade_id": "44881c03-3480-4128-a646-9285b099b40e",
            "ticker": "KXHIGHNY-25FEB17-B33.5",
            "count": 10,
            "created_time": "2025-02-17T04:25:40.048816Z",
            "yes_price": 1,
            "no_price": 99,
            "taker_side": "yes"
        },
        {
            "trade_id": "82ededcf-76ce-4658-9963-be02536558c1",
            "ticker": "KXHIGHNY-25FEB17-B33.5",
            "count": 50,
            "created_time": "2025-02-17T04:25:00.83439Z",
            "yes_price": 1,
            "no_price": 99,
            "taker_side": "no"
        },
        {
            "trade_id": "7e08f12d-6cfc-417d-9183-5ca68fff7bf9",
            "ticker": "KXHIGHNY-25FEB17-B33.5",
            "count": 9,
            "created_time": "2025-02-17T04:25:00.83439Z",
            "yes_price": 1,
            "no_price": 99,
            "taker_side": "no"
        },
        {
            "trade_id": "2a2c7aa3-0159-42ab-9ee7-c71f782f0737",
            "ticker": "KXHIGHNY-25FEB17-B33.5",
            "count": 8,
            "created_time": "2025-02-17T04:23:58.778283Z",
            "yes_price": 1,
            "no_price": 99,
            "taker_side": "no"
        },
        {
            "trade_id": "243702cc-170c-4445-9168-c6fd5945bf65",
            "ticker": "KXHIGHNY-25FEB17-B33.5",
            "count": 1,
            "created_time": "2025-02-17T04:23:58.778283Z",
            "yes_price": 1,
            "no_price": 99,
            "taker_side": "no"
        },
        {
            "trade_id": "45bd8b2c-f889-46d3-9830-86993d89b640",
            "ticker": "KXHIGHNY-25FEB17-B33.5",
            "count": 1,
            "created_time": "2025-02-17T04:12:18.831107Z",
            "yes_price": 4,
            "no_price": 96,
            "taker_side": "yes"
        },
        {
            "trade_id": "2dc39f11-515a-48fa-8567-868ea86592b2",
            "ticker": "KXHIGHNY-25FEB17-B33.5",
            "count": 1,
            "created_time": "2025-02-17T04:12:06.251088Z",
            "yes_price": 4,
            "no_price": 96,
            "taker_side": "yes"
        },
        {
            "trade_id": "de6ed9f3-2101-4ef1-b60a-fdfba81c0383",
            "ticker": "KXHIGHNY-25FEB17-B33.5",
            "count": 1,
            "created_time": "2025-02-17T04:12:05.206452Z",
            "yes_price": 4,
            "no_price": 96,
            "taker_side": "yes"
        },
        {
            "trade_id": "2b5cf249-8f10-4cf4-97cc-f2416354e8e7",
            "ticker": "KXHIGHNY-25FEB17-B33.5",
            "count": 1,
            "created_time": "2025-02-17T04:12:04.107973Z",
            "yes_price": 4,
            "no_price": 96,
            "taker_side": "yes"
        },
        {
            "trade_id": "9eb02e69-7b6d-462b-a69b-556c8f12e1a8",
            "ticker": "KXHIGHNY-25FEB17-B33.5",
            "count": 1,
            "created_time": "2025-02-17T04:12:03.228613Z",
            "yes_price": 4,
            "no_price": 96,
            "taker_side": "yes"
        },
        {
            "trade_id": "13910926-3ea4-463d-b2be-be4a150c1d28",
            "ticker": "KXHIGHNY-25FEB17-B33.5",
            "count": 1,
            "created_time": "2025-02-17T04:12:01.672102Z",
            "yes_price": 4,
            "no_price": 96,
            "taker_side": "yes"
        },
        {
            "trade_id": "a0837604-206e-4a4c-b270-8a0fcab85116",
            "ticker": "KXHIGHNY-25FEB17-B33.5",
            "count": 1,
            "created_time": "2025-02-17T04:12:00.611262Z",
            "yes_price": 4,
            "no_price": 96,
            "taker_side": "yes"
        },
        {
            "trade_id": "6c229e53-d4a4-4de2-bc51-96828712949b",
            "ticker": "KXHIGHNY-25FEB17-B33.5",
            "count": 1,
            "created_time": "2025-02-17T04:11:59.869562Z",
            "yes_price": 4,
            "no_price": 96,
            "taker_side": "yes"
        },
        {
            "trade_id": "6492dd93-0070-479b-8378-87b9533f0e33",
            "ticker": "KXHIGHNY-25FEB17-B33.5",
            "count": 1,
            "created_time": "2025-02-17T04:11:58.864067Z",
            "yes_price": 4,
            "no_price": 96,
            "taker_side": "yes"
        },
        {
            "trade_id": "f6ec281f-cda6-4b73-931b-8398c23caab7",
            "ticker": "KXHIGHNY-25FEB17-B33.5",
            "count": 1,
            "created_time": "2025-02-17T04:11:58.080498Z",
            "yes_price": 4,
            "no_price": 96,
            "taker_side": "yes"
        },
        {
            "trade_id": "13d4cc61-c9d4-412c-a3e8-032c17d0e235",
            "ticker": "KXHIGHNY-25FEB17-B33.5",
            "count": 1,
            "created_time": "2025-02-17T04:10:27.316504Z",
            "yes_price": 4,
            "no_price": 96,
            "taker_side": "yes"
        },
        {
            "trade_id": "0030c7e3-e0f8-484c-b5d1-ed940d76a893",
            "ticker": "KXHIGHNY-25FEB17-B33.5",
            "count": 1,
            "created_time": "2025-02-17T04:10:26.673027Z",
            "yes_price": 4,
            "no_price": 96,
            "taker_side": "yes"
        },
        {
            "trade_id": "2982fb14-fee3-4597-864e-a98778373776",
            "ticker": "KXHIGHNY-25FEB17-B33.5",
            "count": 1,
            "created_time": "2025-02-17T04:10:25.987281Z",
            "yes_price": 4,
            "no_price": 96,
            "taker_side": "yes"
        },
        {
            "trade_id": "fbacfac2-9568-474e-a35f-9a37e0913dbe",
            "ticker": "KXHIGHNY-25FEB17-B33.5",
            "count": 1,
            "created_time": "2025-02-17T04:10:25.346682Z",
            "yes_price": 4,
            "no_price": 96,
            "taker_side": "yes"
        },
        {
            "trade_id": "771546c8-b80d-438d-9004-b39dd87adf2f",
            "ticker": "KXHIGHNY-25FEB17-B33.5",
            "count": 1,
            "created_time": "2025-02-17T04:10:24.713947Z",
            "yes_price": 4,
            "no_price": 96,
            "taker_side": "yes"
        },
        {
            "trade_id": "92534352-ec98-437d-98f7-f75494a90101",
            "ticker": "KXHIGHNY-25FEB17-B33.5",
            "count": 1,
            "created_time": "2025-02-17T04:10:24.115442Z",
            "yes_price": 4,
            "no_price": 96,
            "taker_side": "yes"
        },
        {
            "trade_id": "873a2c64-6642-43ef-9075-84390afb39fa",
            "ticker": "KXHIGHNY-25FEB17-B33.5",
            "count": 1,
            "created_time": "2025-02-17T04:10:23.516567Z",
            "yes_price": 4,
            "no_price": 96,
            "taker_side": "yes"
        },
        {
            "trade_id": "a5fb5c1b-b7a3-48ee-b4f0-40576dcb0e91",
            "ticker": "KXHIGHNY-25FEB17-B33.5",
            "count": 1,
            "created_time": "2025-02-17T04:10:22.850661Z",
            "yes_price": 4,
            "no_price": 96,
            "taker_side": "yes"
        },
        {
            "trade_id": "be5e50e1-b0b8-4931-8701-fe31c9f58a1e",
            "ticker": "KXHIGHNY-25FEB17-B33.5",
            "count": 1,
            "created_time": "2025-02-17T04:10:22.236114Z",
            "yes_price": 4,
            "no_price": 96,
            "taker_side": "yes"
        },
        {
            "trade_id": "b2d1bf50-2135-42c2-b261-a402b78b026c",
            "ticker": "KXHIGHNY-25FEB17-B33.5",
            "count": 1,
            "created_time": "2025-02-17T04:10:21.582257Z",
            "yes_price": 4,
            "no_price": 96,
            "taker_side": "yes"
        },
        {
            "trade_id": "169c8fcb-70f3-4ce4-9e02-0b4ff4796d8e",
            "ticker": "KXHIGHNY-25FEB17-B33.5",
            "count": 1,
            "created_time": "2025-02-17T04:10:20.932032Z",
            "yes_price": 4,
            "no_price": 96,
            "taker_side": "yes"
        },
        {
            "trade_id": "dfd171d2-9273-4bed-8f65-22370e99be64",
            "ticker": "KXHIGHNY-25FEB17-B33.5",
            "count": 1,
            "created_time": "2025-02-17T04:10:20.271132Z",
            "yes_price": 4,
            "no_price": 96,
            "taker_side": "yes"
        },
        {
            "trade_id": "e30a7fec-3d49-43ab-9d67-979611f36f37",
            "ticker": "KXHIGHNY-25FEB17-B33.5",
            "count": 1,
            "created_time": "2025-02-17T04:10:19.565858Z",
            "yes_price": 4,
            "no_price": 96,
            "taker_side": "yes"
        },
        {
            "trade_id": "3679b029-5db5-4af3-8ba9-50667c7ee04e",
            "ticker": "KXHIGHNY-25FEB17-B33.5",
            "count": 1,
            "created_time": "2025-02-17T04:10:18.892492Z",
            "yes_price": 4,
            "no_price": 96,
            "taker_side": "yes"
        },
        {
            "trade_id": "b971fedb-2b9c-4bc6-b812-c2577e79e244",
            "ticker": "KXHIGHNY-25FEB17-B33.5",
            "count": 1,
            "created_time": "2025-02-17T04:10:18.189182Z",
            "yes_price": 4,
            "no_price": 96,
            "taker_side": "yes"
        },
        {
            "trade_id": "3979fd59-1922-40d0-8185-46628536cb1b",
            "ticker": "KXHIGHNY-25FEB17-B33.5",
            "count": 1,
            "created_time": "2025-02-17T04:10:17.553233Z",
            "yes_price": 4,
            "no_price": 96,
            "taker_side": "yes"
        },
        {
            "trade_id": "c1688d7b-93ec-46bf-ac28-b1d3150d3609",
            "ticker": "KXHIGHNY-25FEB17-B33.5",
            "count": 1,
            "created_time": "2025-02-17T04:10:16.847174Z",
            "yes_price": 4,
            "no_price": 96,
            "taker_side": "yes"
        },
        {
            "trade_id": "e0650f65-8d7b-4fe1-a057-fe699c4bf300",
            "ticker": "KXHIGHNY-25FEB17-B33.5",
            "count": 1,
            "created_time": "2025-02-17T04:10:16.170756Z",
            "yes_price": 4,
            "no_price": 96,
            "taker_side": "yes"
        },
        {
            "trade_id": "1b568e2c-e158-4083-be5f-284957cdccaa",
            "ticker": "KXHIGHNY-25FEB17-B33.5",
            "count": 1,
            "created_time": "2025-02-17T04:10:15.435736Z",
            "yes_price": 4,
            "no_price": 96,
            "taker_side": "yes"
        },
        {
            "trade_id": "41ea907a-6843-4ae4-91c8-b248955a8023",
            "ticker": "KXHIGHNY-25FEB17-B33.5",
            "count": 1,
            "created_time": "2025-02-17T04:10:14.745663Z",
            "yes_price": 4,
            "no_price": 96,
            "taker_side": "yes"
        },
        {
            "trade_id": "6447683d-e299-41ce-afff-5b2941daf824",
            "ticker": "KXHIGHNY-25FEB17-B33.5",
            "count": 1,
            "created_time": "2025-02-17T04:10:14.089144Z",
            "yes_price": 4,
            "no_price": 96,
            "taker_side": "yes"
        },
        {
            "trade_id": "0386252b-b2b3-4a3e-a51b-cb57f6fbcac4",
            "ticker": "KXHIGHNY-25FEB17-B33.5",
            "count": 1,
            "created_time": "2025-02-17T04:10:13.409956Z",
            "yes_price": 4,
            "no_price": 96,
            "taker_side": "yes"
        },
        {
            "trade_id": "afd1aa10-754d-4cb6-b59f-83066efbfe1b",
            "ticker": "KXHIGHNY-25FEB17-B33.5",
            "count": 1,
            "created_time": "2025-02-17T04:10:12.654827Z",
            "yes_price": 4,
            "no_price": 96,
            "taker_side": "yes"
        },
        {
            "trade_id": "9d1c4841-1934-451a-bdb9-d1899cbdc97b",
            "ticker": "KXHIGHNY-25FEB17-B33.5",
            "count": 1,
            "created_time": "2025-02-17T04:10:11.992813Z",
            "yes_price": 4,
            "no_price": 96,
            "taker_side": "yes"
        },
        {
            "trade_id": "0ab38b46-9b23-48fb-af4b-274f3ebceb58",
            "ticker": "KXHIGHNY-25FEB17-B33.5",
            "count": 1,
            "created_time": "2025-02-17T04:10:11.30763Z",
            "yes_price": 4,
            "no_price": 96,
            "taker_side": "yes"
        },
        {
            "trade_id": "d90275d7-6430-48ab-87d7-052f01a26e4d",
            "ticker": "KXHIGHNY-25FEB17-B33.5",
            "count": 1,
            "created_time": "2025-02-17T04:10:10.666023Z",
            "yes_price": 4,
            "no_price": 96,
            "taker_side": "yes"
        },
        {
            "trade_id": "8d6af9cf-34e4-4638-a358-a20013963754",
            "ticker": "KXHIGHNY-25FEB17-B33.5",
            "count": 1,
            "created_time": "2025-02-17T04:10:09.988502Z",
            "yes_price": 4,
            "no_price": 96,
            "taker_side": "yes"
        },
        {
            "trade_id": "e26ca2fd-fd78-415d-a286-3fc761c93d78",
            "ticker": "KXHIGHNY-25FEB17-B33.5",
            "count": 1,
            "created_time": "2025-02-17T04:10:09.370422Z",
            "yes_price": 4,
            "no_price": 96,
            "taker_side": "yes"
        },
        {
            "trade_id": "0238679c-7c93-44e3-8812-f76e77e3d4c5",
            "ticker": "KXHIGHNY-25FEB17-B33.5",
            "count": 1,
            "created_time": "2025-02-17T04:10:08.670237Z",
            "yes_price": 4,
            "no_price": 96,
            "taker_side": "yes"
        },
        {
            "trade_id": "f7f6604a-853f-4ff3-9e81-1422ec92f8ed",
            "ticker": "KXHIGHNY-25FEB17-B33.5",
            "count": 1,
            "created_time": "2025-02-17T04:10:08.027664Z",
            "yes_price": 4,
            "no_price": 96,
            "taker_side": "yes"
        },
        {
            "trade_id": "91d08c9a-bad0-450d-9f0e-5fa433e48753",
            "ticker": "KXHIGHNY-25FEB17-B33.5",
            "count": 1,
            "created_time": "2025-02-17T04:10:07.366519Z",
            "yes_price": 4,
            "no_price": 96,
            "taker_side": "yes"
        },
        {
            "trade_id": "ad9a857d-206a-451b-9742-83a9080a337e",
            "ticker": "KXHIGHNY-25FEB17-B33.5",
            "count": 240,
            "created_time": "2025-02-17T04:05:49.536569Z",
            "yes_price": 4,
            "no_price": 96,
            "taker_side": "yes"
        },
        {
            "trade_id": "5f4a6acd-4548-41a7-acef-03f898a2c3be",
            "ticker": "KXHIGHNY-25FEB17-B33.5",
            "count": 129,
            "created_time": "2025-02-17T04:04:35.845022Z",
            "yes_price": 4,
            "no_price": 96,
            "taker_side": "yes"
        },
        {
            "trade_id": "049b73ee-a3ce-4200-9e06-ac26562c0e8d",
            "ticker": "KXHIGHNY-25FEB17-B33.5",
            "count": 100,
            "created_time": "2025-02-17T04:04:35.845022Z",
            "yes_price": 4,
            "no_price": 96,
            "taker_side": "yes"
        },
        {
            "trade_id": "e6c980ff-aa02-4014-82c0-5ccbe3140dc5",
            "ticker": "KXHIGHNY-25FEB17-B33.5",
            "count": 42,
            "created_time": "2025-02-17T04:04:03.135707Z",
            "yes_price": 1,
            "no_price": 99,
            "taker_side": "no"
        },
        {
            "trade_id": "b9de2000-5114-4034-892e-fff1c66ffdc8",
            "ticker": "KXHIGHNY-25FEB17-B33.5",
            "count": 2,
            "created_time": "2025-02-17T04:04:03.135707Z",
            "yes_price": 1,
            "no_price": 99,
            "taker_side": "no"
        },
        {
            "trade_id": "f23d47bc-c07d-4176-b1b0-afe99beabd69",
            "ticker": "KXHIGHNY-25FEB17-B33.5",
            "count": 10,
            "created_time": "2025-02-17T04:03:33.919133Z",
            "yes_price": 1,
            "no_price": 99,
            "taker_side": "no"
        },
        {
            "trade_id": "cfa104e9-d2e0-4126-a5dd-50bb8123b85c",
            "ticker": "KXHIGHNY-25FEB17-B33.5",
            "count": 10,
            "created_time": "2025-02-17T04:03:33.919133Z",
            "yes_price": 2,
            "no_price": 98,
            "taker_side": "no"
        },
        {
            "trade_id": "214d67fc-f63b-4767-83c8-3de522364a18",
            "ticker": "KXHIGHNY-25FEB17-B33.5",
            "count": 8,
            "created_time": "2025-02-17T04:03:33.919133Z",
            "yes_price": 1,
            "no_price": 99,
            "taker_side": "no"
        },
        {
            "trade_id": "a40145bd-aa75-41ef-99e4-4e76d171d377",
            "ticker": "KXHIGHNY-25FEB17-B33.5",
            "count": 143,
            "created_time": "2025-02-17T03:48:29.418568Z",
            "yes_price": 8,
            "no_price": 92,
            "taker_side": "yes"
        },
        {
            "trade_id": "ddfff8b8-22e6-430e-978a-9840ab6c08e4",
            "ticker": "KXHIGHNY-25FEB17-B33.5",
            "count": 23,
            "created_time": "2025-02-17T03:43:00.818892Z",
            "yes_price": 8,
            "no_price": 92,
            "taker_side": "yes"
        },
        {
            "trade_id": "3585ffc3-4db4-48d1-ac2f-785b1eb3fbbd",
            "ticker": "KXHIGHNY-25FEB17-B33.5",
            "count": 10,
            "created_time": "2025-02-17T03:37:27.688668Z",
            "yes_price": 8,
            "no_price": 92,
            "taker_side": "yes"
        },
        {
            "trade_id": "26e2887d-c524-4af9-856d-dd06e259ef96",
            "ticker": "KXHIGHNY-25FEB17-B33.5",
            "count": 36,
            "created_time": "2025-02-17T03:37:27.688668Z",
            "yes_price": 8,
            "no_price": 92,
            "taker_side": "yes"
        },
        {
            "trade_id": "e9e919ac-4023-40fc-a824-6b5e581fb045",
            "ticker": "KXHIGHNY-25FEB17-B33.5",
            "count": 176,
            "created_time": "2025-02-17T03:33:25.787873Z",
            "yes_price": 8,
            "no_price": 92,
            "taker_side": "yes"
        },
        {
            "trade_id": "ba2cdb59-dea0-4d07-8cbf-116fed316f0f",
            "ticker": "KXHIGHNY-25FEB17-B33.5",
            "count": 67,
            "created_time": "2025-02-17T03:23:20.876651Z",
            "yes_price": 7,
            "no_price": 93,
            "taker_side": "yes"
        },
        {
            "trade_id": "bc385ba1-7155-4e14-8494-6e6257a979c0",
            "ticker": "KXHIGHNY-25FEB17-B33.5",
            "count": 124,
            "created_time": "2025-02-17T03:21:16.033734Z",
            "yes_price": 7,
            "no_price": 93,
            "taker_side": "yes"
        },
        {
            "trade_id": "24198133-0e92-48f6-8db0-ec36ec9afa15",
            "ticker": "KXHIGHNY-25FEB17-B33.5",
            "count": 9,
            "created_time": "2025-02-17T03:14:46.270528Z",
            "yes_price": 2,
            "no_price": 98,
            "taker_side": "no"
        },
        {
            "trade_id": "1cf4e064-8090-4161-90ae-3abb1d2b83a3",
            "ticker": "KXHIGHNY-25FEB17-B33.5",
            "count": 9,
            "created_time": "2025-02-17T03:14:24.292515Z",
            "yes_price": 7,
            "no_price": 93,
            "taker_side": "yes"
        },
        {
            "trade_id": "dabc5d3f-8031-43c6-972c-a090175b706d",
            "ticker": "KXHIGHNY-25FEB17-B33.5",
            "count": 35,
            "created_time": "2025-02-17T02:54:33.179039Z",
            "yes_price": 7,
            "no_price": 93,
            "taker_side": "yes"
        },
        {
            "trade_id": "66d91e9e-c2e3-4173-b11c-4d85043cac1c",
            "ticker": "KXHIGHNY-25FEB17-B33.5",
            "count": 200,
            "created_time": "2025-02-17T02:45:26.741991Z",
            "yes_price": 8,
            "no_price": 92,
            "taker_side": "yes"
        },
        {
            "trade_id": "e825dfe4-91b1-4b61-81e1-5c20b4ed6c33",
            "ticker": "KXHIGHNY-25FEB17-B33.5",
            "count": 25,
            "created_time": "2025-02-17T02:41:33.065714Z",
            "yes_price": 7,
            "no_price": 93,
            "taker_side": "no"
        },
        {
            "trade_id": "cf768899-83c1-42ce-885d-bbf792cc7be6",
            "ticker": "KXHIGHNY-25FEB17-B33.5",
            "count": 200,
            "created_time": "2025-02-17T02:41:33.065714Z",
            "yes_price": 5,
            "no_price": 95,
            "taker_side": "no"
        },
        {
            "trade_id": "bcd8da41-2e5f-45d8-b0ed-9fc1bfc4b7cc",
            "ticker": "KXHIGHNY-25FEB17-B33.5",
            "count": 19,
            "created_time": "2025-02-17T02:41:33.065714Z",
            "yes_price": 6,
            "no_price": 94,
            "taker_side": "no"
        },
        {
            "trade_id": "b51413ac-af2e-4b2c-af98-b17aec06ea62",
            "ticker": "KXHIGHNY-25FEB17-B33.5",
            "count": 240,
            "created_time": "2025-02-17T02:41:33.065714Z",
            "yes_price": 5,
            "no_price": 95,
            "taker_side": "no"
        },
        {
            "trade_id": "82ee3fde-68be-4142-a728-6345028bd713",
            "ticker": "KXHIGHNY-25FEB17-B33.5",
            "count": 30,
            "created_time": "2025-02-17T02:41:33.065714Z",
            "yes_price": 5,
            "no_price": 95,
            "taker_side": "no"
        },
        {
            "trade_id": "3d8f95f3-a970-4b17-930b-51c904e471bf",
            "ticker": "KXHIGHNY-25FEB17-B33.5",
            "count": 119,
            "created_time": "2025-02-17T02:41:33.065714Z",
            "yes_price": 7,
            "no_price": 93,
            "taker_side": "no"
        },
        {
            "trade_id": "2abfb6d1-16eb-472f-93d3-1dcda04fd435",
            "ticker": "KXHIGHNY-25FEB17-B33.5",
            "count": 117,
            "created_time": "2025-02-17T02:41:33.065714Z",
            "yes_price": 3,
            "no_price": 97,
            "taker_side": "no"
        },
        {
            "trade_id": "23678443-75d5-46fd-aad3-7ae447e22cc9",
            "ticker": "KXHIGHNY-25FEB17-B33.5",
            "count": 100,
            "created_time": "2025-02-17T02:41:33.065714Z",
            "yes_price": 3,
            "no_price": 97,
            "taker_side": "no"
        },
        {
            "trade_id": "2270bd0d-da8a-4814-9a8e-939c033307f8",
            "ticker": "KXHIGHNY-25FEB17-B33.5",
            "count": 50,
            "created_time": "2025-02-17T02:41:33.065714Z",
            "yes_price": 3,
            "no_price": 97,
            "taker_side": "no"
        },
        {
            "trade_id": "ec630531-8f62-4df8-9b2f-6fb346a5f0d8",
            "ticker": "KXHIGHNY-25FEB17-B33.5",
            "count": 22,
            "created_time": "2025-02-17T02:39:24.998316Z",
            "yes_price": 8,
            "no_price": 92,
            "taker_side": "yes"
        },
        {
            "trade_id": "32446a73-c5bc-4a63-b0e2-bcfeb1b9ee79",
            "ticker": "KXHIGHNY-25FEB17-B33.5",
            "count": 108,
            "created_time": "2025-02-17T02:37:38.523034Z",
            "yes_price": 8,
            "no_price": 92,
            "taker_side": "yes"
        },
        {
            "trade_id": "c310847c-bb1d-4eb8-a7a3-b8d8b7a1d587",
            "ticker": "KXHIGHNY-25FEB17-B33.5",
            "count": 12,
            "created_time": "2025-02-17T02:37:04.416357Z",
            "yes_price": 8,
            "no_price": 92,
            "taker_side": "yes"
        },
        {
            "trade_id": "effdb7f2-1f29-4901-aa69-1be4d6a64e52",
            "ticker": "KXHIGHNY-25FEB17-B33.5",
            "count": 2,
            "created_time": "2025-02-17T02:36:35.387744Z",
            "yes_price": 8,
            "no_price": 92,
            "taker_side": "yes"
        },
        {
            "trade_id": "98e92cd7-8b19-4c15-bd45-1fd96f902a32",
            "ticker": "KXHIGHNY-25FEB17-B33.5",
            "count": 21,
            "created_time": "2025-02-17T02:36:23.391506Z",
            "yes_price": 8,
            "no_price": 92,
            "taker_side": "yes"
        },
        {
            "trade_id": "3fe158a4-5425-4d8b-b516-467b0de0d9c0",
            "ticker": "KXHIGHNY-25FEB17-B33.5",
            "count": 39,
            "created_time": "2025-02-17T02:33:37.919867Z",
            "yes_price": 8,
            "no_price": 92,
            "taker_side": "yes"
        },
        {
            "trade_id": "ff46944f-0b11-4b14-a1c5-68aca4996031",
            "ticker": "KXHIGHNY-25FEB17-B33.5",
            "count": 22,
            "created_time": "2025-02-17T02:33:30.311145Z",
            "yes_price": 8,
            "no_price": 92,
            "taker_side": "yes"
        },
        {
            "trade_id": "6b3f7c11-cf3a-4909-9686-ee0d7a43cb93",
            "ticker": "KXHIGHNY-25FEB17-B33.5",
            "count": 25,
            "created_time": "2025-02-17T02:29:58.352623Z",
            "yes_price": 8,
            "no_price": 92,
            "taker_side": "yes"
        },
        {
            "trade_id": "cc964117-0e24-46cd-b04e-230291fa8566",
            "ticker": "KXHIGHNY-25FEB17-B33.5",
            "count": 31,
            "created_time": "2025-02-17T02:27:52.158689Z",
            "yes_price": 8,
            "no_price": 92,
            "taker_side": "yes"
        },
        {
            "trade_id": "7267fd81-c5df-4c5d-9ca3-c157ccd483df",
            "ticker": "KXHIGHNY-25FEB17-B33.5",
            "count": 20,
            "created_time": "2025-02-17T02:27:28.32098Z",
            "yes_price": 8,
            "no_price": 92,
            "taker_side": "yes"
        },
        {
            "trade_id": "8e7cb6f3-1fb9-47d6-ab96-4cd6aed9db8d",
            "ticker": "KXHIGHNY-25FEB17-B33.5",
            "count": 23,
            "created_time": "2025-02-17T02:24:30.119326Z",
            "yes_price": 8,
            "no_price": 92,
            "taker_side": "yes"
        },
        {
            "trade_id": "e886fdd3-f8aa-4442-a7bb-8d1bb00effea",
            "ticker": "KXHIGHNY-25FEB17-B33.5",
            "count": 44,
            "created_time": "2025-02-17T02:24:24.339436Z",
            "yes_price": 8,
            "no_price": 92,
            "taker_side": "yes"
        },
        {
            "trade_id": "a3e753e1-2be9-4d90-9f8e-1d2a8d22fbf1",
            "ticker": "KXHIGHNY-25FEB17-B33.5",
            "count": 83,
            "created_time": "2025-02-17T02:18:33.299672Z",
            "yes_price": 7,
            "no_price": 93,
            "taker_side": "yes"
        },
        {
            "trade_id": "5d9bd599-8748-4bee-b316-6b7200a80e53",
            "ticker": "KXHIGHNY-25FEB17-B33.5",
            "count": 176,
            "created_time": "2025-02-17T02:15:00.625573Z",
            "yes_price": 7,
            "no_price": 93,
            "taker_side": "yes"
        },
        {
            "trade_id": "bd4742aa-f6d7-4627-90d0-7630719860bf",
            "ticker": "KXHIGHNY-25FEB17-B33.5",
            "count": 11,
            "created_time": "2025-02-17T02:09:54.072597Z",
            "yes_price": 8,
            "no_price": 92,
            "taker_side": "yes"
        },
        {
            "trade_id": "ec5868ff-42bd-447d-8ce9-02ac90737684",
            "ticker": "KXHIGHNY-25FEB17-B33.5",
            "count": 5,
            "created_time": "2025-02-17T02:02:43.56513Z",
            "yes_price": 6,
            "no_price": 94,
            "taker_side": "no"
        },
        {
            "trade_id": "6eb5f312-ffd9-484c-a0c7-41c9076e92c7",
            "ticker": "KXHIGHNY-25FEB17-B33.5",
            "count": 48,
            "created_time": "2025-02-17T02:02:43.56513Z",
            "yes_price": 6,
            "no_price": 94,
            "taker_side": "no"
        },
        {
            "trade_id": "9bb56f40-c7fe-462b-ad93-9b376d91b8fb",
            "ticker": "KXHIGHNY-25FEB17-B33.5",
            "count": 1,
            "created_time": "2025-02-17T01:42:13.187935Z",
            "yes_price": 10,
            "no_price": 90,
            "taker_side": "yes"
        },
        {
            "trade_id": "8e6f6158-e462-4f64-bdd8-b7ec89af21e1",
            "ticker": "KXHIGHNY-25FEB17-B33.5",
            "count": 55,
            "created_time": "2025-02-17T01:42:02.086549Z",
            "yes_price": 8,
            "no_price": 92,
            "taker_side": "no"
        },
        {
            "trade_id": "3a33b837-066c-493f-980b-6fb06518b135",
            "ticker": "KXHIGHNY-25FEB17-B33.5",
            "count": 500,
            "created_time": "2025-02-17T01:42:02.086549Z",
            "yes_price": 7,
            "no_price": 93,
            "taker_side": "no"
        },
        {
            "trade_id": "f466fdc3-3fa0-476c-9633-1b4df9f9ed7b",
            "ticker": "KXHIGHNY-25FEB17-B33.5",
            "count": 60,
            "created_time": "2025-02-17T01:37:05.73522Z",
            "yes_price": 12,
            "no_price": 88,
            "taker_side": "no"
        },
        {
            "trade_id": "defe0f8f-2a81-4834-930c-dea409025f73",
            "ticker": "KXHIGHNY-25FEB17-B33.5",
            "count": 20,
            "created_time": "2025-02-17T01:36:21.710463Z",
            "yes_price": 12,
            "no_price": 88,
            "taker_side": "yes"
        },
        {
            "trade_id": "35e771dc-ba91-45e7-906e-7f4633b9afb5",
            "ticker": "KXHIGHNY-25FEB17-B33.5",
            "count": 23,
            "created_time": "2025-02-17T01:32:10.355597Z",
            "yes_price": 12,
            "no_price": 88,
            "taker_side": "yes"
        },
        {
            "trade_id": "f57b0152-653c-4469-9e35-96705beb7bbc",
            "ticker": "KXHIGHNY-25FEB17-B33.5",
            "count": 1,
            "created_time": "2025-02-17T01:31:25.892355Z",
            "yes_price": 13,
            "no_price": 87,
            "taker_side": "yes"
        },
        {
            "trade_id": "c179583f-e57e-4285-9890-d4a1dbacc636",
            "ticker": "KXHIGHNY-25FEB17-B33.5",
            "count": 500,
            "created_time": "2025-02-17T01:31:04.459941Z",
            "yes_price": 10,
            "no_price": 90,
            "taker_side": "no"
        },
        {
            "trade_id": "1ac46d65-db96-4705-85a1-fa2d2207670e",
            "ticker": "KXHIGHNY-25FEB17-B33.5",
            "count": 110,
            "created_time": "2025-02-17T01:27:59.653442Z",
            "yes_price": 10,
            "no_price": 90,
            "taker_side": "no"
        },
        {
            "trade_id": "8df053fd-3865-43a5-a276-01de65763227",
            "ticker": "KXHIGHNY-25FEB17-B33.5",
            "count": 2,
            "created_time": "2025-02-17T01:25:16.070406Z",
            "yes_price": 13,
            "no_price": 87,
            "taker_side": "yes"
        },
        {
            "trade_id": "88d09659-50f2-45eb-bd66-48feea27787d",
            "ticker": "KXHIGHNY-25FEB17-B33.5",
            "count": 1,
            "created_time": "2025-02-17T01:25:16.070406Z",
            "yes_price": 13,
            "no_price": 87,
            "taker_side": "yes"
        },
        {
            "trade_id": "490655a5-b4d8-4c2c-a003-1679e16f910a",
            "ticker": "KXHIGHNY-25FEB17-B33.5",
            "count": 11,
            "created_time": "2025-02-17T01:25:16.070406Z",
            "yes_price": 13,
            "no_price": 87,
            "taker_side": "yes"
        },
        {
            "trade_id": "35a89c7d-04c0-44cd-b206-ca6e9a3a5f7d",
            "ticker": "KXHIGHNY-25FEB17-B33.5",
            "count": 12,
            "created_time": "2025-02-17T01:25:16.070406Z",
            "yes_price": 13,
            "no_price": 87,
            "taker_side": "yes"
        },
        {
            "trade_id": "7d1ba0cf-4489-447d-8f9c-439dd2ede8a0",
            "ticker": "KXHIGHNY-25FEB17-B33.5",
            "count": 550,
            "created_time": "2025-02-17T01:06:31.424136Z",
            "yes_price": 11,
            "no_price": 89,
            "taker_side": "yes"
        },
        {
            "trade_id": "6a74c611-a770-43bf-9658-c1e9d85b9ac0",
            "ticker": "KXHIGHNY-25FEB17-B33.5",
            "count": 16,
            "created_time": "2025-02-17T01:06:31.424136Z",
            "yes_price": 10,
            "no_price": 90,
            "taker_side": "yes"
        },
        {
            "trade_id": "49f5504b-69a7-4c2d-b43e-0c62f0fddb64",
            "ticker": "KXHIGHNY-25FEB17-B33.5",
            "count": 100,
            "created_time": "2025-02-17T01:06:31.424136Z",
            "yes_price": 11,
            "no_price": 89,
            "taker_side": "yes"
        },
        {
            "trade_id": "4067a572-562c-40c4-8f1b-e885773e4946",
            "ticker": "KXHIGHNY-25FEB17-B33.5",
            "count": 195,
            "created_time": "2025-02-17T01:06:31.424136Z",
            "yes_price": 10,
            "no_price": 90,
            "taker_side": "yes"
        },
        {
            "trade_id": "808e05b7-708d-4f24-afed-847c0e531273",
            "ticker": "KXHIGHNY-25FEB17-B33.5",
            "count": 69,
            "created_time": "2025-02-17T01:05:34.788968Z",
            "yes_price": 7,
            "no_price": 93,
            "taker_side": "no"
        },
        {
            "trade_id": "66c1cdd2-2c8c-408f-918e-d3a78ddf95f8",
            "ticker": "KXHIGHNY-25FEB17-B33.5",
            "count": 40,
            "created_time": "2025-02-17T01:05:34.788968Z",
            "yes_price": 6,
            "no_price": 94,
            "taker_side": "no"
        },
        {
            "trade_id": "5296b7e0-e03f-4f39-a269-c75da6c4b183",
            "ticker": "KXHIGHNY-25FEB17-B33.5",
            "count": 140,
            "created_time": "2025-02-17T01:05:34.788968Z",
            "yes_price": 5,
            "no_price": 95,
            "taker_side": "no"
        },
        {
            "trade_id": "4ed83cb5-5c5e-4401-abd2-f4e249ecfbd4",
            "ticker": "KXHIGHNY-25FEB17-B33.5",
            "count": 42,
            "created_time": "2025-02-17T01:05:34.788968Z",
            "yes_price": 7,
            "no_price": 93,
            "taker_side": "no"
        },
        {
            "trade_id": "1be9e8a1-2b29-403b-9371-5988b3c1f3c9",
            "ticker": "KXHIGHNY-25FEB17-B33.5",
            "count": 15,
            "created_time": "2025-02-17T01:05:34.788968Z",
            "yes_price": 7,
            "no_price": 93,
            "taker_side": "no"
        },
        {
            "trade_id": "f18944ac-58c2-4489-80b5-ac158d6d78d0",
            "ticker": "KXHIGHNY-25FEB17-B33.5",
            "count": 89,
            "created_time": "2025-02-17T00:47:26.395244Z",
            "yes_price": 11,
            "no_price": 89,
            "taker_side": "yes"
        },
        {
            "trade_id": "69e6a608-d6b6-434b-a0b5-b447670f2948",
            "ticker": "KXHIGHNY-25FEB17-B33.5",
            "count": 25,
            "created_time": "2025-02-17T00:47:26.395244Z",
            "yes_price": 10,
            "no_price": 90,
            "taker_side": "yes"
        },
        {
            "trade_id": "02808a5a-f4fd-4dae-abdd-8245fc5c112a",
            "ticker": "KXHIGHNY-25FEB17-B33.5",
            "count": 8,
            "created_time": "2025-02-17T00:47:26.395244Z",
            "yes_price": 11,
            "no_price": 89,
            "taker_side": "yes"
        },
        {
            "trade_id": "bf72dac8-6c2c-4ad4-b913-9095847f77b7",
            "ticker": "KXHIGHNY-25FEB17-B33.5",
            "count": 1,
            "created_time": "2025-02-17T00:43:44.844377Z",
            "yes_price": 8,
            "no_price": 92,
            "taker_side": "no"
        },
        {
            "trade_id": "554897c6-d96f-4029-ab23-5a8eaa23a0a5",
            "ticker": "KXHIGHNY-25FEB17-B33.5",
            "count": 1,
            "created_time": "2025-02-17T00:43:44.844377Z",
            "yes_price": 8,
            "no_price": 92,
            "taker_side": "no"
        },
        {
            "trade_id": "2862e7f8-c690-47c9-ad4c-3256836c850a",
            "ticker": "KXHIGHNY-25FEB17-B33.5",
            "count": 36,
            "created_time": "2025-02-17T00:43:44.844377Z",
            "yes_price": 8,
            "no_price": 92,
            "taker_side": "no"
        },
        {
            "trade_id": "e63514f8-b5b1-439b-bbf7-486b702b744f",
            "ticker": "KXHIGHNY-25FEB17-B33.5",
            "count": 150,
            "created_time": "2025-02-17T00:40:00.037198Z",
            "yes_price": 7,
            "no_price": 93,
            "taker_side": "no"
        },
        {
            "trade_id": "e07cb853-3010-4dbd-a24e-fc365af67f16",
            "ticker": "KXHIGHNY-25FEB17-B33.5",
            "count": 96,
            "created_time": "2025-02-17T00:40:00.037198Z",
            "yes_price": 10,
            "no_price": 90,
            "taker_side": "no"
        },
        {
            "trade_id": "685e7bf0-ae76-403e-868f-c14a7680fe64",
            "ticker": "KXHIGHNY-25FEB17-B33.5",
            "count": 300,
            "created_time": "2025-02-17T00:40:00.037198Z",
            "yes_price": 9,
            "no_price": 91,
            "taker_side": "no"
        },
        {
            "trade_id": "574f38b3-a7bd-4fcc-b70c-fe5041bf3642",
            "ticker": "KXHIGHNY-25FEB17-B33.5",
            "count": 1,
            "created_time": "2025-02-17T00:40:00.037198Z",
            "yes_price": 11,
            "no_price": 89,
            "taker_side": "no"
        },
        {
            "trade_id": "2214d0e5-e72c-465a-9f2a-de1fdb56b8ed",
            "ticker": "KXHIGHNY-25FEB17-B33.5",
            "count": 240,
            "created_time": "2025-02-17T00:40:00.037198Z",
            "yes_price": 9,
            "no_price": 91,
            "taker_side": "no"
        },
        {
            "trade_id": "1b644932-3304-4a1d-a5d5-1a611a07f4bb",
            "ticker": "KXHIGHNY-25FEB17-B33.5",
            "count": 1,
            "created_time": "2025-02-17T00:40:00.037198Z",
            "yes_price": 11,
            "no_price": 89,
            "taker_side": "no"
        },
        {
            "trade_id": "0c56b40b-0e7c-410e-993a-8695f1a40aad",
            "ticker": "KXHIGHNY-25FEB17-B33.5",
            "count": 12,
            "created_time": "2025-02-17T00:40:00.037198Z",
            "yes_price": 11,
            "no_price": 89,
            "taker_side": "no"
        },
        {
            "trade_id": "3fcdeccf-b620-40cf-929f-7372f126afee",
            "ticker": "KXHIGHNY-25FEB17-B33.5",
            "count": 148,
            "created_time": "2025-02-17T00:39:31.2087Z",
            "yes_price": 13,
            "no_price": 87,
            "taker_side": "no"
        },
        {
            "trade_id": "9db8f505-a0d2-4b69-ad22-8fcb74ebeed4",
            "ticker": "KXHIGHNY-25FEB17-B33.5",
            "count": 16,
            "created_time": "2025-02-17T00:30:11.012306Z",
            "yes_price": 14,
            "no_price": 86,
            "taker_side": "yes"
        },
        {
            "trade_id": "539eb8fc-14fc-4f59-92ab-298e8fe2f209",
            "ticker": "KXHIGHNY-25FEB17-B33.5",
            "count": 145,
            "created_time": "2025-02-17T00:30:11.012306Z",
            "yes_price": 16,
            "no_price": 84,
            "taker_side": "yes"
        },
        {
            "trade_id": "4224feec-9b9e-40e8-96b3-5c929c54b55e",
            "ticker": "KXHIGHNY-25FEB17-B33.5",
            "count": 145,
            "created_time": "2025-02-17T00:30:11.012306Z",
            "yes_price": 15,
            "no_price": 85,
            "taker_side": "yes"
        },
        {
            "trade_id": "bf278e0e-ef66-41cc-8305-68b03fcd351e",
            "ticker": "KXHIGHNY-25FEB17-B33.5",
            "count": 2,
            "created_time": "2025-02-17T00:28:39.506909Z",
            "yes_price": 15,
            "no_price": 85,
            "taker_side": "yes"
        },
        {
            "trade_id": "b55b30dc-d6d1-4e4b-9fe6-5a997a87e89c",
            "ticker": "KXHIGHNY-25FEB17-B33.5",
            "count": 16,
            "created_time": "2025-02-17T00:28:39.506909Z",
            "yes_price": 14,
            "no_price": 86,
            "taker_side": "yes"
        },
        {
            "trade_id": "6d830c88-2675-4424-a6dc-cdcd0807eadf",
            "ticker": "KXHIGHNY-25FEB17-B33.5",
            "count": 2,
            "created_time": "2025-02-17T00:27:45.008085Z",
            "yes_price": 11,
            "no_price": 89,
            "taker_side": "yes"
        },
        {
            "trade_id": "cbdadf6c-d731-4de7-a22d-e3188a674960",
            "ticker": "KXHIGHNY-25FEB17-B33.5",
            "count": 49,
            "created_time": "2025-02-17T00:27:29.482147Z",
