{
    "KXHIGHNY-25APR22-T74": [
        {
            "trade_id": "7f808c87-3f74-48d4-9c48-3dc93f904dbf",
            "ticker": "KXHIGHNY-25APR22-T74",
            "count": 6,
            "created_time": "2025-04-22T20:35:54.399845Z",
            "yes_price": 1,
            "no_price": 99,
            "taker_side": "yes"
        },
        {
            "trade_id": "b227f1ef-a5b9-447d-bd72-12875677288e",
            "ticker": "KXHIGHNY-25APR22-T74",
            "count": 1,
            "created_time": "2025-04-22T16:44:14.324812Z",
            "yes_price": 1,
            "no_price": 99,
            "taker_side": "yes"
        },
        {
            "trade_id": "0662e6b4-2bda-4701-9954-9733b6263887",
            "ticker": "KXHIGHNY-25APR22-T74",
            "count": 76,
            "created_time": "2025-04-22T15:19:12.54309Z",
            "yes_price": 1,
            "no_price": 99,
            "taker_side": "no"
        },
        {
            "trade_id": "9cd255b3-4cdd-49b8-8651-491b2d1ec112",
            "ticker": "KXHIGHNY-25APR22-T74",
            "count": 50,
            "created_time": "2025-04-22T15:14:49.101137Z",
            "yes_price": 1,
            "no_price": 99,
            "taker_side": "yes"
        },
        {
            "trade_id": "b093e7e3-ece3-4437-8513-26cedc967e40",
            "ticker": "KXHIGHNY-25APR22-T74",
            "count": 1,
            "created_time": "2025-04-22T14:03:51.935967Z",
            "yes_price": 2,
            "no_price": 98,
            "taker_side": "yes"
        },
        {
            "trade_id": "49895a08-7b59-444e-a101-4d415988c9b7",
            "ticker": "KXHIGHNY-25APR22-T74",
            "count": 93,
            "created_time": "2025-04-22T12:41:43.52071Z",
            "yes_price": 2,
            "no_price": 98,
            "taker_side": "yes"
        },
        {
            "trade_id": "7383ec4d-d102-4781-97ed-b673970166ba",
            "ticker": "KXHIGHNY-25APR22-T74",
            "count": 4,
            "created_time": "2025-04-22T05:26:31.770955Z",
            "yes_price": 3,
            "no_price": 97,
            "taker_side": "no"
        },
        {
            "trade_id": "135c0014-0448-4ee9-a148-42cc69a59211",
            "ticker": "KXHIGHNY-25APR22-T74",
            "count": 8,
            "created_time": "2025-04-22T05:26:30.917285Z",
            "yes_price": 3,
            "no_price": 97,
            "taker_side": "no"
        },
        {
            "trade_id": "632f4187-2025-4bc0-b49a-4feee00a69d8",
            "ticker": "KXHIGHNY-25APR22-T74",
            "count": 1,
            "created_time": "2025-04-22T01:37:57.135972Z",
            "yes_price": 4,
            "no_price": 96,
            "taker_side": "yes"
        },
        {
            "trade_id": "88d51a75-b4c2-4cae-976e-03feb74f8e39",
            "ticker": "KXHIGHNY-25APR22-T74",
            "count": 1,
            "created_time": "2025-04-22T01:36:52.352766Z",
            "yes_price": 4,
            "no_price": 96,
            "taker_side": "yes"
        },
        {
            "trade_id": "64e5ed9d-880b-4387-b9a2-f8f79c51d091",
            "ticker": "KXHIGHNY-25APR22-T74",
            "count": 1,
            "created_time": "2025-04-22T01:35:46.815976Z",
            "yes_price": 4,
            "no_price": 96,
            "taker_side": "yes"
        },
        {
            "trade_id": "4041603d-36a0-4ff4-863c-b78365c2d486",
            "ticker": "KXHIGHNY-25APR22-T74",
            "count": 1,
            "created_time": "2025-04-22T01:34:41.800059Z",
            "yes_price": 4,
            "no_price": 96,
            "taker_side": "yes"
        },
        {
            "trade_id": "83da2c7d-8ae7-4cbb-93ea-1d749b5e0668",
            "ticker": "KXHIGHNY-25APR22-T74",
            "count": 1,
            "created_time": "2025-04-22T00:57:44.981762Z",
            "yes_price": 4,
            "no_price": 96,
            "taker_side": "yes"
        },
        {
            "trade_id": "af41fb7c-a380-4ca5-b03d-2e340cb1b310",
            "ticker": "KXHIGHNY-25APR22-T74",
            "count": 1,
            "created_time": "2025-04-22T00:56:40.136214Z",
            "yes_price": 4,
            "no_price": 96,
            "taker_side": "yes"
        },
        {
            "trade_id": "e8496703-3d82-41e8-a007-62aa1af2bd5b",
            "ticker": "KXHIGHNY-25APR22-T74",
            "count": 1,
            "created_time": "2025-04-21T23:35:49.169514Z",
            "yes_price": 6,
            "no_price": 94,
            "taker_side": "yes"
        },
        {
            "trade_id": "a3f149e9-0291-4329-9437-1729206da748",
            "ticker": "KXHIGHNY-25APR22-T74",
            "count": 1,
            "created_time": "2025-04-21T23:34:44.680363Z",
            "yes_price": 6,
            "no_price": 94,
            "taker_side": "yes"
        },
        {
            "trade_id": "1dfb30af-adc4-436f-b0d7-68b6deb16a56",
            "ticker": "KXHIGHNY-25APR22-T74",
            "count": 1,
            "created_time": "2025-04-21T23:32:35.80547Z",
            "yes_price": 6,
            "no_price": 94,
            "taker_side": "yes"
        },
        {
            "trade_id": "164f2fce-8083-47be-8bea-a505aa41c35e",
            "ticker": "KXHIGHNY-25APR22-T74",
            "count": 1,
            "created_time": "2025-04-21T23:31:31.300133Z",
            "yes_price": 6,
            "no_price": 94,
            "taker_side": "yes"
        },
        {
            "trade_id": "7df48623-3b8a-4bdc-806d-53ba0a56dce4",
            "ticker": "KXHIGHNY-25APR22-T74",
            "count": 100,
            "created_time": "2025-04-21T23:05:28.774153Z",
            "yes_price": 6,
            "no_price": 94,
            "taker_side": "yes"
        },
        {
            "trade_id": "c447f791-9f65-4b1e-997f-b26684b4b74f",
            "ticker": "KXHIGHNY-25APR22-T74",
            "count": 1,
            "created_time": "2025-04-21T22:53:59.864043Z",
            "yes_price": 6,
            "no_price": 94,
            "taker_side": "yes"
        },
        {
            "trade_id": "6932f32f-ff6a-4315-9330-e869bc9e00b2",
            "ticker": "KXHIGHNY-25APR22-T74",
            "count": 1,
            "created_time": "2025-04-21T22:52:31.037706Z",
            "yes_price": 6,
            "no_price": 94,
            "taker_side": "yes"
        },
        {
            "trade_id": "72437572-95a9-422e-a667-c0a07f48ccda",
            "ticker": "KXHIGHNY-25APR22-T74",
            "count": 1,
            "created_time": "2025-04-21T22:51:01.167622Z",
            "yes_price": 6,
            "no_price": 94,
            "taker_side": "yes"
        },
        {
            "trade_id": "f2ad29e8-f9b6-4ef9-b780-89d541605785",
            "ticker": "KXHIGHNY-25APR22-T74",
            "count": 1,
            "created_time": "2025-04-21T22:49:27.426066Z",
            "yes_price": 6,
            "no_price": 94,
            "taker_side": "yes"
        },
        {
            "trade_id": "348e29a4-7323-47b3-9483-4fb578bf8e3c",
            "ticker": "KXHIGHNY-25APR22-T74",
            "count": 1,
            "created_time": "2025-04-21T22:47:53.05355Z",
            "yes_price": 6,
            "no_price": 94,
            "taker_side": "yes"
        },
        {
            "trade_id": "b59dad24-258f-4fca-afc2-8bdb0a947192",
            "ticker": "KXHIGHNY-25APR22-T74",
            "count": 1,
            "created_time": "2025-04-21T22:46:17.940591Z",
            "yes_price": 6,
            "no_price": 94,
            "taker_side": "yes"
        },
        {
            "trade_id": "b8ce1a03-2605-4379-b3e5-d9a302fabf9f",
            "ticker": "KXHIGHNY-25APR22-T74",
            "count": 1,
            "created_time": "2025-04-21T22:44:43.4327Z",
            "yes_price": 6,
            "no_price": 94,
            "taker_side": "yes"
        },
        {
            "trade_id": "b272210d-7533-4925-93a4-355d1a0a2b48",
            "ticker": "KXHIGHNY-25APR22-T74",
            "count": 1,
            "created_time": "2025-04-21T22:09:22.791463Z",
            "yes_price": 6,
            "no_price": 94,
            "taker_side": "yes"
        },
        {
            "trade_id": "35388c0e-7bfd-45a6-b28a-9ba27f7d33a4",
            "ticker": "KXHIGHNY-25APR22-T74",
            "count": 1,
            "created_time": "2025-04-21T22:08:17.355822Z",
            "yes_price": 6,
            "no_price": 94,
            "taker_side": "yes"
        },
        {
            "trade_id": "890e5cf9-9ad0-4f74-b2f0-3949c4419d84",
            "ticker": "KXHIGHNY-25APR22-T74",
            "count": 1,
            "created_time": "2025-04-21T22:07:11.477891Z",
            "yes_price": 6,
            "no_price": 94,
            "taker_side": "yes"
        },
        {
            "trade_id": "6613a40e-8349-43fd-8ab5-187a6f61d5cc",
            "ticker": "KXHIGHNY-25APR22-T74",
            "count": 1,
            "created_time": "2025-04-21T22:06:05.846009Z",
            "yes_price": 6,
            "no_price": 94,
            "taker_side": "yes"
        },
        {
            "trade_id": "c2f507b6-4ecb-421c-b420-2ea923b488f5",
            "ticker": "KXHIGHNY-25APR22-T74",
            "count": 1,
            "created_time": "2025-04-21T22:05:00.120712Z",
            "yes_price": 6,
            "no_price": 94,
            "taker_side": "yes"
        },
        {
            "trade_id": "10df5a6a-092a-4769-8e46-47adbac6ba83",
            "ticker": "KXHIGHNY-25APR22-T74",
            "count": 1,
            "created_time": "2025-04-21T22:03:54.418856Z",
            "yes_price": 6,
            "no_price": 94,
            "taker_side": "yes"
        },
        {
            "trade_id": "ac0eec1a-7c5b-4711-8241-82e4e49037e1",
            "ticker": "KXHIGHNY-25APR22-T74",
            "count": 1,
            "created_time": "2025-04-21T22:02:48.096066Z",
            "yes_price": 6,
            "no_price": 94,
            "taker_side": "yes"
        },
        {
            "trade_id": "c8ceb2eb-260f-4433-8070-65afbdbb3da2",
            "ticker": "KXHIGHNY-25APR22-T74",
            "count": 1,
            "created_time": "2025-04-21T22:01:42.113651Z",
            "yes_price": 5,
            "no_price": 95,
            "taker_side": "yes"
        },
        {
            "trade_id": "a430c3cd-3e18-45dc-bb1a-d30a53edd3f5",
            "ticker": "KXHIGHNY-25APR22-T74",
            "count": 1,
            "created_time": "2025-04-21T22:00:36.246603Z",
            "yes_price": 6,
            "no_price": 94,
            "taker_side": "yes"
        },
        {
            "trade_id": "5f77f8b1-959a-4b22-bb9b-4cc30994e7be",
            "ticker": "KXHIGHNY-25APR22-T74",
            "count": 1,
            "created_time": "2025-04-21T21:59:30.428446Z",
            "yes_price": 6,
            "no_price": 94,
            "taker_side": "yes"
        },
        {
            "trade_id": "9476c55d-0023-4f12-b7b5-319df4f8b50a",
            "ticker": "KXHIGHNY-25APR22-T74",
            "count": 1,
            "created_time": "2025-04-21T21:58:24.458723Z",
            "yes_price": 5,
            "no_price": 95,
            "taker_side": "yes"
        },
        {
            "trade_id": "6d042ed6-10de-48d2-b740-b6fe250056ed",
            "ticker": "KXHIGHNY-25APR22-T74",
            "count": 1,
            "created_time": "2025-04-21T21:55:01.022307Z",
            "yes_price": 6,
            "no_price": 94,
            "taker_side": "yes"
        },
        {
            "trade_id": "861ed9aa-e1c4-448d-aae4-cc61ddb39f5e",
            "ticker": "KXHIGHNY-25APR22-T74",
            "count": 1,
            "created_time": "2025-04-21T21:53:55.614141Z",
            "yes_price": 6,
            "no_price": 94,
            "taker_side": "yes"
        },
        {
            "trade_id": "9788a6f7-a344-445b-871d-e766d3e93c00",
            "ticker": "KXHIGHNY-25APR22-T74",
            "count": 1,
            "created_time": "2025-04-21T21:52:28.633536Z",
            "yes_price": 6,
            "no_price": 94,
            "taker_side": "yes"
        },
        {
            "trade_id": "cc09d803-042c-4517-a904-d5add45e11b0",
            "ticker": "KXHIGHNY-25APR22-T74",
            "count": 1,
            "created_time": "2025-04-21T21:51:22.82869Z",
            "yes_price": 6,
            "no_price": 94,
            "taker_side": "yes"
        },
        {
            "trade_id": "3750adb4-dcd2-48d8-b37c-ef7101c1f529",
            "ticker": "KXHIGHNY-25APR22-T74",
            "count": 1,
            "created_time": "2025-04-21T21:50:15.720789Z",
            "yes_price": 6,
            "no_price": 94,
            "taker_side": "yes"
        },
        {
            "trade_id": "58409112-fb26-4f3d-b8dd-4261f19b372a",
            "ticker": "KXHIGHNY-25APR22-T74",
            "count": 1,
            "created_time": "2025-04-21T21:48:50.079328Z",
            "yes_price": 6,
            "no_price": 94,
            "taker_side": "yes"
        },
        {
            "trade_id": "21365027-4159-4673-b261-8783b3189e72",
            "ticker": "KXHIGHNY-25APR22-T74",
            "count": 1,
            "created_time": "2025-04-21T21:47:44.883468Z",
            "yes_price": 5,
            "no_price": 95,
            "taker_side": "yes"
        },
        {
            "trade_id": "7ec0bf6a-c9fc-44c9-a0c3-52be07672d4d",
            "ticker": "KXHIGHNY-25APR22-T74",
            "count": 1,
            "created_time": "2025-04-21T21:46:49.557708Z",
            "yes_price": 5,
            "no_price": 95,
            "taker_side": "yes"
        },
        {
            "trade_id": "4699daa0-cfdb-4670-9076-167500092229",
            "ticker": "KXHIGHNY-25APR22-T74",
            "count": 1,
            "created_time": "2025-04-21T21:09:04.163525Z",
            "yes_price": 6,
            "no_price": 94,
            "taker_side": "yes"
        },
        {
            "trade_id": "c4961299-4b1f-4d87-8a4e-8208038fa032",
            "ticker": "KXHIGHNY-25APR22-T74",
            "count": 1,
            "created_time": "2025-04-21T21:07:56.629297Z",
            "yes_price": 6,
            "no_price": 94,
            "taker_side": "yes"
        },
        {
            "trade_id": "ca4d5ca7-81ec-4a59-bf8c-2ee2adbfffe2",
            "ticker": "KXHIGHNY-25APR22-T74",
            "count": 1,
            "created_time": "2025-04-21T21:06:48.044902Z",
            "yes_price": 6,
            "no_price": 94,
            "taker_side": "yes"
        },
        {
            "trade_id": "7197d64e-ff0f-4fe4-a6be-a03a37096dde",
            "ticker": "KXHIGHNY-25APR22-T74",
            "count": 1,
            "created_time": "2025-04-21T21:05:40.215111Z",
            "yes_price": 6,
            "no_price": 94,
            "taker_side": "yes"
        },
        {
            "trade_id": "1506eec8-5346-4a3f-965f-f193c5b21c1f",
            "ticker": "KXHIGHNY-25APR22-T74",
            "count": 1,
            "created_time": "2025-04-21T20:50:37.391289Z",
            "yes_price": 6,
            "no_price": 94,
            "taker_side": "yes"
        },
        {
            "trade_id": "515d6215-f42c-40f6-a3b3-66cf8521ae72",
            "ticker": "KXHIGHNY-25APR22-T74",
            "count": 1,
            "created_time": "2025-04-21T20:49:32.878254Z",
            "yes_price": 6,
            "no_price": 94,
            "taker_side": "yes"
        },
        {
            "trade_id": "5da959fa-e758-4494-9d84-9e52eaaff2a8",
            "ticker": "KXHIGHNY-25APR22-T74",
            "count": 1,
            "created_time": "2025-04-21T20:48:24.513561Z",
            "yes_price": 6,
            "no_price": 94,
            "taker_side": "yes"
        },
        {
            "trade_id": "65cf1436-5fe1-4ed4-aae7-151e9b65a3a1",
            "ticker": "KXHIGHNY-25APR22-T74",
            "count": 1,
            "created_time": "2025-04-21T20:46:51.467608Z",
            "yes_price": 6,
            "no_price": 94,
            "taker_side": "yes"
        },
        {
            "trade_id": "336a4d39-64f4-4cc6-9cba-9205d14f8fdf",
            "ticker": "KXHIGHNY-25APR22-T74",
            "count": 1,
            "created_time": "2025-04-21T20:45:19.706893Z",
            "yes_price": 6,
            "no_price": 94,
            "taker_side": "yes"
        },
        {
            "trade_id": "ef7efddd-ed5e-4f1e-98fa-5b7ce3b7f11f",
            "ticker": "KXHIGHNY-25APR22-T74",
            "count": 1,
            "created_time": "2025-04-21T20:43:48.071526Z",
            "yes_price": 6,
            "no_price": 94,
            "taker_side": "yes"
        },
        {
            "trade_id": "a783e11f-2efa-4c01-b885-8158d3ed34cf",
            "ticker": "KXHIGHNY-25APR22-T74",
            "count": 1,
            "created_time": "2025-04-21T20:42:16.784512Z",
            "yes_price": 6,
            "no_price": 94,
            "taker_side": "yes"
        },
        {
            "trade_id": "2cf7cb14-085b-4ac7-a488-46a1c8e675ff",
            "ticker": "KXHIGHNY-25APR22-T74",
            "count": 1,
            "created_time": "2025-04-21T20:40:45.55592Z",
            "yes_price": 6,
            "no_price": 94,
            "taker_side": "yes"
        },
        {
            "trade_id": "bb22be9d-aabe-4dd4-8715-135225146adb",
            "ticker": "KXHIGHNY-25APR22-T74",
            "count": 1,
            "created_time": "2025-04-21T20:39:18.399397Z",
            "yes_price": 6,
            "no_price": 94,
            "taker_side": "yes"
        },
        {
            "trade_id": "a9bc3881-609c-4f4d-9634-461046b0ba52",
            "ticker": "KXHIGHNY-25APR22-T74",
            "count": 1,
            "created_time": "2025-04-21T20:37:51.371619Z",
            "yes_price": 6,
            "no_price": 94,
            "taker_side": "yes"
        },
        {
            "trade_id": "3e4254a4-cc14-448a-b829-65d867912325",
            "ticker": "KXHIGHNY-25APR22-T74",
            "count": 1,
            "created_time": "2025-04-21T20:33:56.210985Z",
            "yes_price": 6,
            "no_price": 94,
            "taker_side": "yes"
        },
        {
            "trade_id": "c8a6e9c7-833e-4e93-82b8-054d58e82eed",
            "ticker": "KXHIGHNY-25APR22-T74",
            "count": 1,
            "created_time": "2025-04-21T20:32:43.810832Z",
            "yes_price": 6,
            "no_price": 94,
            "taker_side": "yes"
        },
        {
            "trade_id": "dae4603a-8e42-41cf-aa4b-4ec39b761ee8",
            "ticker": "KXHIGHNY-25APR22-T74",
            "count": 1,
            "created_time": "2025-04-21T20:31:39.599863Z",
            "yes_price": 6,
            "no_price": 94,
            "taker_side": "yes"
        },
        {
            "trade_id": "17fc2e34-0e6c-4614-8c77-7081f69bbaa8",
            "ticker": "KXHIGHNY-25APR22-T74",
            "count": 1,
            "created_time": "2025-04-21T20:30:35.491373Z",
            "yes_price": 6,
            "no_price": 94,
            "taker_side": "yes"
        },
        {
            "trade_id": "1590e182-bb1a-4553-8a9c-7eca6a35efa1",
            "ticker": "KXHIGHNY-25APR22-T74",
            "count": 1,
            "created_time": "2025-04-21T20:29:31.21514Z",
            "yes_price": 6,
            "no_price": 94,
            "taker_side": "yes"
        },
        {
            "trade_id": "ca7f2f58-b418-4b33-b8ee-bc2d8f329f81",
            "ticker": "KXHIGHNY-25APR22-T74",
            "count": 1,
            "created_time": "2025-04-21T20:28:26.927681Z",
            "yes_price": 6,
            "no_price": 94,
            "taker_side": "yes"
        },
        {
            "trade_id": "cd8ee123-cfde-447d-b793-09cc30892ed5",
            "ticker": "KXHIGHNY-25APR22-T74",
            "count": 1,
            "created_time": "2025-04-21T20:27:22.837532Z",
            "yes_price": 6,
            "no_price": 94,
            "taker_side": "yes"
        },
        {
            "trade_id": "4e8ac31e-821e-4635-a7ed-995885f1dd00",
            "ticker": "KXHIGHNY-25APR22-T74",
            "count": 1,
            "created_time": "2025-04-21T20:26:18.70902Z",
            "yes_price": 6,
            "no_price": 94,
            "taker_side": "yes"
        },
        {
            "trade_id": "9edd3532-fd7e-4379-821d-89b06e44f7ed",
            "ticker": "KXHIGHNY-25APR22-T74",
            "count": 1,
            "created_time": "2025-04-21T20:25:14.479814Z",
            "yes_price": 6,
            "no_price": 94,
            "taker_side": "yes"
        },
        {
            "trade_id": "4dbf8317-1e3e-4ec6-8b6f-b71817ccd88b",
            "ticker": "KXHIGHNY-25APR22-T74",
            "count": 1,
            "created_time": "2025-04-21T20:24:09.219001Z",
            "yes_price": 6,
            "no_price": 94,
            "taker_side": "yes"
        },
        {
            "trade_id": "82bec5bf-bb50-4a08-be24-8fe85e80020c",
            "ticker": "KXHIGHNY-25APR22-T74",
            "count": 1,
            "created_time": "2025-04-21T20:23:04.645232Z",
            "yes_price": 6,
            "no_price": 94,
            "taker_side": "yes"
        },
        {
            "trade_id": "2ec3ad8b-8837-4d8b-b314-fa78c6039c3d",
            "ticker": "KXHIGHNY-25APR22-T74",
            "count": 1,
            "created_time": "2025-04-21T20:22:00.231017Z",
            "yes_price": 6,
            "no_price": 94,
            "taker_side": "yes"
        },
        {
            "trade_id": "2645b5a0-c00a-4b9d-96ca-5f2105c0c585",
            "ticker": "KXHIGHNY-25APR22-T74",
            "count": 1,
            "created_time": "2025-04-21T20:20:56.202372Z",
            "yes_price": 6,
            "no_price": 94,
            "taker_side": "yes"
        }
    ],
    "KXHIGHNY-25APR22-B74.5": [
        {
            "trade_id": "01378767-7111-41cd-b03c-55e60755a0fd",
            "ticker": "KXHIGHNY-25APR22-B74.5",
            "count": 10,
            "created_time": "2025-04-22T18:39:01.989718Z",
            "yes_price": 1,
            "no_price": 99,
            "taker_side": "yes"
        },
        {
            "trade_id": "208e25a1-af37-488c-8025-2e2a0281f1f2",
            "ticker": "KXHIGHNY-25APR22-B74.5",
            "count": 1,
            "created_time": "2025-04-22T16:44:11.943562Z",
            "yes_price": 1,
            "no_price": 99,
            "taker_side": "yes"
        },
        {
            "trade_id": "aa5d23ac-896b-4888-85b7-67b2829b9ae6",
            "ticker": "KXHIGHNY-25APR22-B74.5",
            "count": 50,
            "created_time": "2025-04-22T15:54:14.89238Z",
            "yes_price": 1,
            "no_price": 99,
            "taker_side": "yes"
        },
        {
            "trade_id": "1240d7ae-cfdf-472b-a935-7ba53a7d472c",
            "ticker": "KXHIGHNY-25APR22-B74.5",
            "count": 1818,
            "created_time": "2025-04-22T15:54:14.89238Z",
            "yes_price": 1,
            "no_price": 99,
            "taker_side": "yes"
        },
        {
            "trade_id": "673671cc-c531-42e9-aa92-d8293fba2154",
            "ticker": "KXHIGHNY-25APR22-B74.5",
            "count": 12,
            "created_time": "2025-04-22T15:41:18.435902Z",
            "yes_price": 1,
            "no_price": 99,
            "taker_side": "no"
        },
        {
            "trade_id": "36e0ce8f-cd8c-40ed-8814-b0d1fdb1e728",
            "ticker": "KXHIGHNY-25APR22-B74.5",
            "count": 50,
            "created_time": "2025-04-22T15:38:58.780818Z",
            "yes_price": 1,
            "no_price": 99,
            "taker_side": "yes"
        },
        {
            "trade_id": "9938f392-24db-4fa9-bb68-897f3ba33262",
            "ticker": "KXHIGHNY-25APR22-B74.5",
            "count": 2,
            "created_time": "2025-04-22T15:19:21.168751Z",
            "yes_price": 1,
            "no_price": 99,
            "taker_side": "no"
        },
        {
            "trade_id": "73cf92b4-4ad6-4197-a2fe-afa5feb71b1a",
            "ticker": "KXHIGHNY-25APR22-B74.5",
            "count": 5,
            "created_time": "2025-04-22T15:19:21.168751Z",
            "yes_price": 1,
            "no_price": 99,
            "taker_side": "no"
        },
        {
            "trade_id": "c5457cd9-8da9-49ba-9bf1-1227f1a45e8a",
            "ticker": "KXHIGHNY-25APR22-B74.5",
            "count": 35,
            "created_time": "2025-04-22T15:01:41.6989Z",
            "yes_price": 1,
            "no_price": 99,
            "taker_side": "no"
        },
        {
            "trade_id": "4ea7927f-1611-44d2-9498-6a656db669dc",
            "ticker": "KXHIGHNY-25APR22-B74.5",
            "count": 34,
            "created_time": "2025-04-22T14:59:04.825463Z",
            "yes_price": 1,
            "no_price": 99,
            "taker_side": "no"
        },
        {
            "trade_id": "46117676-4acf-457e-a9f2-ebd735250ca8",
            "ticker": "KXHIGHNY-25APR22-B74.5",
            "count": 50,
            "created_time": "2025-04-22T14:57:14.876328Z",
            "yes_price": 1,
            "no_price": 99,
            "taker_side": "no"
        },
        {
            "trade_id": "4607f8ee-1203-4d3c-977e-15019e82fb24",
            "ticker": "KXHIGHNY-25APR22-B74.5",
            "count": 50,
            "created_time": "2025-04-22T14:55:55.391798Z",
            "yes_price": 2,
            "no_price": 98,
            "taker_side": "no"
        },
        {
            "trade_id": "5b4ea654-3cb2-4125-a89b-f0a8341ff84d",
            "ticker": "KXHIGHNY-25APR22-B74.5",
            "count": 12,
            "created_time": "2025-04-22T14:55:47.852413Z",
            "yes_price": 3,
            "no_price": 97,
            "taker_side": "no"
        },
        {
            "trade_id": "91e4b72a-4e3f-4336-923d-df3f2c99cdb5",
            "ticker": "KXHIGHNY-25APR22-B74.5",
            "count": 5,
            "created_time": "2025-04-22T14:22:22.24916Z",
            "yes_price": 4,
            "no_price": 96,
            "taker_side": "yes"
        },
        {
            "trade_id": "2e32c56c-dfdc-4be0-81a9-6fd3bc195b6a",
            "ticker": "KXHIGHNY-25APR22-B74.5",
            "count": 5,
            "created_time": "2025-04-22T14:22:22.24916Z",
            "yes_price": 4,
            "no_price": 96,
            "taker_side": "yes"
        },
        {
            "trade_id": "eeabb15d-17a0-4f57-89a4-d789b1be9dfb",
            "ticker": "KXHIGHNY-25APR22-B74.5",
            "count": 3,
            "created_time": "2025-04-22T14:15:26.182268Z",
            "yes_price": 4,
            "no_price": 96,
            "taker_side": "yes"
        },
        {
            "trade_id": "4d263e60-af68-4d2e-8b22-ff34e48dda8c",
            "ticker": "KXHIGHNY-25APR22-B74.5",
            "count": 5,
            "created_time": "2025-04-22T14:07:50.012113Z",
            "yes_price": 3,
            "no_price": 97,
            "taker_side": "no"
        },
        {
            "trade_id": "60a01917-f531-4276-81dd-42cea596de26",
            "ticker": "KXHIGHNY-25APR22-B74.5",
            "count": 1,
            "created_time": "2025-04-22T14:03:24.284925Z",
            "yes_price": 4,
            "no_price": 96,
            "taker_side": "yes"
        },
        {
            "trade_id": "d3f532c1-a7da-488b-9b37-a146f7b4f1cf",
            "ticker": "KXHIGHNY-25APR22-B74.5",
            "count": 2,
            "created_time": "2025-04-22T14:03:01.191817Z",
            "yes_price": 3,
            "no_price": 97,
            "taker_side": "no"
        },
        {
            "trade_id": "6448c22d-8a86-41a6-adf2-98b20f22aab3",
            "ticker": "KXHIGHNY-25APR22-B74.5",
            "count": 2,
            "created_time": "2025-04-22T13:49:18.774585Z",
            "yes_price": 2,
            "no_price": 98,
            "taker_side": "no"
        },
        {
            "trade_id": "b184da6a-a0d8-4636-b864-903f3e1dbc70",
            "ticker": "KXHIGHNY-25APR22-B74.5",
            "count": 3,
            "created_time": "2025-04-22T13:16:03.437542Z",
            "yes_price": 3,
            "no_price": 97,
            "taker_side": "no"
        },
        {
            "trade_id": "5f1fed20-e687-490c-9625-3a1ffc151f0f",
            "ticker": "KXHIGHNY-25APR22-B74.5",
            "count": 8,
            "created_time": "2025-04-22T13:12:38.081821Z",
            "yes_price": 3,
            "no_price": 97,
            "taker_side": "no"
        },
        {
            "trade_id": "f72557ab-a46e-465f-b949-34f7aee04032",
            "ticker": "KXHIGHNY-25APR22-B74.5",
            "count": 8,
            "created_time": "2025-04-22T13:09:47.961103Z",
            "yes_price": 3,
            "no_price": 97,
            "taker_side": "no"
        },
        {
            "trade_id": "d3ad34d8-7a6c-4d53-a0b2-b04665ea10cb",
            "ticker": "KXHIGHNY-25APR22-B74.5",
            "count": 6,
            "created_time": "2025-04-22T13:07:26.437742Z",
            "yes_price": 4,
            "no_price": 96,
            "taker_side": "no"
        },
        {
            "trade_id": "e80d0877-dd08-4cbd-ae2b-9ecf3110a5a6",
            "ticker": "KXHIGHNY-25APR22-B74.5",
            "count": 1,
            "created_time": "2025-04-22T13:07:26.05813Z",
            "yes_price": 4,
            "no_price": 96,
            "taker_side": "no"
        },
        {
            "trade_id": "f2af3842-2b73-4f27-b8f5-aeb043a8e1e2",
            "ticker": "KXHIGHNY-25APR22-B74.5",
            "count": 4,
            "created_time": "2025-04-22T13:06:37.834385Z",
            "yes_price": 4,
            "no_price": 96,
            "taker_side": "no"
        },
        {
            "trade_id": "a3a817fc-fbe3-4018-855d-ba32c03c1bfa",
            "ticker": "KXHIGHNY-25APR22-B74.5",
            "count": 1,
            "created_time": "2025-04-22T13:03:42.724691Z",
            "yes_price": 3,
            "no_price": 97,
            "taker_side": "no"
        },
        {
            "trade_id": "52a0eef6-fdfe-4eb2-ae51-407c9591ce2b",
            "ticker": "KXHIGHNY-25APR22-B74.5",
            "count": 117,
            "created_time": "2025-04-22T13:02:37.253266Z",
            "yes_price": 4,
            "no_price": 96,
            "taker_side": "yes"
        },
        {
            "trade_id": "134b61de-e635-4d1e-b145-1be3c6cc0295",
            "ticker": "KXHIGHNY-25APR22-B74.5",
            "count": 10,
            "created_time": "2025-04-22T13:02:37.253266Z",
            "yes_price": 4,
            "no_price": 96,
            "taker_side": "yes"
        },
        {
            "trade_id": "17e8a3ef-c7ca-41dc-9494-b8fa1dbf91e7",
            "ticker": "KXHIGHNY-25APR22-B74.5",
            "count": 2,
            "created_time": "2025-04-22T12:53:10.914346Z",
            "yes_price": 3,
            "no_price": 97,
            "taker_side": "no"
        },
        {
            "trade_id": "09eb0bd0-897b-4ece-a367-84448f866fec",
            "ticker": "KXHIGHNY-25APR22-B74.5",
            "count": 1,
            "created_time": "2025-04-22T12:51:42.943423Z",
            "yes_price": 3,
            "no_price": 97,
            "taker_side": "no"
        },
        {
            "trade_id": "2d8131e2-8b48-4ed5-914e-ff62124558b0",
            "ticker": "KXHIGHNY-25APR22-B74.5",
            "count": 2,
            "created_time": "2025-04-22T12:51:39.88309Z",
            "yes_price": 3,
            "no_price": 97,
            "taker_side": "no"
        },
        {
            "trade_id": "a93109d0-9a53-47c0-96b3-c3c4b5fe62dd",
            "ticker": "KXHIGHNY-25APR22-B74.5",
            "count": 1,
            "created_time": "2025-04-22T12:48:37.978308Z",
            "yes_price": 3,
            "no_price": 97,
            "taker_side": "no"
        },
        {
            "trade_id": "180f278e-fb99-4b09-a8f8-4926a789c999",
            "ticker": "KXHIGHNY-25APR22-B74.5",
            "count": 2,
            "created_time": "2025-04-22T12:48:36.344895Z",
            "yes_price": 3,
            "no_price": 97,
            "taker_side": "no"
        },
        {
            "trade_id": "41609c3a-1c79-4fef-b80c-9737ded7c616",
            "ticker": "KXHIGHNY-25APR22-B74.5",
            "count": 4,
            "created_time": "2025-04-22T12:43:19.305095Z",
            "yes_price": 4,
            "no_price": 96,
            "taker_side": "yes"
        },
        {
            "trade_id": "40d92382-0b81-47ed-9e81-b08cfed08a80",
            "ticker": "KXHIGHNY-25APR22-B74.5",
            "count": 2,
            "created_time": "2025-04-22T12:43:19.305095Z",
            "yes_price": 3,
            "no_price": 97,
            "taker_side": "yes"
        },
        {
            "trade_id": "3e4aae1c-a66e-4452-af8b-5f737a320aee",
            "ticker": "KXHIGHNY-25APR22-B74.5",
            "count": 267,
            "created_time": "2025-04-22T12:43:19.305095Z",
            "yes_price": 5,
            "no_price": 95,
            "taker_side": "yes"
        },
        {
            "trade_id": "35d3b3c1-6a7c-4a40-80a4-6f04ff36b276",
            "ticker": "KXHIGHNY-25APR22-B74.5",
            "count": 1,
            "created_time": "2025-04-22T12:43:19.305095Z",
            "yes_price": 3,
            "no_price": 97,
            "taker_side": "yes"
        },
        {
            "trade_id": "29bd8e05-196c-47e0-87d6-e9ed924016fd",
            "ticker": "KXHIGHNY-25APR22-B74.5",
            "count": 226,
            "created_time": "2025-04-22T12:43:19.305095Z",
            "yes_price": 5,
            "no_price": 95,
            "taker_side": "yes"
        },
        {
            "trade_id": "4c702618-724c-4cdf-8c7a-f1ca395e699b",
            "ticker": "KXHIGHNY-25APR22-B74.5",
            "count": 32,
            "created_time": "2025-04-22T12:03:55.527744Z",
            "yes_price": 3,
            "no_price": 97,
            "taker_side": "no"
        },
        {
            "trade_id": "ef459f12-4cfb-4904-b791-d9a4612c4cd9",
            "ticker": "KXHIGHNY-25APR22-B74.5",
            "count": 33,
            "created_time": "2025-04-22T12:01:27.467461Z",
            "yes_price": 5,
            "no_price": 95,
            "taker_side": "no"
        },
        {
            "trade_id": "6a20639a-820b-406d-8745-a33942e55626",
            "ticker": "KXHIGHNY-25APR22-B74.5",
            "count": 4,
            "created_time": "2025-04-22T05:26:31.769204Z",
            "yes_price": 9,
            "no_price": 91,
            "taker_side": "no"
        },
        {
            "trade_id": "69b58857-0009-4ba5-84e4-e452e904e7ad",
            "ticker": "KXHIGHNY-25APR22-B74.5",
            "count": 8,
            "created_time": "2025-04-22T05:26:30.921672Z",
            "yes_price": 10,
            "no_price": 90,
            "taker_side": "no"
        },
        {
            "trade_id": "2dc48604-8bd0-4488-a82d-a206baea9fc1",
            "ticker": "KXHIGHNY-25APR22-B74.5",
            "count": 1,
            "created_time": "2025-04-22T05:26:29.455854Z",
            "yes_price": 11,
            "no_price": 89,
            "taker_side": "yes"
        },
        {
            "trade_id": "d8e49e37-31d6-4e5b-8aa7-f057f6bf2af6",
            "ticker": "KXHIGHNY-25APR22-B74.5",
            "count": 5,
            "created_time": "2025-04-22T05:10:40.334202Z",
            "yes_price": 7,
            "no_price": 93,
            "taker_side": "no"
        },
        {
            "trade_id": "6168f9a0-ac2a-4408-b0bd-9fb9cad45a97",
            "ticker": "KXHIGHNY-25APR22-B74.5",
            "count": 75,
            "created_time": "2025-04-22T05:10:40.334202Z",
            "yes_price": 6,
            "no_price": 94,
            "taker_side": "no"
        },
        {
            "trade_id": "ba65f2a6-1838-48dd-897c-5f7bc34dec04",
            "ticker": "KXHIGHNY-25APR22-B74.5",
            "count": 29,
            "created_time": "2025-04-22T04:50:59.980241Z",
            "yes_price": 13,
            "no_price": 87,
            "taker_side": "yes"
        },
        {
            "trade_id": "a9a8baaf-1a55-4b91-824a-1989b49af7f6",
            "ticker": "KXHIGHNY-25APR22-B74.5",
            "count": 2,
            "created_time": "2025-04-22T04:50:59.980241Z",
            "yes_price": 12,
            "no_price": 88,
            "taker_side": "yes"
        },
        {
            "trade_id": "4ad347fe-c65c-42e8-955b-7dd10298e3fb",
            "ticker": "KXHIGHNY-25APR22-B74.5",
            "count": 2,
            "created_time": "2025-04-22T04:50:59.980241Z",
            "yes_price": 9,
            "no_price": 91,
            "taker_side": "yes"
        },
        {
            "trade_id": "37d422d8-8968-4878-b8e9-05cbc016f865",
            "ticker": "KXHIGHNY-25APR22-B74.5",
            "count": 3,
            "created_time": "2025-04-22T04:50:59.980241Z",
            "yes_price": 13,
            "no_price": 87,
            "taker_side": "yes"
        },
        {
            "trade_id": "e463878b-915a-4788-ae6c-1ab8113db4a6",
            "ticker": "KXHIGHNY-25APR22-B74.5",
            "count": 8,
            "created_time": "2025-04-22T02:25:31.492569Z",
            "yes_price": 8,
            "no_price": 92,
            "taker_side": "no"
        },
        {
            "trade_id": "420c31d3-f056-4783-960e-c3da90ded781",
            "ticker": "KXHIGHNY-25APR22-B74.5",
            "count": 2,
            "created_time": "2025-04-22T02:22:42.696986Z",
            "yes_price": 9,
            "no_price": 91,
            "taker_side": "no"
        },
        {
            "trade_id": "da97897d-f9e3-44da-a64f-47418ba661bf",
            "ticker": "KXHIGHNY-25APR22-B74.5",
            "count": 16,
            "created_time": "2025-04-22T02:15:39.210801Z",
            "yes_price": 12,
            "no_price": 88,
            "taker_side": "yes"
        },
        {
            "trade_id": "cf8c6ea1-e873-4581-84f1-cba14eecf55f",
            "ticker": "KXHIGHNY-25APR22-B74.5",
            "count": 240,
            "created_time": "2025-04-22T02:15:39.210801Z",
            "yes_price": 14,
            "no_price": 86,
            "taker_side": "yes"
        },
        {
            "trade_id": "adc562f6-1248-4a27-b220-e818a0d428c9",
            "ticker": "KXHIGHNY-25APR22-B74.5",
            "count": 31,
            "created_time": "2025-04-22T02:15:39.210801Z",
            "yes_price": 12,
            "no_price": 88,
            "taker_side": "yes"
        },
        {
            "trade_id": "97dd393b-f076-405f-ae5f-b19aaa50d024",
            "ticker": "KXHIGHNY-25APR22-B74.5",
            "count": 7,
            "created_time": "2025-04-22T02:01:26.46555Z",
            "yes_price": 14,
            "no_price": 86,
            "taker_side": "yes"
        },
        {
            "trade_id": "0c0acf95-8142-4c8b-a476-755985406d2a",
            "ticker": "KXHIGHNY-25APR22-B74.5",
            "count": 30,
            "created_time": "2025-04-22T02:01:26.46555Z",
            "yes_price": 12,
            "no_price": 88,
            "taker_side": "yes"
        },
        {
            "trade_id": "9ba5e0f0-8944-42ec-b2e2-6c9c6c229ed1",
            "ticker": "KXHIGHNY-25APR22-B74.5",
            "count": 73,
            "created_time": "2025-04-22T01:36:31.37256Z",
            "yes_price": 12,
            "no_price": 88,
            "taker_side": "yes"
        },
        {
            "trade_id": "7fb4ec12-0cc2-48b9-aad3-093ab16fad3a",
            "ticker": "KXHIGHNY-25APR22-B74.5",
            "count": 5,
            "created_time": "2025-04-22T01:36:31.37256Z",
            "yes_price": 12,
            "no_price": 88,
            "taker_side": "yes"
        },
        {
            "trade_id": "d7a2b8b5-79af-441f-9543-5141fc1d8d32",
            "ticker": "KXHIGHNY-25APR22-B74.5",
            "count": 1,
            "created_time": "2025-04-22T01:34:58.785864Z",
            "yes_price": 12,
            "no_price": 88,
            "taker_side": "yes"
        },
        {
            "trade_id": "3d494b73-846f-4540-901f-f59f6cd9e13d",
            "ticker": "KXHIGHNY-25APR22-B74.5",
            "count": 1,
            "created_time": "2025-04-22T01:34:58.785864Z",
            "yes_price": 11,
            "no_price": 89,
            "taker_side": "yes"
        },
        {
            "trade_id": "91268f88-a886-428f-a1d8-2483b459d5be",
            "ticker": "KXHIGHNY-25APR22-B74.5",
            "count": 1,
            "created_time": "2025-04-22T00:55:35.043675Z",
            "yes_price": 12,
            "no_price": 88,
            "taker_side": "yes"
        },
        {
            "trade_id": "863b1f33-0bd6-4ed6-b243-508c12bcdfa7",
            "ticker": "KXHIGHNY-25APR22-B74.5",
            "count": 1,
            "created_time": "2025-04-22T00:54:25.428651Z",
            "yes_price": 7,
            "no_price": 93,
            "taker_side": "no"
        },
        {
            "trade_id": "0121ba13-937d-4a19-b48f-0d9392cb2078",
            "ticker": "KXHIGHNY-25APR22-B74.5",
            "count": 36,
            "created_time": "2025-04-21T23:50:22.981525Z",
            "yes_price": 13,
            "no_price": 87,
            "taker_side": "yes"
        },
        {
            "trade_id": "577a547d-5186-40b3-9963-e2372c1a6d69",
            "ticker": "KXHIGHNY-25APR22-B74.5",
            "count": 1,
            "created_time": "2025-04-21T21:52:28.891554Z",
            "yes_price": 13,
            "no_price": 87,
            "taker_side": "yes"
        },
        {
            "trade_id": "85cb200b-ee17-4fa0-8275-c451385f621e",
            "ticker": "KXHIGHNY-25APR22-B74.5",
            "count": 5,
            "created_time": "2025-04-21T21:51:18.108579Z",
            "yes_price": 8,
            "no_price": 92,
            "taker_side": "no"
        },
        {
            "trade_id": "7dfdebab-1cbb-4936-a1ea-848f92e0b43c",
            "ticker": "KXHIGHNY-25APR22-B74.5",
            "count": 1,
            "created_time": "2025-04-21T21:50:15.851453Z",
            "yes_price": 13,
            "no_price": 87,
            "taker_side": "yes"
        },
        {
            "trade_id": "d2507031-4bc5-436f-8f0e-f31a03235f43",
            "ticker": "KXHIGHNY-25APR22-B74.5",
            "count": 7,
            "created_time": "2025-04-21T21:34:31.394448Z",
            "yes_price": 13,
            "no_price": 87,
            "taker_side": "yes"
        },
        {
            "trade_id": "5d4a8c38-9e59-4e7d-b527-442ec7d0930f",
            "ticker": "KXHIGHNY-25APR22-B74.5",
            "count": 40,
            "created_time": "2025-04-21T21:21:49.61418Z",
            "yes_price": 13,
            "no_price": 87,
            "taker_side": "no"
        },
        {
            "trade_id": "f976c683-1152-4a7b-a8c9-a87e10efd06e",
            "ticker": "KXHIGHNY-25APR22-B74.5",
            "count": 3,
            "created_time": "2025-04-21T20:31:02.97908Z",
            "yes_price": 13,
            "no_price": 87,
            "taker_side": "no"
        },
        {
            "trade_id": "7e1e43f2-9103-4e58-8313-aa6cfbb5e1f5",
            "ticker": "KXHIGHNY-25APR22-B74.5",
            "count": 1,
            "created_time": "2025-04-21T18:54:34.457747Z",
            "yes_price": 13,
            "no_price": 87,
            "taker_side": "no"
        },
        {
            "trade_id": "d2822066-1385-4a10-8fc9-de0b902271b8",
            "ticker": "KXHIGHNY-25APR22-B74.5",
            "count": 200,
            "created_time": "2025-04-21T18:26:53.534146Z",
            "yes_price": 15,
            "no_price": 85,
            "taker_side": "yes"
        },
        {
            "trade_id": "d0de2376-1eed-44e7-bb9d-1d302cd22242",
            "ticker": "KXHIGHNY-25APR22-B74.5",
            "count": 2,
            "created_time": "2025-04-21T18:11:50.179098Z",
            "yes_price": 13,
            "no_price": 87,
            "taker_side": "yes"
        },
        {
            "trade_id": "9c3eafe3-aeca-4820-8510-aaa79304d1b6",
            "ticker": "KXHIGHNY-25APR22-B74.5",
            "count": 1,
            "created_time": "2025-04-21T18:11:50.179098Z",
            "yes_price": 13,
            "no_price": 87,
            "taker_side": "yes"
        },
        {
            "trade_id": "0bfb5f0f-2f30-4d41-a65b-13a76605774a",
            "ticker": "KXHIGHNY-25APR22-B74.5",
            "count": 43,
            "created_time": "2025-04-21T18:11:50.179098Z",
            "yes_price": 13,
            "no_price": 87,
            "taker_side": "yes"
        },
        {
            "trade_id": "169e9bf0-afe9-4d56-a83e-5ebc8c021aa6",
            "ticker": "KXHIGHNY-25APR22-B74.5",
            "count": 46,
            "created_time": "2025-04-21T14:15:49.001174Z",
            "yes_price": 11,
            "no_price": 89,
            "taker_side": "no"
        }
    ],
    "KXHIGHNY-25APR22-B76.5": [
        {
            "trade_id": "777a6928-17de-4206-b4ed-bcce8e451214",
            "ticker": "KXHIGHNY-25APR22-B76.5",
            "count": 114,
            "created_time": "2025-04-23T01:55:23.459424Z",
            "yes_price": 1,
            "no_price": 99,
            "taker_side": "yes"
        },
        {
            "trade_id": "7c83ad07-43d7-4799-84e9-0903a109cbc2",
            "ticker": "KXHIGHNY-25APR22-B76.5",
            "count": 7,
            "created_time": "2025-04-22T19:43:40.905998Z",
            "yes_price": 1,
            "no_price": 99,
            "taker_side": "yes"
        },
        {
            "trade_id": "0add7d72-a616-4a6f-9024-6fa0312f88f1",
            "ticker": "KXHIGHNY-25APR22-B76.5",
            "count": 1832,
            "created_time": "2025-04-22T19:06:06.344536Z",
            "yes_price": 1,
            "no_price": 99,
            "taker_side": "yes"
        },
        {
            "trade_id": "d9546d18-126d-4438-8d52-3d77f29807a2",
            "ticker": "KXHIGHNY-25APR22-B76.5",
            "count": 63,
            "created_time": "2025-04-22T19:05:44.701943Z",
            "yes_price": 1,
            "no_price": 99,
            "taker_side": "yes"
        },
        {
            "trade_id": "9ff13594-3458-435c-8d1f-807399083594",
            "ticker": "KXHIGHNY-25APR22-B76.5",
            "count": 93,
            "created_time": "2025-04-22T19:01:04.627885Z",
            "yes_price": 1,
            "no_price": 99,
            "taker_side": "yes"
        },
        {
            "trade_id": "d38ddf7c-e731-40f7-8c15-f777f4c1b1dd",
            "ticker": "KXHIGHNY-25APR22-B76.5",
            "count": 40,
            "created_time": "2025-04-22T18:39:49.754811Z",
            "yes_price": 1,
            "no_price": 99,
            "taker_side": "yes"
        },
        {
            "trade_id": "b71b6235-a590-466f-b2dd-a60a8461d01c",
            "ticker": "KXHIGHNY-25APR22-B76.5",
            "count": 935,
            "created_time": "2025-04-22T18:18:32.507677Z",
            "yes_price": 1,
            "no_price": 99,
            "taker_side": "yes"
        },
        {
            "trade_id": "936df817-0b92-4713-bf25-33c9dbc076bf",
            "ticker": "KXHIGHNY-25APR22-B76.5",
            "count": 90,
            "created_time": "2025-04-22T18:15:13.231904Z",
            "yes_price": 1,
            "no_price": 99,
            "taker_side": "yes"
        },
        {
            "trade_id": "c4d1e31b-b14c-4bac-85d6-0dac06c4dcb3",
            "ticker": "KXHIGHNY-25APR22-B76.5",
            "count": 7,
            "created_time": "2025-04-22T18:12:51.067241Z",
            "yes_price": 1,
            "no_price": 99,
            "taker_side": "yes"
        },
        {
            "trade_id": "47a6c365-fc86-48c4-8019-0d547c6b8554",
            "ticker": "KXHIGHNY-25APR22-B76.5",
            "count": 5,
            "created_time": "2025-04-22T17:57:09.058969Z",
            "yes_price": 1,
            "no_price": 99,
            "taker_side": "yes"
        },
        {
            "trade_id": "ebf779aa-57f4-45b4-97ba-f2de2b62bb3c",
            "ticker": "KXHIGHNY-25APR22-B76.5",
            "count": 100,
            "created_time": "2025-04-22T17:54:24.833795Z",
            "yes_price": 1,
            "no_price": 99,
            "taker_side": "yes"
        },
        {
            "trade_id": "e97ff336-4993-4ffd-b257-849776ff07cf",
            "ticker": "KXHIGHNY-25APR22-B76.5",
            "count": 89,
            "created_time": "2025-04-22T17:53:49.81426Z",
            "yes_price": 1,
            "no_price": 99,
            "taker_side": "yes"
        },
        {
            "trade_id": "9c4cd2c9-9c15-4634-a364-9f65e9794db7",
            "ticker": "KXHIGHNY-25APR22-B76.5",
            "count": 20,
            "created_time": "2025-04-22T17:52:38.655168Z",
            "yes_price": 1,
            "no_price": 99,
            "taker_side": "yes"
        },
        {
            "trade_id": "fc9f13a9-45dd-48e4-b2de-5b5ca8cc92ff",
            "ticker": "KXHIGHNY-25APR22-B76.5",
            "count": 145,
            "created_time": "2025-04-22T17:51:53.035568Z",
            "yes_price": 1,
            "no_price": 99,
            "taker_side": "no"
        },
        {
            "trade_id": "cf41ba18-a39d-43a9-a1cd-7542591bc197",
            "ticker": "KXHIGHNY-25APR22-B76.5",
            "count": 14,
            "created_time": "2025-04-22T17:51:53.035568Z",
            "yes_price": 1,
            "no_price": 99,
            "taker_side": "no"
        },
        {
            "trade_id": "c7502f45-7c6a-4b96-aed1-8f0a54a25e65",
            "ticker": "KXHIGHNY-25APR22-B76.5",
            "count": 16,
            "created_time": "2025-04-22T17:51:53.035568Z",
            "yes_price": 1,
            "no_price": 99,
            "taker_side": "no"
        },
        {
            "trade_id": "c25cc8d8-05a3-4bdb-b807-d1b58e644a46",
            "ticker": "KXHIGHNY-25APR22-B76.5",
            "count": 115,
            "created_time": "2025-04-22T17:51:53.035568Z",
            "yes_price": 1,
            "no_price": 99,
            "taker_side": "no"
        },
        {
            "trade_id": "55c368c9-27b8-4380-9378-c3874c916792",
            "ticker": "KXHIGHNY-25APR22-B76.5",
            "count": 52,
            "created_time": "2025-04-22T17:51:53.035568Z",
            "yes_price": 1,
            "no_price": 99,
            "taker_side": "no"
        },
        {
            "trade_id": "1c34be45-bed0-4dfd-83df-99e480fe0d4d",
            "ticker": "KXHIGHNY-25APR22-B76.5",
            "count": 32,
            "created_time": "2025-04-22T17:51:53.035568Z",
            "yes_price": 1,
            "no_price": 99,
            "taker_side": "no"
        },
        {
            "trade_id": "28f218ca-345e-4d8f-8f9d-5c4c0fc0c729",
            "ticker": "KXHIGHNY-25APR22-B76.5",
            "count": 8,
            "created_time": "2025-04-22T17:47:24.439588Z",
            "yes_price": 1,
            "no_price": 99,
            "taker_side": "no"
        },
        {
            "trade_id": "383c9106-de67-4456-b5b1-f2f067922f6f",
            "ticker": "KXHIGHNY-25APR22-B76.5",
            "count": 15,
            "created_time": "2025-04-22T17:47:05.03658Z",
            "yes_price": 1,
            "no_price": 99,
            "taker_side": "no"
        },
        {
            "trade_id": "e8cc0072-a2e7-4758-b639-b0a88c1ac134",
            "ticker": "KXHIGHNY-25APR22-B76.5",
            "count": 73,
            "created_time": "2025-04-22T17:41:51.621555Z",
            "yes_price": 8,
            "no_price": 92,
            "taker_side": "yes"
        },
        {
            "trade_id": "83174a5d-d538-4d40-a623-3caccb285a86",
            "ticker": "KXHIGHNY-25APR22-B76.5",
            "count": 50,
            "created_time": "2025-04-22T17:41:51.621555Z",
            "yes_price": 7,
            "no_price": 93,
            "taker_side": "yes"
        },
        {
            "trade_id": "5f4c4d84-e618-4c71-b5bd-2d22a977b770",
            "ticker": "KXHIGHNY-25APR22-B76.5",
            "count": 141,
            "created_time": "2025-04-22T17:41:48.693978Z",
            "yes_price": 1,
            "no_price": 99,
            "taker_side": "no"
        },
        {
            "trade_id": "5b09bdb6-4311-4428-9e15-297a7bcf17ef",
            "ticker": "KXHIGHNY-25APR22-B76.5",
            "count": 10,
            "created_time": "2025-04-22T17:41:48.693978Z",
            "yes_price": 1,
            "no_price": 99,
            "taker_side": "no"
        },
        {
            "trade_id": "a06a4e48-2a50-4eb7-8a20-1734b9805023",
            "ticker": "KXHIGHNY-25APR22-B76.5",
            "count": 8,
            "created_time": "2025-04-22T17:40:23.224442Z",
            "yes_price": 4,
            "no_price": 96,
            "taker_side": "yes"
        },
        {
            "trade_id": "1bac3680-ca36-4c37-929f-eb2132f8ba8c",
            "ticker": "KXHIGHNY-25APR22-B76.5",
            "count": 8,
            "created_time": "2025-04-22T17:39:59.856388Z",
            "yes_price": 4,
            "no_price": 96,
            "taker_side": "yes"
        },
        {
            "trade_id": "ae63fe2e-2081-456f-ac15-7cbf3d007568",
            "ticker": "KXHIGHNY-25APR22-B76.5",
            "count": 50,
            "created_time": "2025-04-22T17:36:34.092106Z",
            "yes_price": 2,
            "no_price": 98,
            "taker_side": "no"
        },
        {
            "trade_id": "3b61b9f6-6ba1-40c8-9979-fd0aa45c3aae",
            "ticker": "KXHIGHNY-25APR22-B76.5",
            "count": 59,
            "created_time": "2025-04-22T17:36:34.092106Z",
            "yes_price": 1,
            "no_price": 99,
            "taker_side": "no"
        },
        {
            "trade_id": "bf49ea89-4854-4106-89a4-bbc3f4390fdb",
            "ticker": "KXHIGHNY-25APR22-B76.5",
            "count": 50,
            "created_time": "2025-04-22T17:36:01.023577Z",
            "yes_price": 8,
            "no_price": 92,
            "taker_side": "yes"
        },
        {
            "trade_id": "9e8b7f77-fc30-4c7b-81e5-ccefc6983be9",
            "ticker": "KXHIGHNY-25APR22-B76.5",
            "count": 57,
            "created_time": "2025-04-22T17:36:01.023577Z",
            "yes_price": 9,
            "no_price": 91,
            "taker_side": "yes"
        },
        {
            "trade_id": "4eba38a9-2b51-44c1-b32c-bf84c60ce5cf",
            "ticker": "KXHIGHNY-25APR22-B76.5",
            "count": 1,
            "created_time": "2025-04-22T17:36:01.023577Z",
            "yes_price": 8,
            "no_price": 92,
            "taker_side": "yes"
        },
        {
            "trade_id": "08ad8835-a7e2-4995-b1e7-2221b9f25c11",
            "ticker": "KXHIGHNY-25APR22-B76.5",
            "count": 1,
            "created_time": "2025-04-22T17:36:01.023577Z",
            "yes_price": 9,
            "no_price": 91,
            "taker_side": "yes"
        },
        {
            "trade_id": "c0b11d37-1ce2-4a8c-bfef-c6ad2e2c1511",
            "ticker": "KXHIGHNY-25APR22-B76.5",
            "count": 42,
            "created_time": "2025-04-22T17:35:11.578018Z",
            "yes_price": 2,
            "no_price": 98,
            "taker_side": "no"
        },
        {
            "trade_id": "5152f45f-82cc-4296-8825-532aeedc70ca",
            "ticker": "KXHIGHNY-25APR22-B76.5",
            "count": 1,
            "created_time": "2025-04-22T17:28:53.848615Z",
            "yes_price": 2,
            "no_price": 98,
            "taker_side": "no"
        },
        {
            "trade_id": "f353f35f-3db7-411a-8497-bd11852bc3b7",
            "ticker": "KXHIGHNY-25APR22-B76.5",
            "count": 7,
            "created_time": "2025-04-22T17:19:44.180752Z",
            "yes_price": 2,
            "no_price": 98,
            "taker_side": "no"
        },
        {
            "trade_id": "d0be6e80-ec4c-4be3-90b9-93dfc6cab436",
            "ticker": "KXHIGHNY-25APR22-B76.5",
            "count": 50,
            "created_time": "2025-04-22T17:19:44.180752Z",
            "yes_price": 3,
            "no_price": 97,
            "taker_side": "no"
        },
        {
            "trade_id": "2bf467b2-a9c5-48ec-8aac-de798c64d671",
            "ticker": "KXHIGHNY-25APR22-B76.5",
            "count": 7,
            "created_time": "2025-04-22T17:19:44.180752Z",
            "yes_price": 4,
            "no_price": 96,
            "taker_side": "no"
        },
        {
            "trade_id": "d6584f1c-bb9d-4a79-ad36-80ac3f35afe0",
            "ticker": "KXHIGHNY-25APR22-B76.5",
            "count": 7,
            "created_time": "2025-04-22T17:13:28.790604Z",
            "yes_price": 4,
            "no_price": 96,
            "taker_side": "no"
        },
        {
            "trade_id": "dfbab9a9-fa55-4a51-bdf4-210ce3c67eef",
            "ticker": "KXHIGHNY-25APR22-B76.5",
            "count": 1,
            "created_time": "2025-04-22T17:12:56.847915Z",
            "yes_price": 9,
            "no_price": 91,
            "taker_side": "yes"
        },
        {
            "trade_id": "63f022b3-f991-4622-aebc-1d2929868a43",
            "ticker": "KXHIGHNY-25APR22-B76.5",
            "count": 1,
            "created_time": "2025-04-22T17:12:56.847915Z",
            "yes_price": 10,
            "no_price": 90,
            "taker_side": "yes"
        },
        {
            "trade_id": "588f298c-79b6-4143-838d-c5e3ea287789",
            "ticker": "KXHIGHNY-25APR22-B76.5",
            "count": 41,
            "created_time": "2025-04-22T17:12:56.847915Z",
            "yes_price": 10,
            "no_price": 90,
            "taker_side": "yes"
        },
        {
            "trade_id": "122b3058-454a-427d-957d-85f6b843b2b8",
            "ticker": "KXHIGHNY-25APR22-B76.5",
            "count": 3,
            "created_time": "2025-04-22T17:12:56.847915Z",
            "yes_price": 6,
            "no_price": 94,
            "taker_side": "yes"
        },
        {
            "trade_id": "03c6abef-92a3-455c-b8fa-c23793cd9275",
            "ticker": "KXHIGHNY-25APR22-B76.5",
            "count": 50,
            "created_time": "2025-04-22T17:12:56.847915Z",
            "yes_price": 9,
            "no_price": 91,
            "taker_side": "yes"
        },
        {
            "trade_id": "42475677-1b01-4c89-884b-c505a4ced070",
            "ticker": "KXHIGHNY-25APR22-B76.5",
            "count": 4,
            "created_time": "2025-04-22T17:12:38.852285Z",
            "yes_price": 4,
            "no_price": 96,
            "taker_side": "no"
        },
        {
            "trade_id": "a8f397b1-5af9-43dc-b949-c422f8e95a47",
            "ticker": "KXHIGHNY-25APR22-B76.5",
            "count": 7,
            "created_time": "2025-04-22T16:48:25.880291Z",
            "yes_price": 6,
            "no_price": 94,
            "taker_side": "no"
        },
        {
            "trade_id": "26e75346-f0b0-44ec-b97a-29a8457c1f54",
            "ticker": "KXHIGHNY-25APR22-B76.5",
            "count": 1,
            "created_time": "2025-04-22T16:47:37.965489Z",
            "yes_price": 5,
            "no_price": 95,
            "taker_side": "no"
        },
        {
            "trade_id": "71cfff0b-a5c9-4e09-b727-199f18495182",
            "ticker": "KXHIGHNY-25APR22-B76.5",
            "count": 1,
            "created_time": "2025-04-22T16:44:19.398373Z",
            "yes_price": 9,
            "no_price": 91,
            "taker_side": "yes"
        },
        {
            "trade_id": "261ac316-a430-410a-a4b3-ccc56cbd139d",
            "ticker": "KXHIGHNY-25APR22-B76.5",
            "count": 1,
            "created_time": "2025-04-22T16:44:09.311824Z",
            "yes_price": 9,
            "no_price": 91,
            "taker_side": "yes"
        },
        {
            "trade_id": "7740cc41-72ae-4215-a465-a4ec317a0d03",
            "ticker": "KXHIGHNY-25APR22-B76.5",
            "count": 3,
            "created_time": "2025-04-22T16:39:15.398775Z",
            "yes_price": 8,
            "no_price": 92,
            "taker_side": "no"
        },
        {
            "trade_id": "e6ba7d94-40c0-4ca9-b00c-79b2f1fb2a65",
            "ticker": "KXHIGHNY-25APR22-B76.5",
            "count": 13,
            "created_time": "2025-04-22T16:32:47.65295Z",
            "yes_price": 6,
            "no_price": 94,
            "taker_side": "no"
        },
        {
            "trade_id": "50e9cbac-c936-4ba9-9840-dc273254dec6",
            "ticker": "KXHIGHNY-25APR22-B76.5",
            "count": 50,
            "created_time": "2025-04-22T16:32:47.65295Z",
            "yes_price": 7,
            "no_price": 93,
            "taker_side": "no"
        },
        {
            "trade_id": "152ef3bb-1996-4922-9246-44f028fe7d5a",
            "ticker": "KXHIGHNY-25APR22-B76.5",
            "count": 2,
            "created_time": "2025-04-22T16:28:05.539833Z",
            "yes_price": 8,
            "no_price": 92,
            "taker_side": "no"
        },
        {
            "trade_id": "2fa22251-baff-45cd-95e5-366b68bc01bf",
            "ticker": "KXHIGHNY-25APR22-B76.5",
            "count": 2,
            "created_time": "2025-04-22T16:28:00.9428Z",
            "yes_price": 8,
            "no_price": 92,
            "taker_side": "no"
        },
        {
            "trade_id": "c789ea29-f39e-4fa2-b0d5-4da3648348b0",
            "ticker": "KXHIGHNY-25APR22-B76.5",
            "count": 1,
            "created_time": "2025-04-22T16:28:00.938777Z",
            "yes_price": 9,
            "no_price": 91,
            "taker_side": "no"
        },
        {
            "trade_id": "15ed9c4a-9b94-499c-9ca5-fca0eab0d578",
            "ticker": "KXHIGHNY-25APR22-B76.5",
            "count": 1,
            "created_time": "2025-04-22T16:28:00.657624Z",
            "yes_price": 9,
            "no_price": 91,
            "taker_side": "no"
        },
        {
            "trade_id": "eb80cf8f-f3bd-4493-97b6-23dd78ae9fed",
            "ticker": "KXHIGHNY-25APR22-B76.5",
            "count": 11,
            "created_time": "2025-04-22T16:23:36.225636Z",
            "yes_price": 10,
            "no_price": 90,
            "taker_side": "no"
        },
        {
            "trade_id": "bccbee93-7ad1-4473-93ea-925ad5bf95d0",
            "ticker": "KXHIGHNY-25APR22-B76.5",
            "count": 5,
            "created_time": "2025-04-22T16:23:36.225636Z",
            "yes_price": 9,
            "no_price": 91,
            "taker_side": "no"
        },
        {
            "trade_id": "4e275b4e-b495-489f-9a74-ff6cb08ce23f",
            "ticker": "KXHIGHNY-25APR22-B76.5",
            "count": 4,
            "created_time": "2025-04-22T16:23:36.225636Z",
            "yes_price": 10,
            "no_price": 90,
            "taker_side": "no"
        },
        {
            "trade_id": "198d1335-a0da-4f18-bdc1-aff748796657",
            "ticker": "KXHIGHNY-25APR22-B76.5",
            "count": 50,
            "created_time": "2025-04-22T16:23:36.225636Z",
            "yes_price": 9,
            "no_price": 91,
            "taker_side": "no"
        },
        {
            "trade_id": "1782f08d-acea-4cd3-afc7-e6e42800928d",
            "ticker": "KXHIGHNY-25APR22-B76.5",
            "count": 4,
            "created_time": "2025-04-22T16:23:36.225636Z",
            "yes_price": 11,
            "no_price": 89,
            "taker_side": "no"
        },
        {
            "trade_id": "0e549918-a762-473b-b690-5953df03cdc0",
            "ticker": "KXHIGHNY-25APR22-B76.5",
            "count": 1,
            "created_time": "2025-04-22T16:23:36.225636Z",
            "yes_price": 12,
            "no_price": 88,
            "taker_side": "no"
        },
        {
            "trade_id": "4a316a23-da10-4784-965b-287ce195e2d9",
            "ticker": "KXHIGHNY-25APR22-B76.5",
            "count": 2,
            "created_time": "2025-04-22T16:21:28.762654Z",
            "yes_price": 13,
            "no_price": 87,
            "taker_side": "yes"
        },
        {
            "trade_id": "c86f8dc6-d35a-40da-ac05-066f303dd9b3",
            "ticker": "KXHIGHNY-25APR22-B76.5",
            "count": 4,
            "created_time": "2025-04-22T16:21:15.246798Z",
            "yes_price": 12,
            "no_price": 88,
            "taker_side": "yes"
        },
        {
            "trade_id": "dbefb665-b9a5-4573-b219-fc32f227ba41",
            "ticker": "KXHIGHNY-25APR22-B76.5",
            "count": 50,
            "created_time": "2025-04-22T16:20:18.164874Z",
            "yes_price": 11,
            "no_price": 89,
            "taker_side": "yes"
        },
        {
            "trade_id": "dbae8b35-48e8-40c7-8571-27321f09f106",
            "ticker": "KXHIGHNY-25APR22-B76.5",
            "count": 1,
            "created_time": "2025-04-22T16:20:18.164874Z",
            "yes_price": 12,
            "no_price": 88,
            "taker_side": "yes"
        },
        {
            "trade_id": "c441da4c-3636-49fe-9174-4c7a33547e47",
            "ticker": "KXHIGHNY-25APR22-B76.5",
            "count": 11,
            "created_time": "2025-04-22T16:20:18.164874Z",
            "yes_price": 16,
            "no_price": 84,
            "taker_side": "yes"
        },
        {
            "trade_id": "63db57ff-391d-495b-bacc-e176e68ba357",
            "ticker": "KXHIGHNY-25APR22-B76.5",
            "count": 8,
            "created_time": "2025-04-22T16:20:18.164874Z",
            "yes_price": 17,
            "no_price": 83,
            "taker_side": "yes"
        },
        {
            "trade_id": "2dc321c1-612e-4e42-bef3-8766a011cbb5",
            "ticker": "KXHIGHNY-25APR22-B76.5",
            "count": 5,
            "created_time": "2025-04-22T16:20:18.164874Z",
            "yes_price": 11,
            "no_price": 89,
            "taker_side": "yes"
        },
        {
            "trade_id": "aa15ab0b-0c9b-458c-b775-d838be09d934",
            "ticker": "KXHIGHNY-25APR22-B76.5",
            "count": 1,
            "created_time": "2025-04-22T16:19:39.739873Z",
            "yes_price": 7,
            "no_price": 93,
            "taker_side": "no"
        },
        {
            "trade_id": "b8d87fc8-81a0-44f6-b620-ba08a3566cf5",
            "ticker": "KXHIGHNY-25APR22-B76.5",
            "count": 1,
            "created_time": "2025-04-22T16:12:45.410556Z",
            "yes_price": 10,
            "no_price": 90,
            "taker_side": "no"
        },
        {
            "trade_id": "42831ef5-09f5-4a02-a5d1-821ada554677",
            "ticker": "KXHIGHNY-25APR22-B76.5",
            "count": 6,
            "created_time": "2025-04-22T16:12:38.542856Z",
            "yes_price": 10,
            "no_price": 90,
            "taker_side": "yes"
        },
        {
            "trade_id": "6162f49d-20fe-4b57-b297-591838e1d4a1",
            "ticker": "KXHIGHNY-25APR22-B76.5",
            "count": 16,
            "created_time": "2025-04-22T16:08:55.976991Z",
            "yes_price": 8,
            "no_price": 92,
            "taker_side": "no"
        },
        {
            "trade_id": "1d99aace-09a7-4dd4-acbb-45fe02263232",
            "ticker": "KXHIGHNY-25APR22-B76.5",
            "count": 17,
            "created_time": "2025-04-22T16:08:50.846024Z",
            "yes_price": 10,
            "no_price": 90,
            "taker_side": "no"
        },
        {
            "trade_id": "750c10cb-924e-4c3c-a1cc-9733b36570da",
            "ticker": "KXHIGHNY-25APR22-B76.5",
            "count": 7,
            "created_time": "2025-04-22T16:06:51.961849Z",
            "yes_price": 10,
            "no_price": 90,
            "taker_side": "no"
        },
        {
            "trade_id": "512d3a63-ddc4-45fa-b6a6-2b78b4e44e87",
            "ticker": "KXHIGHNY-25APR22-B76.5",
            "count": 1,
            "created_time": "2025-04-22T16:05:26.349815Z",
            "yes_price": 10,
            "no_price": 90,
            "taker_side": "no"
        },
        {
            "trade_id": "ef586e71-5433-4a68-8758-3521c8f9ba7a",
            "ticker": "KXHIGHNY-25APR22-B76.5",
            "count": 14,
            "created_time": "2025-04-22T16:04:23.18202Z",
            "yes_price": 12,
            "no_price": 88,
            "taker_side": "no"
        },
        {
            "trade_id": "2da931b3-0d71-4a2c-a6c0-e0a31ec1cb9a",
            "ticker": "KXHIGHNY-25APR22-B76.5",
            "count": 2,
            "created_time": "2025-04-22T16:04:21.392493Z",
            "yes_price": 12,
            "no_price": 88,
            "taker_side": "no"
        },
        {
            "trade_id": "dd9a9704-fcc6-4e26-8b3e-93ecc7546c7f",
            "ticker": "KXHIGHNY-25APR22-B76.5",
            "count": 2,
            "created_time": "2025-04-22T16:04:19.632936Z",
            "yes_price": 12,
            "no_price": 88,
            "taker_side": "no"
        },
        {
            "trade_id": "a8cf1c6c-06f6-4770-882f-c697dcd9a3d4",
            "ticker": "KXHIGHNY-25APR22-B76.5",
            "count": 9,
            "created_time": "2025-04-22T16:00:52.04838Z",
            "yes_price": 16,
            "no_price": 84,
            "taker_side": "yes"
        },
        {
            "trade_id": "a434dcda-44a7-493d-a49d-6466680269f1",
            "ticker": "KXHIGHNY-25APR22-B76.5",
            "count": 50,
            "created_time": "2025-04-22T16:00:52.04838Z",
            "yes_price": 15,
            "no_price": 85,
            "taker_side": "yes"
        },
        {
            "trade_id": "7f63f886-6bc9-480d-8632-6ffefee9ad97",
            "ticker": "KXHIGHNY-25APR22-B76.5",
            "count": 2,
            "created_time": "2025-04-22T16:00:52.04838Z",
            "yes_price": 17,
            "no_price": 83,
            "taker_side": "yes"
        },
        {
            "trade_id": "17a36a42-c5c6-494f-89db-88d1cacbd0bb",
            "ticker": "KXHIGHNY-25APR22-B76.5",
            "count": 7,
            "created_time": "2025-04-22T16:00:22.794179Z",
            "yes_price": 12,
            "no_price": 88,
            "taker_side": "yes"
        },
        {
            "trade_id": "8fb3139e-8c2c-4e17-ba53-b6eed9046345",
            "ticker": "KXHIGHNY-25APR22-B76.5",
            "count": 3,
            "created_time": "2025-04-22T15:57:45.697075Z",
            "yes_price": 10,
            "no_price": 90,
            "taker_side": "yes"
        },
        {
            "trade_id": "aeea4090-5b21-4d68-beae-b007e23cd54f",
            "ticker": "KXHIGHNY-25APR22-B76.5",
            "count": 7,
            "created_time": "2025-04-22T15:56:35.993327Z",
            "yes_price": 9,
            "no_price": 91,
            "taker_side": "no"
        },
        {
            "trade_id": "47123760-a914-4beb-a1be-5ff46c3bc4ec",
            "ticker": "KXHIGHNY-25APR22-B76.5",
            "count": 6,
            "created_time": "2025-04-22T15:56:35.993327Z",
            "yes_price": 9,
            "no_price": 91,
            "taker_side": "no"
        },
        {
            "trade_id": "04a142e1-0c96-448f-b53c-e609fbeefaeb",
            "ticker": "KXHIGHNY-25APR22-B76.5",
            "count": 7,
            "created_time": "2025-04-22T15:56:35.993327Z",
            "yes_price": 9,
            "no_price": 91,
            "taker_side": "no"
        },
        {
            "trade_id": "315510bd-2b33-46a0-b30e-0439342db4d4",
            "ticker": "KXHIGHNY-25APR22-B76.5",
            "count": 1,
            "created_time": "2025-04-22T15:54:56.535139Z",
            "yes_price": 10,
            "no_price": 90,
            "taker_side": "no"
        },
        {
            "trade_id": "4cca3490-2249-4bce-ac4a-cb347f9d6e75",
            "ticker": "KXHIGHNY-25APR22-B76.5",
            "count": 6,
            "created_time": "2025-04-22T15:54:50.539572Z",
            "yes_price": 10,
            "no_price": 90,
            "taker_side": "no"
        },
        {
            "trade_id": "44fa0e4a-b6b3-4943-b3df-b39c302695f4",
            "ticker": "KXHIGHNY-25APR22-B76.5",
            "count": 50,
            "created_time": "2025-04-22T15:54:50.539572Z",
            "yes_price": 10,
            "no_price": 90,
            "taker_side": "no"
        },
        {
            "trade_id": "dc7ad870-1542-4827-8267-06c7dddf852b",
            "ticker": "KXHIGHNY-25APR22-B76.5",
            "count": 5,
            "created_time": "2025-04-22T15:54:28.975706Z",
            "yes_price": 11,
            "no_price": 89,
            "taker_side": "no"
        },
        {
            "trade_id": "e3068320-c436-4c31-8353-9aae86c62011",
            "ticker": "KXHIGHNY-25APR22-B76.5",
            "count": 3,
            "created_time": "2025-04-22T15:54:22.770705Z",
            "yes_price": 12,
            "no_price": 88,
            "taker_side": "no"
        },
        {
            "trade_id": "e41a28b1-613e-41e2-a0c8-388a33835dd2",
            "ticker": "KXHIGHNY-25APR22-B76.5",
            "count": 3,
            "created_time": "2025-04-22T15:53:48.466252Z",
            "yes_price": 10,
            "no_price": 90,
            "taker_side": "no"
        },
        {
            "trade_id": "f8ccd4b6-777e-44f0-9c7c-35f640fcf63e",
            "ticker": "KXHIGHNY-25APR22-B76.5",
            "count": 97,
            "created_time": "2025-04-22T15:53:32.067239Z",
            "yes_price": 21,
            "no_price": 79,
            "taker_side": "yes"
        },
        {
            "trade_id": "f2f2ecea-8515-451b-843c-51a6df79b856",
            "ticker": "KXHIGHNY-25APR22-B76.5",
            "count": 6,
            "created_time": "2025-04-22T15:53:32.067239Z",
            "yes_price": 11,
            "no_price": 89,
            "taker_side": "yes"
        },
        {
            "trade_id": "d3848b7a-10b1-42cf-89bf-6102ce6ded26",
            "ticker": "KXHIGHNY-25APR22-B76.5",
            "count": 5,
            "created_time": "2025-04-22T15:53:32.067239Z",
            "yes_price": 12,
            "no_price": 88,
            "taker_side": "yes"
        },
        {
            "trade_id": "baf192ae-aba9-40bf-9145-4e23ee8981ab",
            "ticker": "KXHIGHNY-25APR22-B76.5",
            "count": 50,
            "created_time": "2025-04-22T15:53:32.067239Z",
            "yes_price": 9,
            "no_price": 91,
            "taker_side": "yes"
        },
        {
            "trade_id": "70369d99-db28-44e4-b6f5-3eedf682158c",
            "ticker": "KXHIGHNY-25APR22-B76.5",
            "count": 16,
            "created_time": "2025-04-22T15:53:32.067239Z",
            "yes_price": 18,
            "no_price": 82,
            "taker_side": "yes"
        },
        {
            "trade_id": "4b175fc7-4cfc-42bf-b292-8f17dafd0d76",
            "ticker": "KXHIGHNY-25APR22-B76.5",
            "count": 5,
            "created_time": "2025-04-22T15:53:32.067239Z",
            "yes_price": 13,
            "no_price": 87,
            "taker_side": "yes"
        },
        {
            "trade_id": "4199cd66-8755-47b6-abd9-af997a3021f2",
            "ticker": "KXHIGHNY-25APR22-B76.5",
            "count": 7,
            "created_time": "2025-04-22T15:53:32.067239Z",
            "yes_price": 10,
            "no_price": 90,
            "taker_side": "yes"
        },
        {
            "trade_id": "3e4608d8-9ae9-454b-a08e-183d1a7d10e7",
            "ticker": "KXHIGHNY-25APR22-B76.5",
            "count": 40,
            "created_time": "2025-04-22T15:53:32.067239Z",
            "yes_price": 19,
            "no_price": 81,
            "taker_side": "yes"
        },
        {
            "trade_id": "2467745b-30d5-46cb-b7f5-cb88dbf364ea",
            "ticker": "KXHIGHNY-25APR22-B76.5",
            "count": 10,
            "created_time": "2025-04-22T15:53:32.067239Z",
            "yes_price": 9,
            "no_price": 91,
            "taker_side": "yes"
        },
        {
            "trade_id": "f9deed14-6bed-4da6-bca2-4f6f1f2551bc",
            "ticker": "KXHIGHNY-25APR22-B76.5",
            "count": 50,
            "created_time": "2025-04-22T15:51:10.410635Z",
            "yes_price": 9,
            "no_price": 91,
            "taker_side": "yes"
        },
        {
            "trade_id": "845423c5-cce7-4c90-a261-81419102da77",
            "ticker": "KXHIGHNY-25APR22-B76.5",
            "count": 2,
            "created_time": "2025-04-22T15:51:10.410635Z",
            "yes_price": 8,
            "no_price": 92,
            "taker_side": "yes"
        },
        {
            "trade_id": "58f01625-35a1-428e-9c2e-43782ba7bc6c",
            "ticker": "KXHIGHNY-25APR22-B76.5",
            "count": 6,
            "created_time": "2025-04-22T15:51:10.410635Z",
            "yes_price": 8,
            "no_price": 92,
            "taker_side": "yes"
        },
        {
            "trade_id": "c23ed389-547e-44d4-96d5-2e48ab58ea50",
            "ticker": "KXHIGHNY-25APR22-B76.5",
            "count": 7,
            "created_time": "2025-04-22T15:48:26.367632Z",
            "yes_price": 7,
            "no_price": 93,
            "taker_side": "yes"
        },
        {
            "trade_id": "a3e64396-45e1-4aa9-8967-927e8f7969fe",
            "ticker": "KXHIGHNY-25APR22-B76.5",
            "count": 7,
            "created_time": "2025-04-22T15:47:52.404088Z",
            "yes_price": 5,
            "no_price": 95,
            "taker_side": "no"
        },
        {
            "trade_id": "9d9b0bd5-5db0-4879-8137-7eb7b32cda6d",
            "ticker": "KXHIGHNY-25APR22-B76.5",
            "count": 10,
            "created_time": "2025-04-22T15:47:52.404088Z",
            "yes_price": 8,
            "no_price": 92,
            "taker_side": "no"
        },
        {
            "trade_id": "97e9b52d-0de8-4675-bc8e-b5c0e396b9e3",
            "ticker": "KXHIGHNY-25APR22-B76.5",
            "count": 1,
            "created_time": "2025-04-22T15:47:52.404088Z",
            "yes_price": 4,
            "no_price": 96,
            "taker_side": "no"
        },
        {
            "trade_id": "7edb6320-9c44-4daf-8069-2d45ca26fd75",
            "ticker": "KXHIGHNY-25APR22-B76.5",
            "count": 40,
            "created_time": "2025-04-22T15:47:52.404088Z",
            "yes_price": 7,
            "no_price": 93,
            "taker_side": "no"
        },
        {
            "trade_id": "7bed488b-48ee-4c0a-9f46-a33ddcde8b8d",
            "ticker": "KXHIGHNY-25APR22-B76.5",
            "count": 50,
            "created_time": "2025-04-22T15:47:52.404088Z",
            "yes_price": 6,
            "no_price": 94,
            "taker_side": "no"
        },
        {
            "trade_id": "7ac77dcb-89c3-4514-a35e-a9371e282603",
            "ticker": "KXHIGHNY-25APR22-B76.5",
            "count": 21,
            "created_time": "2025-04-22T15:47:52.404088Z",
            "yes_price": 8,
            "no_price": 92,
            "taker_side": "no"
        },
        {
            "trade_id": "eff21649-72c2-4f26-97b6-de19f183f025",
            "ticker": "KXHIGHNY-25APR22-B76.5",
            "count": 1,
            "created_time": "2025-04-22T15:41:28.630245Z",
            "yes_price": 10,
            "no_price": 90,
            "taker_side": "no"
        },
        {
            "trade_id": "eae8570c-87d0-4ad3-a02d-6f4b92f76087",
            "ticker": "KXHIGHNY-25APR22-B76.5",
            "count": 22,
            "created_time": "2025-04-22T15:41:28.630245Z",
            "yes_price": 9,
            "no_price": 91,
            "taker_side": "no"
        },
        {
            "trade_id": "33295159-aa47-4813-8b54-32b4397f24fe",
            "ticker": "KXHIGHNY-25APR22-B76.5",
            "count": 50,
            "created_time": "2025-04-22T15:41:28.630245Z",
            "yes_price": 9,
            "no_price": 91,
            "taker_side": "no"
        },
        {
            "trade_id": "002ddf42-0476-47f2-90a4-2bcbd127a103",
            "ticker": "KXHIGHNY-25APR22-B76.5",
            "count": 7,
            "created_time": "2025-04-22T15:41:28.630245Z",
            "yes_price": 9,
            "no_price": 91,
            "taker_side": "no"
        },
        {
            "trade_id": "e3b0403f-ba3d-4197-a3ed-84ac7e02e3ce",
            "ticker": "KXHIGHNY-25APR22-B76.5",
            "count": 16,
            "created_time": "2025-04-22T15:36:13.36991Z",
            "yes_price": 9,
            "no_price": 91,
            "taker_side": "no"
        },
        {
            "trade_id": "65b6d403-2d51-4fc8-a70e-defdcc7a1df5",
            "ticker": "KXHIGHNY-25APR22-B76.5",
            "count": 23,
            "created_time": "2025-04-22T15:36:13.36991Z",
            "yes_price": 10,
            "no_price": 90,
            "taker_side": "no"
        },
        {
            "trade_id": "4f1b7979-824a-4481-ad05-a01b2518da34",
            "ticker": "KXHIGHNY-25APR22-B76.5",
            "count": 6,
            "created_time": "2025-04-22T15:36:13.36991Z",
            "yes_price": 10,
            "no_price": 90,
            "taker_side": "no"
        },
        {
            "trade_id": "3ecbbe1c-70b9-4bd1-808e-6c8bacd62f09",
            "ticker": "KXHIGHNY-25APR22-B76.5",
            "count": 5,
            "created_time": "2025-04-22T15:36:13.36991Z",
            "yes_price": 11,
            "no_price": 89,
            "taker_side": "no"
        },
        {
            "trade_id": "8f6fcca3-a642-4c94-996f-eb3e55cf7616",
            "ticker": "KXHIGHNY-25APR22-B76.5",
            "count": 2,
            "created_time": "2025-04-22T15:33:18.65919Z",
            "yes_price": 11,
            "no_price": 89,
            "taker_side": "no"
        },
        {
            "trade_id": "2424e351-f99a-4165-935a-52445a9c8db6",
            "ticker": "KXHIGHNY-25APR22-B76.5",
            "count": 3,
            "created_time": "2025-04-22T15:33:18.65919Z",
            "yes_price": 13,
            "no_price": 87,
            "taker_side": "no"
        },
        {
            "trade_id": "137aa0b0-693f-4987-ae0b-3edcd695950c",
            "ticker": "KXHIGHNY-25APR22-B76.5",
            "count": 4,
            "created_time": "2025-04-22T15:33:18.65919Z",
            "yes_price": 12,
            "no_price": 88,
            "taker_side": "no"
        },
        {
            "trade_id": "4820d6bc-9004-4874-80dd-159661c10642",
            "ticker": "KXHIGHNY-25APR22-B76.5",
            "count": 1,
            "created_time": "2025-04-22T15:31:04.164134Z",
            "yes_price": 13,
            "no_price": 87,
            "taker_side": "no"
        },
        {
            "trade_id": "198730ea-2558-4b69-a78f-7f76e2777679",
            "ticker": "KXHIGHNY-25APR22-B76.5",
            "count": 1,
            "created_time": "2025-04-22T15:31:03.587063Z",
            "yes_price": 14,
            "no_price": 86,
            "taker_side": "no"
        },
        {
            "trade_id": "8cb37c4e-da23-4c32-b80b-070c3b8265b1",
            "ticker": "KXHIGHNY-25APR22-B76.5",
            "count": 4,
            "created_time": "2025-04-22T15:30:04.570608Z",
            "yes_price": 15,
            "no_price": 85,
            "taker_side": "yes"
        },
        {
            "trade_id": "7a99bd25-42b1-453a-803f-9df7de4f1ae0",
            "ticker": "KXHIGHNY-25APR22-B76.5",
            "count": 4,
            "created_time": "2025-04-22T15:30:04.570608Z",
            "yes_price": 14,
            "no_price": 86,
            "taker_side": "yes"
        },
        {
            "trade_id": "722bd1b3-5448-4eed-8ca8-c485f17245d2",
            "ticker": "KXHIGHNY-25APR22-B76.5",
            "count": 41,
            "created_time": "2025-04-22T15:30:04.570608Z",
            "yes_price": 18,
            "no_price": 82,
            "taker_side": "yes"
        },
        {
            "trade_id": "2e49e155-baed-4168-8369-7278ea3e30f3",
            "ticker": "KXHIGHNY-25APR22-B76.5",
            "count": 3,
            "created_time": "2025-04-22T15:30:04.570608Z",
            "yes_price": 16,
            "no_price": 84,
            "taker_side": "yes"
        },
        {
            "trade_id": "16918cef-ca5c-4329-8c1e-32b1511f3d4b",
            "ticker": "KXHIGHNY-25APR22-B76.5",
            "count": 3,
            "created_time": "2025-04-22T15:30:04.570608Z",
            "yes_price": 13,
            "no_price": 87,
            "taker_side": "yes"
        },
        {
            "trade_id": "9ec09b3d-707c-4610-96f3-893b4ae2c1eb",
            "ticker": "KXHIGHNY-25APR22-B76.5",
            "count": 5,
            "created_time": "2025-04-22T15:29:16.375307Z",
            "yes_price": 11,
            "no_price": 89,
            "taker_side": "no"
        },
        {
            "trade_id": "8af23576-b470-408f-9531-f064eef1a247",
            "ticker": "KXHIGHNY-25APR22-B76.5",
            "count": 10,
            "created_time": "2025-04-22T15:29:16.375307Z",
            "yes_price": 10,
            "no_price": 90,
            "taker_side": "no"
        },
        {
            "trade_id": "a383374c-f8ec-4cb6-ac6b-0a70bc7ed986",
            "ticker": "KXHIGHNY-25APR22-B76.5",
            "count": 1,
            "created_time": "2025-04-22T15:27:07.485098Z",
            "yes_price": 12,
            "no_price": 88,
            "taker_side": "no"
        },
        {
            "trade_id": "558cdb51-e7b6-43bd-a962-bb7721a96858",
            "ticker": "KXHIGHNY-25APR22-B76.5",
            "count": 1,
            "created_time": "2025-04-22T15:27:07.113118Z",
            "yes_price": 12,
            "no_price": 88,
            "taker_side": "no"
        },
        {
            "trade_id": "c4d4f71f-77b6-417d-bf4a-9ce135381d6d",
            "ticker": "KXHIGHNY-25APR22-B76.5",
            "count": 2,
            "created_time": "2025-04-22T15:27:05.017773Z",
            "yes_price": 12,
            "no_price": 88,
            "taker_side": "no"
        },
        {
            "trade_id": "a78b0b0d-677d-4cf6-b85d-1471c2b47b72",
            "ticker": "KXHIGHNY-25APR22-B76.5",
            "count": 4,
            "created_time": "2025-04-22T15:24:52.092737Z",
            "yes_price": 13,
            "no_price": 87,
            "taker_side": "no"
        },
        {
            "trade_id": "88d3da5e-4eab-4bab-8725-5e484a6ac6c4",
            "ticker": "KXHIGHNY-25APR22-B76.5",
            "count": 16,
            "created_time": "2025-04-22T15:24:52.092737Z",
            "yes_price": 12,
            "no_price": 88,
            "taker_side": "no"
        },
        {
            "trade_id": "c26279ca-5e1d-4a59-b63f-297d85090968",
            "ticker": "KXHIGHNY-25APR22-B76.5",
            "count": 4,
            "created_time": "2025-04-22T15:20:20.331756Z",
            "yes_price": 14,
            "no_price": 86,
            "taker_side": "no"
        },
        {
            "trade_id": "8db64272-65c5-46c2-acf1-6cafe0e06575",
            "ticker": "KXHIGHNY-25APR22-B76.5",
            "count": 1,
            "created_time": "2025-04-22T15:20:13.744515Z",
            "yes_price": 15,
            "no_price": 85,
            "taker_side": "no"
        },
        {
            "trade_id": "edb1cd8a-4ac1-4506-a5a6-1fcefcbec298",
            "ticker": "KXHIGHNY-25APR22-B76.5",
            "count": 2,
            "created_time": "2025-04-22T15:19:20.136732Z",
            "yes_price": 16,
            "no_price": 84,
            "taker_side": "yes"
        },
        {
            "trade_id": "235a71da-e045-4af0-96cf-4cad1b29c011",
            "ticker": "KXHIGHNY-25APR22-B76.5",
            "count": 1,
            "created_time": "2025-04-22T15:19:20.136732Z",
            "yes_price": 16,
            "no_price": 84,
            "taker_side": "yes"
        },
        {
            "trade_id": "b843513a-6d19-4caa-bc2b-af39ecb31820",
            "ticker": "KXHIGHNY-25APR22-B76.5",
            "count": 2,
            "created_time": "2025-04-22T15:15:15.13819Z",
            "yes_price": 15,
            "no_price": 85,
            "taker_side": "no"
        },
        {
            "trade_id": "94ad29c4-1402-4eac-b899-b49744b9f765",
            "ticker": "KXHIGHNY-25APR22-B76.5",
            "count": 1,
            "created_time": "2025-04-22T15:14:04.748785Z",
            "yes_price": 15,
            "no_price": 85,
            "taker_side": "no"
        },
        {
            "trade_id": "8c4d1765-1ec1-4edc-aaa3-e90a63d8abef",
            "ticker": "KXHIGHNY-25APR22-B76.5",
            "count": 5,
            "created_time": "2025-04-22T15:01:42.537152Z",
            "yes_price": 13,
            "no_price": 87,
            "taker_side": "no"
        },
        {
            "trade_id": "7437d85c-f5bb-4e2c-8df9-2887ffdef084",
            "ticker": "KXHIGHNY-25APR22-B76.5",
            "count": 2,
            "created_time": "2025-04-22T15:01:42.537152Z",
            "yes_price": 13,
            "no_price": 87,
            "taker_side": "no"
        },
        {
            "trade_id": "789b2482-e449-47d0-9f36-c5c8941feb5a",
            "ticker": "KXHIGHNY-25APR22-B76.5",
            "count": 12,
            "created_time": "2025-04-22T14:57:56.716939Z",
            "yes_price": 13,
            "no_price": 87,
            "taker_side": "no"
        },
        {
            "trade_id": "800e78db-ca5f-48dd-858a-63c0c457143a",
            "ticker": "KXHIGHNY-25APR22-B76.5",
            "count": 50,
            "created_time": "2025-04-22T14:57:50.745716Z",
            "yes_price": 15,
            "no_price": 85,
            "taker_side": "no"
        },
        {
            "trade_id": "2cffafc3-59d4-4e3f-9716-d8b615ad05a1",
            "ticker": "KXHIGHNY-25APR22-B76.5",
            "count": 240,
            "created_time": "2025-04-22T14:57:50.745716Z",
            "yes_price": 14,
            "no_price": 86,
            "taker_side": "no"
        },
        {
            "trade_id": "9ec5b448-78e5-48b0-bcf6-c697c779f472",
            "ticker": "KXHIGHNY-25APR22-B76.5",
            "count": 38,
            "created_time": "2025-04-22T14:57:48.867573Z",
            "yes_price": 16,
            "no_price": 84,
            "taker_side": "no"
        },
        {
            "trade_id": "a17340b4-0129-4dbe-9fda-cebbd155972b",
            "ticker": "KXHIGHNY-25APR22-B76.5",
            "count": 3,
            "created_time": "2025-04-22T14:54:34.12077Z",
            "yes_price": 20,
            "no_price": 80,
            "taker_side": "no"
        },
        {
            "trade_id": "80cd0d6c-b35a-4091-b549-ab05ea5d9a38",
            "ticker": "KXHIGHNY-25APR22-B76.5",
            "count": 82,
            "created_time": "2025-04-22T14:49:49.742186Z",
            "yes_price": 20,
            "no_price": 80,
            "taker_side": "no"
        },
        {
            "trade_id": "20200fa5-a165-4e51-baac-7439a78944ae",
            "ticker": "KXHIGHNY-25APR22-B76.5",
            "count": 17,
            "created_time": "2025-04-22T14:49:49.742186Z",
            "yes_price": 21,
            "no_price": 79,
            "taker_side": "no"
        },
        {
            "trade_id": "0d8bd085-7075-4c85-99fe-40e92ebe9a90",
            "ticker": "KXHIGHNY-25APR22-B76.5",
            "count": 1,
            "created_time": "2025-04-22T14:49:49.742186Z",
            "yes_price": 21,
            "no_price": 79,
            "taker_side": "no"
        },
        {
            "trade_id": "cf287eb6-60ab-42de-96ba-1718782a0e2a",
            "ticker": "KXHIGHNY-25APR22-B76.5",
            "count": 41,
            "created_time": "2025-04-22T14:35:03.50212Z",
            "yes_price": 23,
            "no_price": 77,
            "taker_side": "yes"
        },
        {
            "trade_id": "7fc9629a-0bb4-4d2f-b292-b6caab637232",
            "ticker": "KXHIGHNY-25APR22-B76.5",
            "count": 1,
            "created_time": "2025-04-22T14:29:43.270017Z",
            "yes_price": 22,
            "no_price": 78,
            "taker_side": "yes"
        },
        {
            "trade_id": "eeed8375-6a79-4727-874a-76e2d0041287",
            "ticker": "KXHIGHNY-25APR22-B76.5",
            "count": 50,
            "created_time": "2025-04-22T14:24:57.938286Z",
            "yes_price": 21,
            "no_price": 79,
            "taker_side": "yes"
        },
        {
            "trade_id": "37b4e824-2256-4418-b04a-a0826c36a107",
            "ticker": "KXHIGHNY-25APR22-B76.5",
            "count": 21,
            "created_time": "2025-04-22T14:24:57.938286Z",
            "yes_price": 22,
            "no_price": 78,
            "taker_side": "yes"
        },
        {
            "trade_id": "40012cdb-0b83-4189-9de0-7cbb5cd02752",
            "ticker": "KXHIGHNY-25APR22-B76.5",
            "count": 2,
            "created_time": "2025-04-22T14:23:27.134205Z",
            "yes_price": 21,
            "no_price": 79,
            "taker_side": "no"
        },
        {
            "trade_id": "89e33b04-e145-4e4a-9118-f3d42b6301ae",
            "ticker": "KXHIGHNY-25APR22-B76.5",
            "count": 1,
            "created_time": "2025-04-22T14:21:16.682139Z",
            "yes_price": 22,
            "no_price": 78,
            "taker_side": "no"
        },
        {
            "trade_id": "f5d24958-67bb-4876-a112-d151928dfaf0",
            "ticker": "KXHIGHNY-25APR22-B76.5",
            "count": 2,
            "created_time": "2025-04-22T14:17:42.968754Z",
            "yes_price": 23,
            "no_price": 77,
            "taker_side": "yes"
        },
        {
            "trade_id": "aa25538c-4ffb-4f2b-9e3c-db4bede4d0a5",
            "ticker": "KXHIGHNY-25APR22-B76.5",
            "count": 30,
            "created_time": "2025-04-22T14:17:42.968754Z",
            "yes_price": 23,
            "no_price": 77,
            "taker_side": "yes"
        },
        {
            "trade_id": "1784c824-8dce-461b-a97f-15b83282177c",
            "ticker": "KXHIGHNY-25APR22-B76.5",
            "count": 18,
            "created_time": "2025-04-22T14:17:42.968754Z",
            "yes_price": 23,
            "no_price": 77,
            "taker_side": "yes"
        },
        {
            "trade_id": "d04cb726-3ca5-4f9e-bcbd-6386098f8594",
            "ticker": "KXHIGHNY-25APR22-B76.5",
            "count": 1,
            "created_time": "2025-04-22T14:13:44.594419Z",
            "yes_price": 23,
            "no_price": 77,
            "taker_side": "yes"
        },
        {
            "trade_id": "6034df59-2c3a-44c2-be25-fe6a57f9626c",
            "ticker": "KXHIGHNY-25APR22-B76.5",
            "count": 1,
            "created_time": "2025-04-22T14:13:23.984283Z",
            "yes_price": 23,
            "no_price": 77,
            "taker_side": "yes"
        },
        {
            "trade_id": "17742d70-060c-4dfe-b7e6-b74847045ba9",
            "ticker": "KXHIGHNY-25APR22-B76.5",
            "count": 41,
            "created_time": "2025-04-22T14:11:13.515881Z",
            "yes_price": 23,
            "no_price": 77,
            "taker_side": "yes"
        },
        {
            "trade_id": "3ec05c39-9aca-4937-bdb5-0797e641dc4d",
            "ticker": "KXHIGHNY-25APR22-B76.5",
            "count": 40,
            "created_time": "2025-04-22T14:08:00.456603Z",
            "yes_price": 22,
            "no_price": 78,
            "taker_side": "yes"
        },
        {
            "trade_id": "e76acc76-3e5a-4b38-8d5c-e13ab8625380",
            "ticker": "KXHIGHNY-25APR22-B76.5",
            "count": 16,
            "created_time": "2025-04-22T14:07:30.668506Z",
            "yes_price": 22,
            "no_price": 78,
            "taker_side": "yes"
        },
        {
            "trade_id": "bb555f80-883f-4126-8e81-2195e680b4c3",
            "ticker": "KXHIGHNY-25APR22-B76.5",
            "count": 25,
            "created_time": "2025-04-22T14:05:16.340599Z",
            "yes_price": 22,
            "no_price": 78,
            "taker_side": "yes"
        },
        {
            "trade_id": "b6fa2200-a085-4fcf-b43b-93a85dff69dd",
            "ticker": "KXHIGHNY-25APR22-B76.5",
            "count": 10,
            "created_time": "2025-04-22T14:04:42.791081Z",
            "yes_price": 23,
            "no_price": 77,
            "taker_side": "yes"
        },
        {
            "trade_id": "244f6c39-6a80-440b-a17c-e578df8ef1be",
            "ticker": "KXHIGHNY-25APR22-B76.5",
            "count": 5,
            "created_time": "2025-04-22T14:04:30.618886Z",
            "yes_price": 23,
            "no_price": 77,
            "taker_side": "yes"
        },
        {
            "trade_id": "bdd69ab4-a1da-4c75-8a80-823a3045031f",
            "ticker": "KXHIGHNY-25APR22-B76.5",
            "count": 12,
            "created_time": "2025-04-22T14:04:25.551424Z",
            "yes_price": 24,
            "no_price": 76,
            "taker_side": "no"
        },
        {
            "trade_id": "659e056b-139e-45d7-9481-045291577071",
            "ticker": "KXHIGHNY-25APR22-B76.5",
            "count": 13,
            "created_time": "2025-04-22T14:04:25.402389Z",
            "yes_price": 24,
            "no_price": 76,
            "taker_side": "no"
        },
        {
            "trade_id": "ae3bb725-1718-4440-b947-ecb07f490759",
            "ticker": "KXHIGHNY-25APR22-B76.5",
            "count": 20,
            "created_time": "2025-04-22T14:04:15.403512Z",
            "yes_price": 24,
            "no_price": 76,
            "taker_side": "yes"
        },
        {
            "trade_id": "50c00f25-cd13-4acd-a5ac-77abd7c030a2",
            "ticker": "KXHIGHNY-25APR22-B76.5",
            "count": 50,
            "created_time": "2025-04-22T14:03:38.475561Z",
            "yes_price": 22,
            "no_price": 78,
            "taker_side": "yes"
        },
        {
            "trade_id": "147d8e29-1c98-4876-85ad-3055476093b9",
            "ticker": "KXHIGHNY-25APR22-B76.5",
            "count": 2,
            "created_time": "2025-04-22T14:03:01.18597Z",
            "yes_price": 20,
            "no_price": 80,
            "taker_side": "no"
        },
        {
            "trade_id": "abf922f8-d200-4910-94e9-78d2fecbbd48",
            "ticker": "KXHIGHNY-25APR22-B76.5",
            "count": 2,
            "created_time": "2025-04-22T13:49:18.770866Z",
            "yes_price": 20,
            "no_price": 80,
            "taker_side": "no"
        },
        {
            "trade_id": "e01dcb27-82ad-4aa7-a247-4c159920fc9c",
            "ticker": "KXHIGHNY-25APR22-B76.5",
            "count": 3,
            "created_time": "2025-04-22T13:47:52.051734Z",
            "yes_price": 21,
            "no_price": 79,
            "taker_side": "yes"
        },
        {
            "trade_id": "d4b0506a-b54d-4ee0-ae29-af9973913088",
            "ticker": "KXHIGHNY-25APR22-B76.5",
            "count": 96,
            "created_time": "2025-04-22T13:47:52.051734Z",
            "yes_price": 21,
            "no_price": 79,
            "taker_side": "yes"
        },
        {
            "trade_id": "b8a295fe-e7b0-4bb2-9e25-479d0ff2a3fa",
            "ticker": "KXHIGHNY-25APR22-B76.5",
            "count": 240,
            "created_time": "2025-04-22T13:47:52.051734Z",
            "yes_price": 23,
            "no_price": 77,
            "taker_side": "yes"
        },
        {
            "trade_id": "6975e671-8905-4b2c-b5cc-681e825b61c1",
            "ticker": "KXHIGHNY-25APR22-B76.5",
            "count": 1,
            "created_time": "2025-04-22T13:47:52.051734Z",
            "yes_price": 21,
            "no_price": 79,
            "taker_side": "yes"
        },
        {
            "trade_id": "474751e5-09be-47f2-9c90-81a958139e54",
            "ticker": "KXHIGHNY-25APR22-B76.5",
            "count": 74,
            "created_time": "2025-04-22T13:47:52.051734Z",
            "yes_price": 25,
