{
    "KXHIGHNY-25JAN25-T26": [],
    "KXHIGHNY-25JAN25-B26.5": [
        {
            "trade_id": "a3ba2490-6373-46e8-804b-184f17e43f1c",
            "ticker": "KXHIGHNY-25JAN25-B26.5",
            "count": 6,
            "created_time": "2025-01-26T04:20:26.265327Z",
            "yes_price": 1,
            "no_price": 99,
            "taker_side": "yes"
        },
        {
            "trade_id": "9978e00a-ae83-4b69-8608-71fe95b54815",
            "ticker": "KXHIGHNY-25JAN25-B26.5",
            "count": 1,
            "created_time": "2025-01-25T03:51:36.652107Z",
            "yes_price": 1,
            "no_price": 99,
            "taker_side": "yes"
        },
        {
            "trade_id": "90378f62-e572-4e57-b880-6245eaafe697",
            "ticker": "KXHIGHNY-25JAN25-B26.5",
            "count": 412,
            "created_time": "2025-01-25T03:13:04.77413Z",
            "yes_price": 1,
            "no_price": 99,
            "taker_side": "yes"
        },
        {
            "trade_id": "134b085e-18a8-4aeb-b282-ce575f6755a9",
            "ticker": "KXHIGHNY-25JAN25-B26.5",
            "count": 388,
            "created_time": "2025-01-25T03:13:04.77413Z",
            "yes_price": 1,
            "no_price": 99,
            "taker_side": "yes"
        },
        {
            "trade_id": "60351c75-c3e6-4523-966b-bfbedd9c4d5f",
            "ticker": "KXHIGHNY-25JAN25-B26.5",
            "count": 300,
            "created_time": "2025-01-25T03:11:31.792819Z",
            "yes_price": 1,
            "no_price": 99,
            "taker_side": "yes"
        },
        {
            "trade_id": "16c70b38-b2e5-4fd8-b350-42445795bd77",
            "ticker": "KXHIGHNY-25JAN25-B26.5",
            "count": 156,
            "created_time": "2025-01-24T23:23:04.971945Z",
            "yes_price": 3,
            "no_price": 97,
            "taker_side": "yes"
        },
        {
            "trade_id": "8bef2989-8a30-461f-9e1a-397ada7aa3c7",
            "ticker": "KXHIGHNY-25JAN25-B26.5",
            "count": 156,
            "created_time": "2025-01-24T23:20:29.424469Z",
            "yes_price": 3,
            "no_price": 97,
            "taker_side": "yes"
        },
        {
            "trade_id": "42091ad1-7e9b-4dc9-8f9b-d551d669ee75",
            "ticker": "KXHIGHNY-25JAN25-B26.5",
            "count": 41,
            "created_time": "2025-01-24T20:50:20.213185Z",
            "yes_price": 1,
            "no_price": 99,
            "taker_side": "no"
        },
        {
            "trade_id": "45346ce7-5ec1-4764-ad8c-3ff5668fbd2d",
            "ticker": "KXHIGHNY-25JAN25-B26.5",
            "count": 6,
            "created_time": "2025-01-24T18:22:01.280873Z",
            "yes_price": 4,
            "no_price": 96,
            "taker_side": "yes"
        },
        {
            "trade_id": "17599644-6c06-4f86-849f-7713a2b4d0ea",
            "ticker": "KXHIGHNY-25JAN25-B26.5",
            "count": 17,
            "created_time": "2025-01-24T18:22:01.280873Z",
            "yes_price": 4,
            "no_price": 96,
            "taker_side": "yes"
        }
    ],
    "KXHIGHNY-25JAN25-B28.5": [
        {
            "trade_id": "8352a3e7-307a-47ed-ad92-06cd048911bf",
            "ticker": "KXHIGHNY-25JAN25-B28.5",
            "count": 200,
            "created_time": "2025-01-25T23:09:27.507655Z",
            "yes_price": 1,
            "no_price": 99,
            "taker_side": "yes"
        },
        {
            "trade_id": "c75c842e-c5b8-4f09-baa7-63e4f37a6593",
            "ticker": "KXHIGHNY-25JAN25-B28.5",
            "count": 1,
            "created_time": "2025-01-25T23:08:30.828628Z",
            "yes_price": 1,
            "no_price": 99,
            "taker_side": "yes"
        },
        {
            "trade_id": "c5f80755-06ef-45a7-a163-a240c52208d5",
            "ticker": "KXHIGHNY-25JAN25-B28.5",
            "count": 2000,
            "created_time": "2025-01-25T20:32:13.009559Z",
            "yes_price": 1,
            "no_price": 99,
            "taker_side": "yes"
        },
        {
            "trade_id": "beb007c1-7892-439e-a060-f140ed15aea4",
            "ticker": "KXHIGHNY-25JAN25-B28.5",
            "count": 4900,
            "created_time": "2025-01-25T20:32:13.009559Z",
            "yes_price": 1,
            "no_price": 99,
            "taker_side": "yes"
        },
        {
            "trade_id": "989bd194-5b6a-473c-bd74-6126e2ce75ab",
            "ticker": "KXHIGHNY-25JAN25-B28.5",
            "count": 1500,
            "created_time": "2025-01-25T20:32:13.009559Z",
            "yes_price": 1,
            "no_price": 99,
            "taker_side": "yes"
        },
        {
            "trade_id": "6703925e-f7f7-4680-ab71-ebbff856ae81",
            "ticker": "KXHIGHNY-25JAN25-B28.5",
            "count": 409,
            "created_time": "2025-01-25T20:32:13.009559Z",
            "yes_price": 1,
            "no_price": 99,
            "taker_side": "yes"
        },
        {
            "trade_id": "60bfd33d-6b99-4562-931f-eadc80719b8e",
            "ticker": "KXHIGHNY-25JAN25-B28.5",
            "count": 100,
            "created_time": "2025-01-25T20:32:13.009559Z",
            "yes_price": 1,
            "no_price": 99,
            "taker_side": "yes"
        },
        {
            "trade_id": "5257de09-e71b-46ef-938c-7271b451d8b5",
            "ticker": "KXHIGHNY-25JAN25-B28.5",
            "count": 250,
            "created_time": "2025-01-25T20:32:13.009559Z",
            "yes_price": 1,
            "no_price": 99,
            "taker_side": "yes"
        },
        {
            "trade_id": "3694188f-9caf-4d04-b79c-738f039a413f",
            "ticker": "KXHIGHNY-25JAN25-B28.5",
            "count": 2,
            "created_time": "2025-01-25T18:20:29.73304Z",
            "yes_price": 2,
            "no_price": 98,
            "taker_side": "yes"
        },
        {
            "trade_id": "f410de34-c596-4202-a63f-17db35a4facd",
            "ticker": "KXHIGHNY-25JAN25-B28.5",
            "count": 17,
            "created_time": "2025-01-25T18:17:08.334002Z",
            "yes_price": 2,
            "no_price": 98,
            "taker_side": "yes"
        },
        {
            "trade_id": "eb704ad5-b086-402c-a9d1-dec400762133",
            "ticker": "KXHIGHNY-25JAN25-B28.5",
            "count": 60,
            "created_time": "2025-01-25T18:17:08.334002Z",
            "yes_price": 3,
            "no_price": 97,
            "taker_side": "yes"
        },
        {
            "trade_id": "137a8a02-b233-413c-a62f-7c8caa1428f5",
            "ticker": "KXHIGHNY-25JAN25-B28.5",
            "count": 250,
            "created_time": "2025-01-25T18:17:08.334002Z",
            "yes_price": 1,
            "no_price": 99,
            "taker_side": "yes"
        },
        {
            "trade_id": "6efb52f4-2ea7-421b-81e0-f01f5874c52b",
            "ticker": "KXHIGHNY-25JAN25-B28.5",
            "count": 150,
            "created_time": "2025-01-25T17:57:07.603262Z",
            "yes_price": 1,
            "no_price": 99,
            "taker_side": "no"
        },
        {
            "trade_id": "5e6a6df9-b9be-4d74-89eb-1b031054d877",
            "ticker": "KXHIGHNY-25JAN25-B28.5",
            "count": 100,
            "created_time": "2025-01-25T17:56:10.590796Z",
            "yes_price": 3,
            "no_price": 97,
            "taker_side": "yes"
        },
        {
            "trade_id": "59b35f5a-b6e3-4915-a718-f97c07953e83",
            "ticker": "KXHIGHNY-25JAN25-B28.5",
            "count": 60,
            "created_time": "2025-01-25T17:53:56.562278Z",
            "yes_price": 7,
            "no_price": 93,
            "taker_side": "yes"
        },
        {
            "trade_id": "defbb7ac-e391-46d0-93fa-63a13c7323e6",
            "ticker": "KXHIGHNY-25JAN25-B28.5",
            "count": 1,
            "created_time": "2025-01-25T17:53:46.829844Z",
            "yes_price": 6,
            "no_price": 94,
            "taker_side": "no"
        },
        {
            "trade_id": "6a4dc9b9-c07b-4646-84ca-f4933deea722",
            "ticker": "KXHIGHNY-25JAN25-B28.5",
            "count": 1,
            "created_time": "2025-01-25T17:53:42.591736Z",
            "yes_price": 6,
            "no_price": 94,
            "taker_side": "no"
        },
        {
            "trade_id": "24b2d46e-6bcf-423e-a4f8-b2d93d488fa2",
            "ticker": "KXHIGHNY-25JAN25-B28.5",
            "count": 10,
            "created_time": "2025-01-25T17:53:31.589807Z",
            "yes_price": 6,
            "no_price": 94,
            "taker_side": "yes"
        },
        {
            "trade_id": "15d6b9cc-c091-4135-9b53-fccb20d4f7f4",
            "ticker": "KXHIGHNY-25JAN25-B28.5",
            "count": 3,
            "created_time": "2025-01-25T17:53:31.589807Z",
            "yes_price": 6,
            "no_price": 94,
            "taker_side": "yes"
        },
        {
            "trade_id": "b689eafc-d788-4019-870b-aa3017e69867",
            "ticker": "KXHIGHNY-25JAN25-B28.5",
            "count": 125,
            "created_time": "2025-01-25T17:52:40.335607Z",
            "yes_price": 7,
            "no_price": 93,
            "taker_side": "yes"
        },
        {
            "trade_id": "cc89f57e-56ee-4c45-bc14-8cc0a2b78977",
            "ticker": "KXHIGHNY-25JAN25-B28.5",
            "count": 75,
            "created_time": "2025-01-25T17:47:02.809041Z",
            "yes_price": 4,
            "no_price": 96,
            "taker_side": "yes"
        },
        {
            "trade_id": "df52a981-0715-41f5-8315-b8ea768d9537",
            "ticker": "KXHIGHNY-25JAN25-B28.5",
            "count": 50,
            "created_time": "2025-01-25T17:41:16.477342Z",
            "yes_price": 4,
            "no_price": 96,
            "taker_side": "yes"
        },
        {
            "trade_id": "3d3d6cb5-49f0-4698-b27f-6a1a88f9688e",
            "ticker": "KXHIGHNY-25JAN25-B28.5",
            "count": 281,
            "created_time": "2025-01-25T17:39:23.006237Z",
            "yes_price": 4,
            "no_price": 96,
            "taker_side": "yes"
        },
        {
            "trade_id": "7c4ab3cb-112c-4537-86b7-7b91a2936cf8",
            "ticker": "KXHIGHNY-25JAN25-B28.5",
            "count": 74,
            "created_time": "2025-01-25T17:28:07.457076Z",
            "yes_price": 5,
            "no_price": 95,
            "taker_side": "yes"
        },
        {
            "trade_id": "94f17f9f-cb4a-4788-935d-21f7615d5ca8",
            "ticker": "KXHIGHNY-25JAN25-B28.5",
            "count": 90,
            "created_time": "2025-01-25T17:10:17.165941Z",
            "yes_price": 2,
            "no_price": 98,
            "taker_side": "yes"
        },
        {
            "trade_id": "2d17e364-0312-4ca7-8328-276ca6591d15",
            "ticker": "KXHIGHNY-25JAN25-B28.5",
            "count": 17,
            "created_time": "2025-01-25T17:10:17.165941Z",
            "yes_price": 2,
            "no_price": 98,
            "taker_side": "yes"
        },
        {
            "trade_id": "ffdb8365-82c1-46f4-9686-a95b0b5aed2a",
            "ticker": "KXHIGHNY-25JAN25-B28.5",
            "count": 50,
            "created_time": "2025-01-25T16:53:19.171839Z",
            "yes_price": 1,
            "no_price": 99,
            "taker_side": "yes"
        },
        {
            "trade_id": "7b80a4c4-e1f0-4d3f-a86c-8aa35ba1ff98",
            "ticker": "KXHIGHNY-25JAN25-B28.5",
            "count": 100,
            "created_time": "2025-01-25T16:53:19.171839Z",
            "yes_price": 1,
            "no_price": 99,
            "taker_side": "yes"
        },
        {
            "trade_id": "4b5d7687-1ccb-482c-b753-14f52956bd74",
            "ticker": "KXHIGHNY-25JAN25-B28.5",
            "count": 1000,
            "created_time": "2025-01-25T16:53:19.171839Z",
            "yes_price": 1,
            "no_price": 99,
            "taker_side": "yes"
        },
        {
            "trade_id": "589fc632-f485-4e2b-951a-cc0845ccd5ed",
            "ticker": "KXHIGHNY-25JAN25-B28.5",
            "count": 290,
            "created_time": "2025-01-25T13:24:28.317961Z",
            "yes_price": 1,
            "no_price": 99,
            "taker_side": "no"
        },
        {
            "trade_id": "41460470-03cb-4c98-b59c-bd3dbd97f25e",
            "ticker": "KXHIGHNY-25JAN25-B28.5",
            "count": 7,
            "created_time": "2025-01-25T13:24:28.317961Z",
            "yes_price": 1,
            "no_price": 99,
            "taker_side": "no"
        },
        {
            "trade_id": "2e8c800f-bb1b-45da-9829-7e8da95d2e93",
            "ticker": "KXHIGHNY-25JAN25-B28.5",
            "count": 30,
            "created_time": "2025-01-25T13:24:28.317961Z",
            "yes_price": 1,
            "no_price": 99,
            "taker_side": "no"
        },
        {
            "trade_id": "94ce9717-9af6-4ebe-994b-ebfeba349dbc",
            "ticker": "KXHIGHNY-25JAN25-B28.5",
            "count": 10,
            "created_time": "2025-01-25T13:10:20.37476Z",
            "yes_price": 2,
            "no_price": 98,
            "taker_side": "no"
        },
        {
            "trade_id": "f57b9423-3b9f-4262-9a33-8716de2dd19c",
            "ticker": "KXHIGHNY-25JAN25-B28.5",
            "count": 48,
            "created_time": "2025-01-25T04:25:28.213124Z",
            "yes_price": 5,
            "no_price": 95,
            "taker_side": "yes"
        },
        {
            "trade_id": "f46f309f-da2c-4aaa-b9f4-66bdbeefd3e0",
            "ticker": "KXHIGHNY-25JAN25-B28.5",
            "count": 8,
            "created_time": "2025-01-25T04:25:28.213124Z",
            "yes_price": 5,
            "no_price": 95,
            "taker_side": "yes"
        },
        {
            "trade_id": "81672cd0-96c1-4f82-9f06-63e9b04f1115",
            "ticker": "KXHIGHNY-25JAN25-B28.5",
            "count": 40,
            "created_time": "2025-01-25T04:25:28.213124Z",
            "yes_price": 5,
            "no_price": 95,
            "taker_side": "yes"
        },
        {
            "trade_id": "68463680-e703-4bc9-9da2-477c97ffed16",
            "ticker": "KXHIGHNY-25JAN25-B28.5",
            "count": 985,
            "created_time": "2025-01-25T04:25:28.213124Z",
            "yes_price": 5,
            "no_price": 95,
            "taker_side": "yes"
        },
        {
            "trade_id": "53618ea4-8092-48a1-814e-23148c06b6d9",
            "ticker": "KXHIGHNY-25JAN25-B28.5",
            "count": 5,
            "created_time": "2025-01-25T04:25:28.213124Z",
            "yes_price": 5,
            "no_price": 95,
            "taker_side": "yes"
        },
        {
            "trade_id": "2d586df1-7885-44ef-b9ba-bb751671388a",
            "ticker": "KXHIGHNY-25JAN25-B28.5",
            "count": 7,
            "created_time": "2025-01-25T04:25:28.213124Z",
            "yes_price": 5,
            "no_price": 95,
            "taker_side": "yes"
        },
        {
            "trade_id": "d0e40753-df6d-4b7d-92a8-dbbf1ed8a2ce",
            "ticker": "KXHIGHNY-25JAN25-B28.5",
            "count": 30,
            "created_time": "2025-01-25T04:21:44.868758Z",
            "yes_price": 3,
            "no_price": 97,
            "taker_side": "no"
        },
        {
            "trade_id": "cbffe8c4-fa6b-406e-8c83-033e2ec0c1a7",
            "ticker": "KXHIGHNY-25JAN25-B28.5",
            "count": 15,
            "created_time": "2025-01-25T04:17:52.52627Z",
            "yes_price": 5,
            "no_price": 95,
            "taker_side": "yes"
        },
        {
            "trade_id": "9bf48dc7-85f9-41a0-9800-89e4a0b89fc1",
            "ticker": "KXHIGHNY-25JAN25-B28.5",
            "count": 485,
            "created_time": "2025-01-25T04:17:52.52627Z",
            "yes_price": 5,
            "no_price": 95,
            "taker_side": "yes"
        },
        {
            "trade_id": "276ba1dc-5ca8-4ff5-92de-203f75e6887d",
            "ticker": "KXHIGHNY-25JAN25-B28.5",
            "count": 49,
            "created_time": "2025-01-25T04:14:02.970011Z",
            "yes_price": 4,
            "no_price": 96,
            "taker_side": "yes"
        },
        {
            "trade_id": "e95ea2e4-e9dd-42c8-8237-10ace5848fd9",
            "ticker": "KXHIGHNY-25JAN25-B28.5",
            "count": 49,
            "created_time": "2025-01-25T04:12:10.694005Z",
            "yes_price": 4,
            "no_price": 96,
            "taker_side": "yes"
        },
        {
            "trade_id": "db6cf3a3-519f-414e-b075-98a9c8b08239",
            "ticker": "KXHIGHNY-25JAN25-B28.5",
            "count": 2,
            "created_time": "2025-01-25T04:12:10.694005Z",
            "yes_price": 4,
            "no_price": 96,
            "taker_side": "yes"
        },
        {
            "trade_id": "d3f862bd-ad33-4f9b-8cdc-dcdc2c260c97",
            "ticker": "KXHIGHNY-25JAN25-B28.5",
            "count": 2,
            "created_time": "2025-01-25T04:12:10.694005Z",
            "yes_price": 4,
            "no_price": 96,
            "taker_side": "yes"
        },
        {
            "trade_id": "b3bce98a-6f17-4d2c-99d6-8472d0b09c72",
            "ticker": "KXHIGHNY-25JAN25-B28.5",
            "count": 45,
            "created_time": "2025-01-25T04:12:10.694005Z",
            "yes_price": 4,
            "no_price": 96,
            "taker_side": "yes"
        },
        {
            "trade_id": "db2eafec-12a3-4d4c-9f7f-a6edbba54a13",
            "ticker": "KXHIGHNY-25JAN25-B28.5",
            "count": 1,
            "created_time": "2025-01-25T03:52:02.089138Z",
            "yes_price": 4,
            "no_price": 96,
            "taker_side": "yes"
        },
        {
            "trade_id": "d1e99ec7-6990-4005-bca1-9be4e2dc4caf",
            "ticker": "KXHIGHNY-25JAN25-B28.5",
            "count": 512,
            "created_time": "2025-01-25T03:47:47.843571Z",
            "yes_price": 5,
            "no_price": 95,
            "taker_side": "yes"
        },
        {
            "trade_id": "ac9df7d4-6329-4bcf-9232-5dc138dc77b8",
            "ticker": "KXHIGHNY-25JAN25-B28.5",
            "count": 15,
            "created_time": "2025-01-25T03:47:47.843571Z",
            "yes_price": 4,
            "no_price": 96,
            "taker_side": "yes"
        },
        {
            "trade_id": "fc317e7d-d03b-412b-bbfa-6c1a3affc496",
            "ticker": "KXHIGHNY-25JAN25-B28.5",
            "count": 10,
            "created_time": "2025-01-25T03:15:19.459911Z",
            "yes_price": 1,
            "no_price": 99,
            "taker_side": "no"
        },
        {
            "trade_id": "ee46504e-2032-4b96-bd2f-81fae3e5abc6",
            "ticker": "KXHIGHNY-25JAN25-B28.5",
            "count": 283,
            "created_time": "2025-01-25T03:12:25.40966Z",
            "yes_price": 5,
            "no_price": 95,
            "taker_side": "yes"
        },
        {
            "trade_id": "df41252d-be9b-4155-b06f-1bcbdef295aa",
            "ticker": "KXHIGHNY-25JAN25-B28.5",
            "count": 1,
            "created_time": "2025-01-25T03:12:25.40966Z",
            "yes_price": 5,
            "no_price": 95,
            "taker_side": "yes"
        },
        {
            "trade_id": "8a1ee6ba-19b6-4db4-a5b6-f39c06b37fa5",
            "ticker": "KXHIGHNY-25JAN25-B28.5",
            "count": 3,
            "created_time": "2025-01-25T03:12:25.40966Z",
            "yes_price": 5,
            "no_price": 95,
            "taker_side": "yes"
        },
        {
            "trade_id": "766dc534-ffbc-4107-9d26-a11cf5cdd791",
            "ticker": "KXHIGHNY-25JAN25-B28.5",
            "count": 13,
            "created_time": "2025-01-25T03:12:25.40966Z",
            "yes_price": 5,
            "no_price": 95,
            "taker_side": "yes"
        },
        {
            "trade_id": "77268841-4f69-4883-9204-4e3e2ba87c51",
            "ticker": "KXHIGHNY-25JAN25-B28.5",
            "count": 6,
            "created_time": "2025-01-25T00:44:56.675569Z",
            "yes_price": 4,
            "no_price": 96,
            "taker_side": "yes"
        },
        {
            "trade_id": "28f4f531-9585-4f40-b48c-ed326d1a144a",
            "ticker": "KXHIGHNY-25JAN25-B28.5",
            "count": 182,
            "created_time": "2025-01-25T00:44:56.675569Z",
            "yes_price": 5,
            "no_price": 95,
            "taker_side": "yes"
        },
        {
            "trade_id": "fa8d0ad7-c066-43b9-89bb-79193c43d5fa",
            "ticker": "KXHIGHNY-25JAN25-B28.5",
            "count": 48,
            "created_time": "2025-01-25T00:13:56.603969Z",
            "yes_price": 4,
            "no_price": 96,
            "taker_side": "yes"
        },
        {
            "trade_id": "d2513e4b-9fa3-4c18-9832-62d1783ee6ef",
            "ticker": "KXHIGHNY-25JAN25-B28.5",
            "count": 27,
            "created_time": "2025-01-25T00:13:56.603969Z",
            "yes_price": 5,
            "no_price": 95,
            "taker_side": "yes"
        },
        {
            "trade_id": "b680cfd9-8535-429c-9df2-92d0920e5159",
            "ticker": "KXHIGHNY-25JAN25-B28.5",
            "count": 9,
            "created_time": "2025-01-25T00:13:56.603969Z",
            "yes_price": 4,
            "no_price": 96,
            "taker_side": "yes"
        },
        {
            "trade_id": "a0685be7-911c-4258-932f-92ec2cb2bdb2",
            "ticker": "KXHIGHNY-25JAN25-B28.5",
            "count": 19,
            "created_time": "2025-01-25T00:13:56.603969Z",
            "yes_price": 4,
            "no_price": 96,
            "taker_side": "yes"
        },
        {
            "trade_id": "d76d9794-a2dc-460c-ae55-02e6ee86f562",
            "ticker": "KXHIGHNY-25JAN25-B28.5",
            "count": 3,
            "created_time": "2025-01-24T23:37:53.396168Z",
            "yes_price": 4,
            "no_price": 96,
            "taker_side": "yes"
        },
        {
            "trade_id": "c29f5519-4d54-42eb-8238-abf938a0781d",
            "ticker": "KXHIGHNY-25JAN25-B28.5",
            "count": 19,
            "created_time": "2025-01-24T22:53:26.970278Z",
            "yes_price": 4,
            "no_price": 96,
            "taker_side": "yes"
        },
        {
            "trade_id": "9c31add8-b66d-4605-9d4b-24e14a7f3ab6",
            "ticker": "KXHIGHNY-25JAN25-B28.5",
            "count": 22,
            "created_time": "2025-01-24T22:53:26.970278Z",
            "yes_price": 4,
            "no_price": 96,
            "taker_side": "yes"
        },
        {
            "trade_id": "95918dc4-3030-47f5-84f6-082301724b87",
            "ticker": "KXHIGHNY-25JAN25-B28.5",
            "count": 5,
            "created_time": "2025-01-24T22:53:26.970278Z",
            "yes_price": 4,
            "no_price": 96,
            "taker_side": "yes"
        },
        {
            "trade_id": "d66a9a3c-b62d-4e8c-812f-2f9c18c170df",
            "ticker": "KXHIGHNY-25JAN25-B28.5",
            "count": 33,
            "created_time": "2025-01-24T21:51:41.710126Z",
            "yes_price": 4,
            "no_price": 96,
            "taker_side": "no"
        },
        {
            "trade_id": "1bbdd9f4-6c1f-48d4-9bc2-ce6ebbf0cfa4",
            "ticker": "KXHIGHNY-25JAN25-B28.5",
            "count": 25,
            "created_time": "2025-01-24T21:00:54.89511Z",
            "yes_price": 5,
            "no_price": 95,
            "taker_side": "no"
        },
        {
            "trade_id": "855d1d9c-442d-4853-a9ff-4c7071766054",
            "ticker": "KXHIGHNY-25JAN25-B28.5",
            "count": 14,
            "created_time": "2025-01-24T21:00:37.21113Z",
            "yes_price": 5,
            "no_price": 95,
            "taker_side": "yes"
        },
        {
            "trade_id": "a8392371-b689-4b0d-96aa-9a803ff9fba4",
            "ticker": "KXHIGHNY-25JAN25-B28.5",
            "count": 38,
            "created_time": "2025-01-24T20:57:34.858426Z",
            "yes_price": 7,
            "no_price": 93,
            "taker_side": "no"
        },
        {
            "trade_id": "e18d8388-ccd3-4067-9443-48c63a76d460",
            "ticker": "KXHIGHNY-25JAN25-B28.5",
            "count": 27,
            "created_time": "2025-01-24T20:50:30.173717Z",
            "yes_price": 4,
            "no_price": 96,
            "taker_side": "no"
        },
        {
            "trade_id": "4543888b-d2e1-4b1e-b41e-6b9873f08dd7",
            "ticker": "KXHIGHNY-25JAN25-B28.5",
            "count": 4,
            "created_time": "2025-01-24T20:50:20.438755Z",
            "yes_price": 10,
            "no_price": 90,
            "taker_side": "no"
        },
        {
            "trade_id": "37aabdb7-bf17-47bb-ac23-eb7abe008924",
            "ticker": "KXHIGHNY-25JAN25-B28.5",
            "count": 37,
            "created_time": "2025-01-24T20:50:20.031869Z",
            "yes_price": 10,
            "no_price": 90,
            "taker_side": "no"
        },
        {
            "trade_id": "0d301c1a-0d33-470a-b422-7c1417f051ca",
            "ticker": "KXHIGHNY-25JAN25-B28.5",
            "count": 7,
            "created_time": "2025-01-24T18:21:53.953274Z",
            "yes_price": 13,
            "no_price": 87,
            "taker_side": "yes"
        },
        {
            "trade_id": "52b35dd3-25db-4cb0-a2e7-c1728eaf72b9",
            "ticker": "KXHIGHNY-25JAN25-B28.5",
            "count": 20,
            "created_time": "2025-01-24T16:58:00.05736Z",
            "yes_price": 11,
            "no_price": 89,
            "taker_side": "no"
        },
        {
            "trade_id": "4c1062df-dbcf-47e4-b984-cc6115797463",
            "ticker": "KXHIGHNY-25JAN25-B28.5",
            "count": 7,
            "created_time": "2025-01-24T15:24:12.293806Z",
            "yes_price": 15,
            "no_price": 85,
            "taker_side": "yes"
        },
        {
            "trade_id": "581f544b-dd65-4070-8217-f5e961e3e6cb",
            "ticker": "KXHIGHNY-25JAN25-B28.5",
            "count": 50,
            "created_time": "2025-01-24T15:17:10.984862Z",
            "yes_price": 30,
            "no_price": 70,
            "taker_side": "no"
        }
    ],
    "KXHIGHNY-25JAN25-B30.5": [
        {
            "trade_id": "aa2956a4-bccf-44e9-b0c7-71c3290ef4c4",
            "ticker": "KXHIGHNY-25JAN25-B30.5",
            "count": 93,
            "created_time": "2025-01-26T04:58:33.859323Z",
            "yes_price": 1,
            "no_price": 99,
            "taker_side": "yes"
        },
        {
            "trade_id": "672d8b39-4f1f-4d7a-9d43-abf0efcbb13e",
            "ticker": "KXHIGHNY-25JAN25-B30.5",
            "count": 93,
            "created_time": "2025-01-26T04:57:47.343965Z",
            "yes_price": 1,
            "no_price": 99,
            "taker_side": "yes"
        },
        {
            "trade_id": "f793ab19-d172-4f6e-a462-083b56a09a34",
            "ticker": "KXHIGHNY-25JAN25-B30.5",
            "count": 93,
            "created_time": "2025-01-26T04:55:10.407517Z",
            "yes_price": 1,
            "no_price": 99,
            "taker_side": "yes"
        },
        {
            "trade_id": "d45dbba8-5c0a-4b77-9284-b777c5e34e32",
            "ticker": "KXHIGHNY-25JAN25-B30.5",
            "count": 93,
            "created_time": "2025-01-26T04:38:43.504408Z",
            "yes_price": 1,
            "no_price": 99,
            "taker_side": "yes"
        },
        {
            "trade_id": "18a29eb4-6098-4a1b-95a2-43da5858cfd5",
            "ticker": "KXHIGHNY-25JAN25-B30.5",
            "count": 100,
            "created_time": "2025-01-26T04:29:48.786066Z",
            "yes_price": 1,
            "no_price": 99,
            "taker_side": "yes"
        },
        {
            "trade_id": "b87cab5a-d6e5-450a-896a-36edca38e00d",
            "ticker": "KXHIGHNY-25JAN25-B30.5",
            "count": 1191,
            "created_time": "2025-01-26T03:14:10.81653Z",
            "yes_price": 1,
            "no_price": 99,
            "taker_side": "yes"
        },
        {
            "trade_id": "8dd50bf4-838c-477b-aa5f-e1878bd3db7a",
            "ticker": "KXHIGHNY-25JAN25-B30.5",
            "count": 339,
            "created_time": "2025-01-26T02:58:20.248859Z",
            "yes_price": 1,
            "no_price": 99,
            "taker_side": "yes"
        },
        {
            "trade_id": "0cdc024b-26ea-4c43-9e35-20c48c74e1b5",
            "ticker": "KXHIGHNY-25JAN25-B30.5",
            "count": 595,
            "created_time": "2025-01-26T02:58:20.248859Z",
            "yes_price": 1,
            "no_price": 99,
            "taker_side": "yes"
        },
        {
            "trade_id": "7cd400ae-8203-48d4-abab-ebac5632b2fc",
            "ticker": "KXHIGHNY-25JAN25-B30.5",
            "count": 93,
            "created_time": "2025-01-26T02:12:33.063496Z",
            "yes_price": 1,
            "no_price": 99,
            "taker_side": "yes"
        },
        {
            "trade_id": "c3d22e75-8175-4c30-ad6a-6672d441937d",
            "ticker": "KXHIGHNY-25JAN25-B30.5",
            "count": 50,
            "created_time": "2025-01-26T02:07:05.069447Z",
            "yes_price": 1,
            "no_price": 99,
            "taker_side": "yes"
        },
        {
            "trade_id": "b0732198-5846-41c3-beee-e8e1c9091efa",
            "ticker": "KXHIGHNY-25JAN25-B30.5",
            "count": 93,
            "created_time": "2025-01-26T02:06:46.823352Z",
            "yes_price": 1,
            "no_price": 99,
            "taker_side": "yes"
        },
        {
            "trade_id": "32a9cc33-2372-4a2a-80c7-44eed09b59ca",
            "ticker": "KXHIGHNY-25JAN25-B30.5",
            "count": 93,
            "created_time": "2025-01-26T02:04:35.138452Z",
            "yes_price": 1,
            "no_price": 99,
            "taker_side": "yes"
        },
        {
            "trade_id": "996fbeaf-e796-440b-8757-50c76ef3c4f2",
            "ticker": "KXHIGHNY-25JAN25-B30.5",
            "count": 1215,
            "created_time": "2025-01-26T01:49:48.545408Z",
            "yes_price": 1,
            "no_price": 99,
            "taker_side": "yes"
        },
        {
            "trade_id": "707b72d1-aa0c-4391-b1a1-92bbd8bff39f",
            "ticker": "KXHIGHNY-25JAN25-B30.5",
            "count": 1000,
            "created_time": "2025-01-26T01:38:58.436242Z",
            "yes_price": 1,
            "no_price": 99,
            "taker_side": "yes"
        },
        {
            "trade_id": "2faeadc8-3364-4f87-aeea-ba820b6b94b3",
            "ticker": "KXHIGHNY-25JAN25-B30.5",
            "count": 50,
            "created_time": "2025-01-26T01:38:11.188912Z",
            "yes_price": 1,
            "no_price": 99,
            "taker_side": "yes"
        },
        {
            "trade_id": "757a4ef2-bb59-413b-b15a-966ab0abc16b",
            "ticker": "KXHIGHNY-25JAN25-B30.5",
            "count": 3000,
            "created_time": "2025-01-26T01:19:37.974847Z",
            "yes_price": 1,
            "no_price": 99,
            "taker_side": "yes"
        },
        {
            "trade_id": "b423a0c4-1cd5-4242-80b3-5b0532639d3e",
            "ticker": "KXHIGHNY-25JAN25-B30.5",
            "count": 3647,
            "created_time": "2025-01-26T01:19:24.039268Z",
            "yes_price": 1,
            "no_price": 99,
            "taker_side": "yes"
        },
        {
            "trade_id": "3e92c151-ccba-4b83-b7e9-93929789e9de",
            "ticker": "KXHIGHNY-25JAN25-B30.5",
            "count": 5000,
            "created_time": "2025-01-26T01:10:51.352319Z",
            "yes_price": 1,
            "no_price": 99,
            "taker_side": "yes"
        },
        {
            "trade_id": "864528b2-5022-418d-bafb-e3cb676e1e42",
            "ticker": "KXHIGHNY-25JAN25-B30.5",
            "count": 187,
            "created_time": "2025-01-26T01:08:27.337253Z",
            "yes_price": 1,
            "no_price": 99,
            "taker_side": "yes"
        },
        {
            "trade_id": "3bfda53d-ec19-49b1-a486-7a5ea160cb04",
            "ticker": "KXHIGHNY-25JAN25-B30.5",
            "count": 86,
            "created_time": "2025-01-26T01:08:19.93626Z",
            "yes_price": 1,
            "no_price": 99,
            "taker_side": "yes"
        },
        {
            "trade_id": "60ebecd2-6f44-4bcc-8de9-00a6c0adc453",
            "ticker": "KXHIGHNY-25JAN25-B30.5",
            "count": 1,
            "created_time": "2025-01-26T01:04:42.203402Z",
            "yes_price": 1,
            "no_price": 99,
            "taker_side": "yes"
        },
        {
            "trade_id": "cfc70a85-8be7-44d6-9a59-64ae6f8b9f24",
            "ticker": "KXHIGHNY-25JAN25-B30.5",
            "count": 4321,
            "created_time": "2025-01-26T00:21:42.780218Z",
            "yes_price": 1,
            "no_price": 99,
            "taker_side": "yes"
        },
        {
            "trade_id": "0ce7d853-2fd5-40b2-9f64-9394a063afa4",
            "ticker": "KXHIGHNY-25JAN25-B30.5",
            "count": 4890,
            "created_time": "2025-01-26T00:21:42.780218Z",
            "yes_price": 1,
            "no_price": 99,
            "taker_side": "yes"
        },
        {
            "trade_id": "96f9b882-2fb9-4f17-9427-7460def6fdb3",
            "ticker": "KXHIGHNY-25JAN25-B30.5",
            "count": 935,
            "created_time": "2025-01-26T00:16:39.075383Z",
            "yes_price": 1,
            "no_price": 99,
            "taker_side": "yes"
        },
        {
            "trade_id": "a416add2-c27b-4ec6-ad23-2ffbef3c04f5",
            "ticker": "KXHIGHNY-25JAN25-B30.5",
            "count": 93,
            "created_time": "2025-01-26T00:08:57.87351Z",
            "yes_price": 1,
            "no_price": 99,
            "taker_side": "yes"
        },
        {
            "trade_id": "6b72d065-7fd2-46e3-9406-95cd835587ed",
            "ticker": "KXHIGHNY-25JAN25-B30.5",
            "count": 206,
            "created_time": "2025-01-26T00:01:25.856586Z",
            "yes_price": 1,
            "no_price": 99,
            "taker_side": "yes"
        },
        {
            "trade_id": "242fd2cf-2107-4cb0-8d1e-1ec8b3b487db",
            "ticker": "KXHIGHNY-25JAN25-B30.5",
            "count": 709,
            "created_time": "2025-01-26T00:01:25.856586Z",
            "yes_price": 1,
            "no_price": 99,
            "taker_side": "yes"
        },
        {
            "trade_id": "88f0f247-0f26-4c3e-a88b-529187b46b39",
            "ticker": "KXHIGHNY-25JAN25-B30.5",
            "count": 443,
            "created_time": "2025-01-25T23:58:46.553952Z",
            "yes_price": 1,
            "no_price": 99,
            "taker_side": "yes"
        },
        {
            "trade_id": "cb22b783-91c5-4116-9603-6379f244ca4b",
            "ticker": "KXHIGHNY-25JAN25-B30.5",
            "count": 313,
            "created_time": "2025-01-25T23:55:45.787019Z",
            "yes_price": 1,
            "no_price": 99,
            "taker_side": "yes"
        },
        {
            "trade_id": "7ead9f1c-dc5e-4d8f-8bc7-818d1a687b3d",
            "ticker": "KXHIGHNY-25JAN25-B30.5",
            "count": 374,
            "created_time": "2025-01-25T23:55:01.541227Z",
            "yes_price": 1,
            "no_price": 99,
            "taker_side": "yes"
        },
        {
            "trade_id": "b095f0f7-8c8a-4ac5-8867-6a48c76619f0",
            "ticker": "KXHIGHNY-25JAN25-B30.5",
            "count": 154,
            "created_time": "2025-01-25T23:54:26.120911Z",
            "yes_price": 1,
            "no_price": 99,
            "taker_side": "yes"
        },
        {
            "trade_id": "cb2632f8-0937-4ad0-92cb-125535ef8444",
            "ticker": "KXHIGHNY-25JAN25-B30.5",
            "count": 3,
            "created_time": "2025-01-25T23:53:59.830869Z",
            "yes_price": 1,
            "no_price": 99,
            "taker_side": "yes"
        },
        {
            "trade_id": "cbd037a0-f0a4-40bd-a156-7c21bfcb21c3",
            "ticker": "KXHIGHNY-25JAN25-B30.5",
            "count": 47,
            "created_time": "2025-01-25T23:53:41.87146Z",
            "yes_price": 1,
            "no_price": 99,
            "taker_side": "yes"
        },
        {
            "trade_id": "6c134110-640f-494c-b98b-4019d0f8d986",
            "ticker": "KXHIGHNY-25JAN25-B30.5",
            "count": 2,
            "created_time": "2025-01-25T23:53:37.292618Z",
            "yes_price": 1,
            "no_price": 99,
            "taker_side": "yes"
        },
        {
            "trade_id": "6c6c1bae-f0ea-4ffd-8c26-f650939decf3",
            "ticker": "KXHIGHNY-25JAN25-B30.5",
            "count": 1417,
            "created_time": "2025-01-25T23:53:36.798336Z",
            "yes_price": 1,
            "no_price": 99,
            "taker_side": "no"
        },
        {
            "trade_id": "f6f2d68b-7cda-4af6-8820-dcfc49e6a2fb",
            "ticker": "KXHIGHNY-25JAN25-B30.5",
            "count": 3,
            "created_time": "2025-01-25T23:53:27.796795Z",
            "yes_price": 30,
            "no_price": 70,
            "taker_side": "no"
        },
        {
            "trade_id": "e7ddcf08-e26d-4a28-89ac-ca74399a0629",
            "ticker": "KXHIGHNY-25JAN25-B30.5",
            "count": 4,
            "created_time": "2025-01-25T23:53:27.796795Z",
            "yes_price": 31,
            "no_price": 69,
            "taker_side": "no"
        },
        {
            "trade_id": "e691ad8c-e532-4f5f-9a79-ea864f107662",
            "ticker": "KXHIGHNY-25JAN25-B30.5",
            "count": 420,
            "created_time": "2025-01-25T23:53:27.796795Z",
            "yes_price": 26,
            "no_price": 74,
            "taker_side": "no"
        },
        {
            "trade_id": "cc2021ad-a4bf-482e-80d6-07a1e17495fd",
            "ticker": "KXHIGHNY-25JAN25-B30.5",
            "count": 4,
            "created_time": "2025-01-25T23:53:27.796795Z",
            "yes_price": 2,
            "no_price": 98,
            "taker_side": "no"
        },
        {
            "trade_id": "a10d1aab-76ea-4bcd-998f-f68fe6e07221",
            "ticker": "KXHIGHNY-25JAN25-B30.5",
            "count": 100,
            "created_time": "2025-01-25T23:53:27.796795Z",
            "yes_price": 1,
            "no_price": 99,
            "taker_side": "no"
        },
        {
            "trade_id": "8884f591-7756-46b5-b570-25309bab3057",
            "ticker": "KXHIGHNY-25JAN25-B30.5",
            "count": 300,
            "created_time": "2025-01-25T23:53:27.796795Z",
            "yes_price": 2,
            "no_price": 98,
            "taker_side": "no"
        },
        {
            "trade_id": "86f7bfe2-89fc-4641-b404-b23fe602fadd",
            "ticker": "KXHIGHNY-25JAN25-B30.5",
            "count": 1000,
            "created_time": "2025-01-25T23:53:27.796795Z",
            "yes_price": 15,
            "no_price": 85,
            "taker_side": "no"
        },
        {
            "trade_id": "56e4d680-999b-4940-add5-015cec2b012e",
            "ticker": "KXHIGHNY-25JAN25-B30.5",
            "count": 158,
            "created_time": "2025-01-25T23:53:27.796795Z",
            "yes_price": 1,
            "no_price": 99,
            "taker_side": "no"
        },
        {
            "trade_id": "43c19a38-bd36-40bc-9921-510a1beb3638",
            "ticker": "KXHIGHNY-25JAN25-B30.5",
            "count": 1,
            "created_time": "2025-01-25T23:53:27.796795Z",
            "yes_price": 49,
            "no_price": 51,
            "taker_side": "no"
        },
        {
            "trade_id": "2dc2fdcd-6172-45c2-965b-d826b8369c4c",
            "ticker": "KXHIGHNY-25JAN25-B30.5",
            "count": 1,
            "created_time": "2025-01-25T23:53:27.796795Z",
            "yes_price": 2,
            "no_price": 98,
            "taker_side": "no"
        },
        {
            "trade_id": "154eccec-40d9-4a35-8999-23ce6a661e97",
            "ticker": "KXHIGHNY-25JAN25-B30.5",
            "count": 9,
            "created_time": "2025-01-25T23:53:27.796795Z",
            "yes_price": 28,
            "no_price": 72,
            "taker_side": "no"
        },
        {
            "trade_id": "83be184a-d718-4c49-8bca-0965985d1075",
            "ticker": "KXHIGHNY-25JAN25-B30.5",
            "count": 1,
            "created_time": "2025-01-25T23:47:28.698019Z",
            "yes_price": 64,
            "no_price": 36,
            "taker_side": "no"
        },
        {
            "trade_id": "c1842ee9-ee1d-43bd-8ac8-487b958f4afb",
            "ticker": "KXHIGHNY-25JAN25-B30.5",
            "count": 119,
            "created_time": "2025-01-25T23:46:26.413492Z",
            "yes_price": 63,
            "no_price": 37,
            "taker_side": "yes"
        },
        {
            "trade_id": "f3e5f0de-aa4a-40d5-902b-dcba355d3efe",
            "ticker": "KXHIGHNY-25JAN25-B30.5",
            "count": 6,
            "created_time": "2025-01-25T23:46:26.35259Z",
            "yes_price": 64,
            "no_price": 36,
            "taker_side": "no"
        },
        {
            "trade_id": "a4e87fad-6957-4b80-8e61-c3f2a9db20b7",
            "ticker": "KXHIGHNY-25JAN25-B30.5",
            "count": 40,
            "created_time": "2025-01-25T23:46:26.35259Z",
            "yes_price": 66,
            "no_price": 34,
            "taker_side": "no"
        },
        {
            "trade_id": "6e61c6cd-5fc3-4a26-ad75-fb358db9b6ac",
            "ticker": "KXHIGHNY-25JAN25-B30.5",
            "count": 1,
            "created_time": "2025-01-25T23:46:26.35259Z",
            "yes_price": 70,
            "no_price": 30,
            "taker_side": "no"
        },
        {
            "trade_id": "34fc3f0b-2202-4ddf-a769-ed83be1fd17a",
            "ticker": "KXHIGHNY-25JAN25-B30.5",
            "count": 26,
            "created_time": "2025-01-25T23:45:02.36112Z",
            "yes_price": 71,
            "no_price": 29,
            "taker_side": "yes"
        },
        {
            "trade_id": "caef08f7-7913-42ed-aa0b-f3372a3b1fdc",
            "ticker": "KXHIGHNY-25JAN25-B30.5",
            "count": 1,
            "created_time": "2025-01-25T23:41:09.574602Z",
            "yes_price": 72,
            "no_price": 28,
            "taker_side": "yes"
        },
        {
            "trade_id": "ba4df26e-6e55-4c77-b686-acd931310390",
            "ticker": "KXHIGHNY-25JAN25-B30.5",
            "count": 10,
            "created_time": "2025-01-25T23:38:32.022985Z",
            "yes_price": 75,
            "no_price": 25,
            "taker_side": "yes"
        },
        {
            "trade_id": "9008146e-433b-4361-b793-ab0833b41662",
            "ticker": "KXHIGHNY-25JAN25-B30.5",
            "count": 20,
            "created_time": "2025-01-25T23:38:01.798593Z",
            "yes_price": 76,
            "no_price": 24,
            "taker_side": "yes"
        },
        {
            "trade_id": "d453c599-8de4-4ac8-8f6d-517b10dec739",
            "ticker": "KXHIGHNY-25JAN25-B30.5",
            "count": 2,
            "created_time": "2025-01-25T23:36:35.215496Z",
            "yes_price": 70,
            "no_price": 30,
            "taker_side": "no"
        },
        {
            "trade_id": "06aee653-670b-47d1-ae26-2ba792bb398d",
            "ticker": "KXHIGHNY-25JAN25-B30.5",
            "count": 1,
            "created_time": "2025-01-25T23:35:49.584246Z",
            "yes_price": 70,
            "no_price": 30,
            "taker_side": "no"
        },
        {
            "trade_id": "1c2d0d91-5258-49bf-95dc-eb2e6a35cf6e",
            "ticker": "KXHIGHNY-25JAN25-B30.5",
            "count": 11,
            "created_time": "2025-01-25T23:34:38.939163Z",
            "yes_price": 75,
            "no_price": 25,
            "taker_side": "yes"
        },
        {
            "trade_id": "10a104e8-4310-4732-bc56-699c22f20091",
            "ticker": "KXHIGHNY-25JAN25-B30.5",
            "count": 11,
            "created_time": "2025-01-25T23:34:38.939163Z",
            "yes_price": 74,
            "no_price": 26,
            "taker_side": "yes"
        },
        {
            "trade_id": "f5a13637-9e82-4a67-bc85-e52eb3aae6a4",
            "ticker": "KXHIGHNY-25JAN25-B30.5",
            "count": 3,
            "created_time": "2025-01-25T23:34:34.589317Z",
            "yes_price": 72,
            "no_price": 28,
            "taker_side": "yes"
        },
        {
            "trade_id": "374dddfb-3891-4f89-88e0-ac9209e5a575",
            "ticker": "KXHIGHNY-25JAN25-B30.5",
            "count": 97,
            "created_time": "2025-01-25T23:34:34.589317Z",
            "yes_price": 75,
            "no_price": 25,
            "taker_side": "yes"
        },
        {
            "trade_id": "7ad48724-8cb9-41aa-89a2-d0aebefe0cfc",
            "ticker": "KXHIGHNY-25JAN25-B30.5",
            "count": 1,
            "created_time": "2025-01-25T23:33:51.96561Z",
            "yes_price": 68,
            "no_price": 32,
            "taker_side": "no"
        },
        {
            "trade_id": "a9f5d8a7-c50e-4057-b4e2-f483062f0e52",
            "ticker": "KXHIGHNY-25JAN25-B30.5",
            "count": 17,
            "created_time": "2025-01-25T23:31:30.638983Z",
            "yes_price": 67,
            "no_price": 33,
            "taker_side": "no"
        },
        {
            "trade_id": "d142459b-7917-4a3e-8ef5-e6c9fb152750",
            "ticker": "KXHIGHNY-25JAN25-B30.5",
            "count": 3,
            "created_time": "2025-01-25T23:30:23.639531Z",
            "yes_price": 70,
            "no_price": 30,
            "taker_side": "no"
        },
        {
            "trade_id": "179cc005-0f96-4a80-9458-099850cea055",
            "ticker": "KXHIGHNY-25JAN25-B30.5",
            "count": 3,
            "created_time": "2025-01-25T23:29:17.611223Z",
            "yes_price": 75,
            "no_price": 25,
            "taker_side": "no"
        },
        {
            "trade_id": "bff1fca9-0d71-444d-b54a-ec333f3dd93c",
            "ticker": "KXHIGHNY-25JAN25-B30.5",
            "count": 30,
            "created_time": "2025-01-25T23:24:23.167506Z",
            "yes_price": 75,
            "no_price": 25,
            "taker_side": "yes"
        },
        {
            "trade_id": "bc62f686-3fa0-4c7a-afde-6c236df7e7aa",
            "ticker": "KXHIGHNY-25JAN25-B30.5",
            "count": 28,
            "created_time": "2025-01-25T23:24:23.167506Z",
            "yes_price": 74,
            "no_price": 26,
            "taker_side": "yes"
        },
        {
            "trade_id": "98bd8aec-0628-485a-bedf-0cf115bee8ce",
            "ticker": "KXHIGHNY-25JAN25-B30.5",
            "count": 50,
            "created_time": "2025-01-25T23:20:17.612394Z",
            "yes_price": 75,
            "no_price": 25,
            "taker_side": "yes"
        },
        {
            "trade_id": "c7a95303-2dc4-40a5-8083-74406f42495c",
            "ticker": "KXHIGHNY-25JAN25-B30.5",
            "count": 9,
            "created_time": "2025-01-25T23:19:28.020554Z",
            "yes_price": 79,
            "no_price": 21,
            "taker_side": "yes"
        },
        {
            "trade_id": "1454fec7-6511-44d9-8c5a-e9001aaac405",
            "ticker": "KXHIGHNY-25JAN25-B30.5",
            "count": 1,
            "created_time": "2025-01-25T23:19:28.020554Z",
            "yes_price": 73,
            "no_price": 27,
            "taker_side": "yes"
        },
        {
            "trade_id": "07c7795e-60bf-4dc5-a9a3-88d230047971",
            "ticker": "KXHIGHNY-25JAN25-B30.5",
            "count": 48,
            "created_time": "2025-01-25T23:18:31.117936Z",
            "yes_price": 76,
            "no_price": 24,
            "taker_side": "no"
        },
        {
            "trade_id": "88d6c34f-18d5-490e-8f9e-6732da1372fa",
            "ticker": "KXHIGHNY-25JAN25-B30.5",
            "count": 2,
            "created_time": "2025-01-25T23:18:23.735699Z",
            "yes_price": 76,
            "no_price": 24,
            "taker_side": "no"
        },
        {
            "trade_id": "e0a4fede-af86-4993-8500-52c12b36ba1a",
            "ticker": "KXHIGHNY-25JAN25-B30.5",
            "count": 1,
            "created_time": "2025-01-25T23:17:48.733659Z",
            "yes_price": 77,
            "no_price": 23,
            "taker_side": "yes"
        },
        {
            "trade_id": "b8adc0b2-00e3-4d72-b335-e4df012c2d7a",
            "ticker": "KXHIGHNY-25JAN25-B30.5",
            "count": 23,
            "created_time": "2025-01-25T23:17:48.733659Z",
            "yes_price": 80,
            "no_price": 20,
            "taker_side": "yes"
        },
        {
            "trade_id": "9d4de9e0-9cbf-45cc-88b5-74705937fcc7",
            "ticker": "KXHIGHNY-25JAN25-B30.5",
            "count": 10,
            "created_time": "2025-01-25T23:16:52.553953Z",
            "yes_price": 69,
            "no_price": 31,
            "taker_side": "no"
        },
        {
            "trade_id": "fcf2db38-3275-48b4-a192-f6597a45942b",
            "ticker": "KXHIGHNY-25JAN25-B30.5",
            "count": 40,
            "created_time": "2025-01-25T23:15:44.871988Z",
            "yes_price": 79,
            "no_price": 21,
            "taker_side": "yes"
        },
        {
            "trade_id": "a11f3418-9147-4fe4-8ab6-409e923f121e",
            "ticker": "KXHIGHNY-25JAN25-B30.5",
            "count": 5,
            "created_time": "2025-01-25T23:15:44.871988Z",
            "yes_price": 78,
            "no_price": 22,
            "taker_side": "yes"
        },
        {
            "trade_id": "8e3bdb6f-8d76-43e2-8384-7edeb0dd302f",
            "ticker": "KXHIGHNY-25JAN25-B30.5",
            "count": 166,
            "created_time": "2025-01-25T23:15:44.871988Z",
            "yes_price": 80,
            "no_price": 20,
            "taker_side": "yes"
        },
        {
            "trade_id": "33025027-f96e-4c81-9193-30895c6c0063",
            "ticker": "KXHIGHNY-25JAN25-B30.5",
            "count": 3,
            "created_time": "2025-01-25T23:14:24.826805Z",
            "yes_price": 64,
            "no_price": 36,
            "taker_side": "no"
        },
        {
            "trade_id": "690f795f-a313-4505-918c-b13f97695826",
            "ticker": "KXHIGHNY-25JAN25-B30.5",
            "count": 6,
            "created_time": "2025-01-25T23:13:51.655042Z",
            "yes_price": 78,
            "no_price": 22,
            "taker_side": "yes"
        },
        {
            "trade_id": "c7e9f897-d406-4426-aa11-8f83d79c9b73",
            "ticker": "KXHIGHNY-25JAN25-B30.5",
            "count": 11,
            "created_time": "2025-01-25T23:11:37.845856Z",
            "yes_price": 60,
            "no_price": 40,
            "taker_side": "no"
        },
        {
            "trade_id": "eedffa3c-92a6-40d9-9c5a-957800d99261",
            "ticker": "KXHIGHNY-25JAN25-B30.5",
            "count": 1,
            "created_time": "2025-01-25T23:10:32.816533Z",
            "yes_price": 27,
            "no_price": 73,
            "taker_side": "no"
        },
        {
            "trade_id": "af32f50b-20ec-4847-b9e5-1a0d34a135f6",
            "ticker": "KXHIGHNY-25JAN25-B30.5",
            "count": 3,
            "created_time": "2025-01-25T23:10:32.816533Z",
            "yes_price": 78,
            "no_price": 22,
            "taker_side": "no"
        },
        {
            "trade_id": "69700077-02d6-4aa6-8bab-e17323f9e018",
            "ticker": "KXHIGHNY-25JAN25-B30.5",
            "count": 2,
            "created_time": "2025-01-25T23:09:58.78871Z",
            "yes_price": 80,
            "no_price": 20,
            "taker_side": "yes"
        },
        {
            "trade_id": "56a54cba-aca7-43e7-9387-c3fa240f685e",
            "ticker": "KXHIGHNY-25JAN25-B30.5",
            "count": 1,
            "created_time": "2025-01-25T23:09:58.78871Z",
            "yes_price": 79,
            "no_price": 21,
            "taker_side": "yes"
        },
        {
            "trade_id": "5e6184f0-86e6-4f21-a6f0-f3ddd00e8e3a",
            "ticker": "KXHIGHNY-25JAN25-B30.5",
            "count": 3,
            "created_time": "2025-01-25T23:08:02.767114Z",
            "yes_price": 78,
            "no_price": 22,
            "taker_side": "yes"
        },
        {
            "trade_id": "3879a2ff-0934-4a44-95a6-370b82f15a26",
            "ticker": "KXHIGHNY-25JAN25-B30.5",
            "count": 1,
            "created_time": "2025-01-25T23:07:53.972639Z",
            "yes_price": 78,
            "no_price": 22,
            "taker_side": "yes"
        },
        {
            "trade_id": "c860a812-f801-4ec5-a5e5-26f3b6c1f44b",
            "ticker": "KXHIGHNY-25JAN25-B30.5",
            "count": 7,
            "created_time": "2025-01-25T23:07:41.957079Z",
            "yes_price": 78,
            "no_price": 22,
            "taker_side": "yes"
        },
        {
            "trade_id": "07e2f1f6-6e99-4ce4-bfdd-277e8e9eb646",
            "ticker": "KXHIGHNY-25JAN25-B30.5",
            "count": 1,
            "created_time": "2025-01-25T23:03:34.503862Z",
            "yes_price": 75,
            "no_price": 25,
            "taker_side": "no"
        },
        {
            "trade_id": "aa4fd560-c0a8-467b-89a0-a120c7645516",
            "ticker": "KXHIGHNY-25JAN25-B30.5",
            "count": 8,
            "created_time": "2025-01-25T23:03:34.260558Z",
            "yes_price": 76,
            "no_price": 24,
            "taker_side": "no"
        },
        {
            "trade_id": "f4fae243-d196-4ef4-9808-676f036bc205",
            "ticker": "KXHIGHNY-25JAN25-B30.5",
            "count": 7,
            "created_time": "2025-01-25T23:02:05.387443Z",
            "yes_price": 78,
            "no_price": 22,
            "taker_side": "yes"
        },
        {
            "trade_id": "a6786a58-0d30-478b-a321-e5045207f88a",
            "ticker": "KXHIGHNY-25JAN25-B30.5",
            "count": 28,
            "created_time": "2025-01-25T23:02:05.313564Z",
            "yes_price": 80,
            "no_price": 20,
            "taker_side": "no"
        },
        {
            "trade_id": "9cbfffd0-a31d-4bfb-9707-0741fdd2f032",
            "ticker": "KXHIGHNY-25JAN25-B30.5",
            "count": 2,
            "created_time": "2025-01-25T23:02:05.313564Z",
            "yes_price": 79,
            "no_price": 21,
            "taker_side": "no"
        },
        {
            "trade_id": "dc7105d1-6e7f-419d-80ba-4eacfd718a9f",
            "ticker": "KXHIGHNY-25JAN25-B30.5",
            "count": 2,
            "created_time": "2025-01-25T23:01:54.328724Z",
            "yes_price": 81,
            "no_price": 19,
            "taker_side": "no"
        },
        {
            "trade_id": "78884a80-9820-4620-9572-bea4dd069279",
            "ticker": "KXHIGHNY-25JAN25-B30.5",
            "count": 28,
            "created_time": "2025-01-25T23:01:00.742442Z",
            "yes_price": 78,
            "no_price": 22,
            "taker_side": "no"
        },
        {
            "trade_id": "9e61555f-7a99-4ad3-9c85-fb63c2e52363",
            "ticker": "KXHIGHNY-25JAN25-B30.5",
            "count": 1,
            "created_time": "2025-01-25T22:59:45.826024Z",
            "yes_price": 89,
            "no_price": 11,
            "taker_side": "yes"
        },
        {
            "trade_id": "1259835b-73cf-43e4-be7a-06a1c1bfd206",
            "ticker": "KXHIGHNY-25JAN25-B30.5",
            "count": 2,
            "created_time": "2025-01-25T22:59:32.923219Z",
            "yes_price": 89,
            "no_price": 11,
            "taker_side": "yes"
        },
        {
            "trade_id": "b6420b59-cd4a-4a47-a60d-b56ca9fc72f1",
            "ticker": "KXHIGHNY-25JAN25-B30.5",
            "count": 2,
            "created_time": "2025-01-25T22:58:32.921484Z",
            "yes_price": 89,
            "no_price": 11,
            "taker_side": "yes"
        },
        {
            "trade_id": "e77fd8ff-ceb8-448f-9e29-393f16721436",
            "ticker": "KXHIGHNY-25JAN25-B30.5",
            "count": 3,
            "created_time": "2025-01-25T22:58:23.41047Z",
            "yes_price": 89,
            "no_price": 11,
            "taker_side": "yes"
        },
        {
            "trade_id": "37672f81-d091-425d-8456-f837d75c39a3",
            "ticker": "KXHIGHNY-25JAN25-B30.5",
            "count": 2,
            "created_time": "2025-01-25T22:58:16.759515Z",
            "yes_price": 89,
            "no_price": 11,
            "taker_side": "yes"
        },
        {
            "trade_id": "e0603fbf-f793-4580-8de9-cf7770fcb334",
            "ticker": "KXHIGHNY-25JAN25-B30.5",
            "count": 4,
            "created_time": "2025-01-25T22:58:09.705323Z",
            "yes_price": 81,
            "no_price": 19,
            "taker_side": "no"
        },
        {
            "trade_id": "a7c3de17-f569-47af-9b31-de38671d32f1",
            "ticker": "KXHIGHNY-25JAN25-B30.5",
            "count": 1,
            "created_time": "2025-01-25T22:57:16.616707Z",
            "yes_price": 81,
            "no_price": 19,
            "taker_side": "no"
        },
        {
            "trade_id": "ad301030-37e0-4af3-b2d7-1fc05ce2a704",
            "ticker": "KXHIGHNY-25JAN25-B30.5",
            "count": 1,
            "created_time": "2025-01-25T22:56:49.579783Z",
            "yes_price": 92,
            "no_price": 8,
            "taker_side": "yes"
        },
        {
            "trade_id": "95ea4287-3002-48fc-a138-57631c8b42ef",
            "ticker": "KXHIGHNY-25JAN25-B30.5",
            "count": 7,
            "created_time": "2025-01-25T22:56:26.920853Z",
            "yes_price": 94,
            "no_price": 6,
            "taker_side": "yes"
        },
        {
            "trade_id": "c30a52b3-b878-47c0-8451-ea853a362160",
            "ticker": "KXHIGHNY-25JAN25-B30.5",
            "count": 4,
            "created_time": "2025-01-25T22:56:19.050387Z",
            "yes_price": 94,
            "no_price": 6,
            "taker_side": "no"
        },
        {
            "trade_id": "71c7eae5-3459-4999-b37c-7f8b48e2f57c",
            "ticker": "KXHIGHNY-25JAN25-B30.5",
            "count": 5,
            "created_time": "2025-01-25T22:56:18.992061Z",
            "yes_price": 94,
            "no_price": 6,
            "taker_side": "yes"
        },
        {
            "trade_id": "825046d2-c28a-4b93-ae77-f719cadcff79",
            "ticker": "KXHIGHNY-25JAN25-B30.5",
            "count": 4,
            "created_time": "2025-01-25T22:56:07.822613Z",
            "yes_price": 94,
            "no_price": 6,
            "taker_side": "yes"
        },
        {
            "trade_id": "849c8fa5-dbca-4495-854d-4b5c1c5ec034",
            "ticker": "KXHIGHNY-25JAN25-B30.5",
            "count": 30,
            "created_time": "2025-01-25T22:55:28.110651Z",
            "yes_price": 87,
            "no_price": 13,
            "taker_side": "yes"
        },
        {
            "trade_id": "280167a7-5d4e-4974-aed9-a0c9fcba67a6",
            "ticker": "KXHIGHNY-25JAN25-B30.5",
            "count": 40,
            "created_time": "2025-01-25T22:55:28.110651Z",
            "yes_price": 95,
            "no_price": 5,
            "taker_side": "yes"
        },
        {
            "trade_id": "8564cabd-8741-4368-adc2-8db554f2b5e7",
            "ticker": "KXHIGHNY-25JAN25-B30.5",
            "count": 37,
            "created_time": "2025-01-25T22:53:09.574038Z",
            "yes_price": 89,
            "no_price": 11,
            "taker_side": "yes"
        },
        {
            "trade_id": "c5f9f479-bbad-4057-9e4e-c976fddc2ba7",
            "ticker": "KXHIGHNY-25JAN25-B30.5",
            "count": 3,
            "created_time": "2025-01-25T22:52:32.946285Z",
            "yes_price": 94,
            "no_price": 6,
            "taker_side": "yes"
        },
        {
            "trade_id": "eb0c23cb-d192-4304-9216-c152302c6ec4",
            "ticker": "KXHIGHNY-25JAN25-B30.5",
            "count": 3,
            "created_time": "2025-01-25T22:52:31.99899Z",
            "yes_price": 77,
            "no_price": 23,
            "taker_side": "no"
        },
        {
            "trade_id": "fb226d01-50fa-40ab-bd1e-f6123662e2a9",
            "ticker": "KXHIGHNY-25JAN25-B30.5",
            "count": 15,
            "created_time": "2025-01-25T22:52:31.713868Z",
            "yes_price": 79,
            "no_price": 21,
            "taker_side": "no"
        },
        {
            "trade_id": "f4d8c275-baa6-4a30-982c-5b2918aeae70",
            "ticker": "KXHIGHNY-25JAN25-B30.5",
            "count": 3,
            "created_time": "2025-01-25T22:52:31.713868Z",
            "yes_price": 3,
            "no_price": 97,
            "taker_side": "no"
        },
        {
            "trade_id": "10700104-c375-4190-b6b0-a1b9ef291cf3",
            "ticker": "KXHIGHNY-25JAN25-B30.5",
            "count": 2,
            "created_time": "2025-01-25T22:52:31.713868Z",
            "yes_price": 78,
            "no_price": 22,
            "taker_side": "no"
        },
        {
            "trade_id": "0ba0a079-b628-4ff1-8346-17eabaf016d4",
            "ticker": "KXHIGHNY-25JAN25-B30.5",
            "count": 1,
            "created_time": "2025-01-25T22:52:31.713868Z",
            "yes_price": 10,
            "no_price": 90,
            "taker_side": "no"
        },
        {
            "trade_id": "8275a196-c246-4f62-b53a-574a09914d84",
            "ticker": "KXHIGHNY-25JAN25-B30.5",
            "count": 21,
            "created_time": "2025-01-25T22:52:20.661449Z",
            "yes_price": 77,
            "no_price": 23,
            "taker_side": "no"
        },
        {
            "trade_id": "c4d46c23-1877-4ba6-8dd7-ffb881cd55e4",
            "ticker": "KXHIGHNY-25JAN25-B30.5",
            "count": 15,
            "created_time": "2025-01-25T22:52:14.348283Z",
            "yes_price": 79,
            "no_price": 21,
            "taker_side": "no"
        },
        {
            "trade_id": "53bb0a33-9d70-4feb-a55b-a58f486909e7",
            "ticker": "KXHIGHNY-25JAN25-B30.5",
            "count": 6,
            "created_time": "2025-01-25T22:52:14.348283Z",
            "yes_price": 79,
            "no_price": 21,
            "taker_side": "no"
        },
        {
            "trade_id": "98432e9a-a7a8-4e84-b9e5-28512ba6144a",
            "ticker": "KXHIGHNY-25JAN25-B30.5",
            "count": 4,
            "created_time": "2025-01-25T22:51:54.827484Z",
            "yes_price": 76,
            "no_price": 24,
            "taker_side": "no"
        },
        {
            "trade_id": "2a5d8053-2107-40b4-828c-b0a729606208",
            "ticker": "KXHIGHNY-25JAN25-B30.5",
            "count": 3,
            "created_time": "2025-01-25T22:51:54.827484Z",
            "yes_price": 90,
            "no_price": 10,
            "taker_side": "no"
        },
        {
            "trade_id": "17665cca-d838-4405-a5cf-8323aeea2f31",
            "ticker": "KXHIGHNY-25JAN25-B30.5",
            "count": 4,
            "created_time": "2025-01-25T22:41:57.001009Z",
            "yes_price": 93,
            "no_price": 7,
            "taker_side": "no"
        },
        {
            "trade_id": "9a9e7cca-0915-4ef6-a4ce-c6758ac1431f",
            "ticker": "KXHIGHNY-25JAN25-B30.5",
            "count": 50,
            "created_time": "2025-01-25T22:33:12.422815Z",
            "yes_price": 98,
            "no_price": 2,
            "taker_side": "yes"
        },
        {
            "trade_id": "9a489d13-7ca7-46bd-9d46-45a5b0dd6418",
            "ticker": "KXHIGHNY-25JAN25-B30.5",
            "count": 4,
            "created_time": "2025-01-25T21:58:03.457891Z",
            "yes_price": 98,
            "no_price": 2,
            "taker_side": "yes"
        },
        {
            "trade_id": "f92f47b2-1475-4091-b3bf-cd8486098fe8",
            "ticker": "KXHIGHNY-25JAN25-B30.5",
            "count": 353,
            "created_time": "2025-01-25T21:57:38.334278Z",
            "yes_price": 99,
            "no_price": 1,
            "taker_side": "no"
        },
        {
            "trade_id": "6017e465-0638-4475-80a9-21a7f2cfe6b4",
            "ticker": "KXHIGHNY-25JAN25-B30.5",
            "count": 8,
            "created_time": "2025-01-25T21:57:09.898091Z",
            "yes_price": 98,
            "no_price": 2,
            "taker_side": "yes"
        },
        {
            "trade_id": "3ec4935b-2635-43c9-901a-933ab0af9854",
            "ticker": "KXHIGHNY-25JAN25-B30.5",
            "count": 724,
            "created_time": "2025-01-25T21:57:09.898091Z",
            "yes_price": 99,
            "no_price": 1,
            "taker_side": "yes"
        },
        {
            "trade_id": "b734fa5b-38cf-41ca-a668-43c517bf0ffd",
            "ticker": "KXHIGHNY-25JAN25-B30.5",
            "count": 4,
            "created_time": "2025-01-25T21:55:22.38468Z",
            "yes_price": 92,
            "no_price": 8,
            "taker_side": "no"
        },
        {
            "trade_id": "6df4f358-9ac6-464c-b431-69be996070cc",
            "ticker": "KXHIGHNY-25JAN25-B30.5",
            "count": 4,
            "created_time": "2025-01-25T21:55:22.38468Z",
            "yes_price": 72,
            "no_price": 28,
            "taker_side": "no"
        },
        {
            "trade_id": "6c088617-9f97-4d09-a81f-7717be94b9f3",
            "ticker": "KXHIGHNY-25JAN25-B30.5",
            "count": 63,
            "created_time": "2025-01-25T21:55:22.38468Z",
            "yes_price": 91,
            "no_price": 9,
            "taker_side": "no"
        },
        {
            "trade_id": "6001c0cd-2001-4afc-8f03-421a7a7bd806",
            "ticker": "KXHIGHNY-25JAN25-B30.5",
            "count": 1,
            "created_time": "2025-01-25T21:55:22.38468Z",
            "yes_price": 65,
            "no_price": 35,
            "taker_side": "no"
        },
        {
            "trade_id": "18943539-6ff5-4371-a234-1a00e295c35c",
            "ticker": "KXHIGHNY-25JAN25-B30.5",
            "count": 3,
            "created_time": "2025-01-25T21:55:22.38468Z",
            "yes_price": 83,
            "no_price": 17,
            "taker_side": "no"
        },
        {
            "trade_id": "d1bbd5a8-50c0-469b-8d6e-99471267c36a",
            "ticker": "KXHIGHNY-25JAN25-B30.5",
            "count": 5,
            "created_time": "2025-01-25T21:51:17.051793Z",
            "yes_price": 94,
            "no_price": 6,
            "taker_side": "no"
        },
        {
            "trade_id": "4c9098d4-fd40-4eac-b408-9c1dfa52c0f2",
            "ticker": "KXHIGHNY-25JAN25-B30.5",
            "count": 166,
            "created_time": "2025-01-25T21:51:17.051793Z",
            "yes_price": 91,
            "no_price": 9,
            "taker_side": "no"
        },
        {
            "trade_id": "180b44f5-f651-47dd-9201-eb8f704e24d6",
            "ticker": "KXHIGHNY-25JAN25-B30.5",
            "count": 329,
            "created_time": "2025-01-25T21:51:17.051793Z",
            "yes_price": 92,
            "no_price": 8,
            "taker_side": "no"
        },
        {
            "trade_id": "85d05214-72f5-4aca-ac4f-8d613f95d878",
            "ticker": "KXHIGHNY-25JAN25-B30.5",
            "count": 476,
            "created_time": "2025-01-25T21:47:00.819556Z",
            "yes_price": 99,
            "no_price": 1,
            "taker_side": "no"
        },
        {
            "trade_id": "8066187a-e747-4e57-86b3-e8c15161e0af",
            "ticker": "KXHIGHNY-25JAN25-B30.5",
            "count": 1744,
            "created_time": "2025-01-25T21:47:00.819556Z",
            "yes_price": 99,
            "no_price": 1,
            "taker_side": "no"
        },
        {
            "trade_id": "9544c405-44d2-4ef2-9c90-21884bfec9da",
            "ticker": "KXHIGHNY-25JAN25-B30.5",
            "count": 1000,
            "created_time": "2025-01-25T21:46:49.156637Z",
            "yes_price": 99,
            "no_price": 1,
            "taker_side": "no"
        },
        {
            "trade_id": "9230b08f-290d-4212-80f1-51eacc00ed3c",
            "ticker": "KXHIGHNY-25JAN25-B30.5",
            "count": 106,
            "created_time": "2025-01-25T21:45:37.159004Z",
            "yes_price": 99,
            "no_price": 1,
            "taker_side": "no"
        },
        {
            "trade_id": "fd938682-a52d-46c4-90dc-a15c015eae42",
            "ticker": "KXHIGHNY-25JAN25-B30.5",
            "count": 377,
            "created_time": "2025-01-25T21:43:42.584371Z",
            "yes_price": 98,
            "no_price": 2,
            "taker_side": "yes"
        },
        {
            "trade_id": "de2493c9-3868-471a-aa6a-8d7ee4d7c3ac",
            "ticker": "KXHIGHNY-25JAN25-B30.5",
            "count": 126,
            "created_time": "2025-01-25T21:43:42.584371Z",
            "yes_price": 99,
            "no_price": 1,
            "taker_side": "yes"
        },
        {
            "trade_id": "d6dca0d9-23aa-43d0-9008-4cb4fdde687e",
            "ticker": "KXHIGHNY-25JAN25-B30.5",
            "count": 1000,
            "created_time": "2025-01-25T21:43:42.584371Z",
            "yes_price": 99,
            "no_price": 1,
            "taker_side": "yes"
        },
        {
            "trade_id": "c49c6e88-0e10-4b3b-9574-7dfc693fa25f",
            "ticker": "KXHIGHNY-25JAN25-B30.5",
            "count": 50,
            "created_time": "2025-01-25T21:43:42.584371Z",
            "yes_price": 99,
            "no_price": 1,
            "taker_side": "yes"
        },
        {
            "trade_id": "5dbe4ca3-133e-4888-94b6-9dbe3c3f0bc3",
            "ticker": "KXHIGHNY-25JAN25-B30.5",
            "count": 30,
            "created_time": "2025-01-25T21:43:42.584371Z",
            "yes_price": 98,
            "no_price": 2,
            "taker_side": "yes"
        },
        {
            "trade_id": "54dfb8ea-d8e3-4db5-9503-d1ed469b9c01",
            "ticker": "KXHIGHNY-25JAN25-B30.5",
            "count": 25,
            "created_time": "2025-01-25T21:43:15.455632Z",
            "yes_price": 97,
            "no_price": 3,
            "taker_side": "yes"
        },
        {
            "trade_id": "389173f4-9c58-4be8-8a9a-0ea5f3a8653c",
            "ticker": "KXHIGHNY-25JAN25-B30.5",
            "count": 829,
            "created_time": "2025-01-25T21:43:15.455632Z",
            "yes_price": 98,
            "no_price": 2,
            "taker_side": "yes"
        },
        {
            "trade_id": "cfce66bc-1ab9-4125-bf91-154a68b1c365",
            "ticker": "KXHIGHNY-25JAN25-B30.5",
            "count": 7,
            "created_time": "2025-01-25T21:42:58.300943Z",
            "yes_price": 97,
            "no_price": 3,
            "taker_side": "yes"
        },
        {
            "trade_id": "38522972-d9ec-462b-aef7-5ad6c130e6be",
            "ticker": "KXHIGHNY-25JAN25-B30.5",
            "count": 1,
            "created_time": "2025-01-25T21:42:58.300943Z",
            "yes_price": 97,
            "no_price": 3,
            "taker_side": "yes"
        },
        {
            "trade_id": "124ae695-7957-4017-8000-ea4f27493afc",
            "ticker": "KXHIGHNY-25JAN25-B30.5",
            "count": 43,
            "created_time": "2025-01-25T21:42:35.36277Z",
            "yes_price": 97,
            "no_price": 3,
            "taker_side": "yes"
        },
        {
            "trade_id": "007f29f7-cb54-4fd9-936a-a91caa4c130d",
            "ticker": "KXHIGHNY-25JAN25-B30.5",
            "count": 368,
            "created_time": "2025-01-25T21:42:35.36277Z",
            "yes_price": 97,
            "no_price": 3,
            "taker_side": "yes"
        },
        {
            "trade_id": "f4f29f0a-4608-4423-ae6c-ad171a3758c7",
            "ticker": "KXHIGHNY-25JAN25-B30.5",
            "count": 100,
            "created_time": "2025-01-25T21:42:21.755259Z",
            "yes_price": 97,
            "no_price": 3,
            "taker_side": "yes"
        },
        {
            "trade_id": "84acb815-393e-421e-a8ba-fa3a73e06b67",
            "ticker": "KXHIGHNY-25JAN25-B30.5",
            "count": 100,
            "created_time": "2025-01-25T21:42:21.755259Z",
            "yes_price": 96,
            "no_price": 4,
            "taker_side": "yes"
        },
        {
            "trade_id": "452fe562-534f-4242-8196-22d431e87096",
            "ticker": "KXHIGHNY-25JAN25-B30.5",
            "count": 315,
            "created_time": "2025-01-25T21:42:21.755259Z",
            "yes_price": 97,
            "no_price": 3,
            "taker_side": "yes"
        },
        {
            "trade_id": "b73c878c-bcb1-45d3-9349-7e56693ff7a6",
            "ticker": "KXHIGHNY-25JAN25-B30.5",
            "count": 7,
            "created_time": "2025-01-25T21:41:18.788849Z",
            "yes_price": 92,
            "no_price": 8,
            "taker_side": "no"
        },
        {
            "trade_id": "a2873b5c-8e03-45cb-9cf1-92d251c7a863",
            "ticker": "KXHIGHNY-25JAN25-B30.5",
            "count": 3,
            "created_time": "2025-01-25T21:40:58.577267Z",
            "yes_price": 92,
            "no_price": 8,
            "taker_side": "no"
        },
        {
            "trade_id": "27a59cad-9da8-4657-ae83-ae662d226d6e",
            "ticker": "KXHIGHNY-25JAN25-B30.5",
            "count": 208,
            "created_time": "2025-01-25T21:40:58.577267Z",
            "yes_price": 92,
            "no_price": 8,
            "taker_side": "no"
        },
        {
            "trade_id": "ff9cb722-aed1-4fa4-b404-ae4a80aa8bb2",
            "ticker": "KXHIGHNY-25JAN25-B30.5",
            "count": 1,
            "created_time": "2025-01-25T21:38:22.940588Z",
            "yes_price": 97,
            "no_price": 3,
            "taker_side": "yes"
        },
        {
            "trade_id": "736f8a39-ecba-4935-8296-f232945b1a53",
            "ticker": "KXHIGHNY-25JAN25-B30.5",
            "count": 33,
            "created_time": "2025-01-25T21:38:22.940588Z",
            "yes_price": 98,
            "no_price": 2,
            "taker_side": "yes"
        },
        {
            "trade_id": "35d51035-8154-4472-aa38-21971bd9dd15",
            "ticker": "KXHIGHNY-25JAN25-B30.5",
            "count": 368,
            "created_time": "2025-01-25T21:38:22.940588Z",
            "yes_price": 98,
            "no_price": 2,
            "taker_side": "yes"
        },
        {
            "trade_id": "77b2fbcc-93ba-40f8-b78d-e19a2d199f61",
            "ticker": "KXHIGHNY-25JAN25-B30.5",
            "count": 104,
            "created_time": "2025-01-25T21:37:56.233798Z",
            "yes_price": 98,
            "no_price": 2,
            "taker_side": "yes"
        },
        {
            "trade_id": "7364a941-cd56-42c7-af4c-adcdad01b248",
            "ticker": "KXHIGHNY-25JAN25-B30.5",
            "count": 145,
            "created_time": "2025-01-25T21:37:56.233798Z",
            "yes_price": 96,
            "no_price": 4,
            "taker_side": "yes"
        },
        {
            "trade_id": "28de0274-8754-483e-bcf6-d36c7d729bd1",
            "ticker": "KXHIGHNY-25JAN25-B30.5",
            "count": 8,
            "created_time": "2025-01-25T21:37:56.233798Z",
            "yes_price": 95,
            "no_price": 5,
            "taker_side": "yes"
        },
        {
            "trade_id": "b9a3d8e8-3a95-4fd7-b6e9-a90a4c43133c",
            "ticker": "KXHIGHNY-25JAN25-B30.5",
            "count": 9,
            "created_time": "2025-01-25T21:36:52.620691Z",
            "yes_price": 87,
            "no_price": 13,
            "taker_side": "no"
        },
        {
            "trade_id": "9f38f6f4-16d9-444d-ac71-2d7c2562e0b9",
            "ticker": "KXHIGHNY-25JAN25-B30.5",
            "count": 2,
            "created_time": "2025-01-25T21:36:52.620691Z",
            "yes_price": 85,
            "no_price": 15,
            "taker_side": "no"
        },
        {
            "trade_id": "56ee8d7f-7e14-48b2-b130-e120b8e53ee7",
            "ticker": "KXHIGHNY-25JAN25-B30.5",
            "count": 273,
            "created_time": "2025-01-25T21:36:52.620691Z",
            "yes_price": 85,
            "no_price": 15,
            "taker_side": "no"
        },
        {
            "trade_id": "f76b79a0-bd6e-4bcc-bce6-88bd73912de3",
            "ticker": "KXHIGHNY-25JAN25-B30.5",
            "count": 1,
            "created_time": "2025-01-25T21:36:46.28455Z",
            "yes_price": 97,
            "no_price": 3,
            "taker_side": "yes"
        },
        {
            "trade_id": "34ff96e8-8b2e-4aa7-ab68-12ee72954136",
            "ticker": "KXHIGHNY-25JAN25-B30.5",
            "count": 4,
            "created_time": "2025-01-25T21:36:46.28455Z",
            "yes_price": 98,
            "no_price": 2,
            "taker_side": "yes"
        },
        {
            "trade_id": "dd576952-40f8-4761-9e96-766d4fe74a79",
            "ticker": "KXHIGHNY-25JAN25-B30.5",
            "count": 9,
            "created_time": "2025-01-25T21:36:05.692387Z",
            "yes_price": 98,
            "no_price": 2,
            "taker_side": "yes"
        },
        {
            "trade_id": "bb013c10-89f4-4df7-83f1-162bdf2112c9",
            "ticker": "KXHIGHNY-25JAN25-B30.5",
            "count": 50,
            "created_time": "2025-01-25T21:36:05.692387Z",
            "yes_price": 98,
            "no_price": 2,
            "taker_side": "yes"
        },
        {
            "trade_id": "86385316-413b-4795-a279-45e29a15ddc9",
            "ticker": "KXHIGHNY-25JAN25-B30.5",
            "count": 57,
            "created_time": "2025-01-25T21:36:05.692387Z",
            "yes_price": 97,
            "no_price": 3,
            "taker_side": "yes"
        },
        {
            "trade_id": "4db1702a-e64b-41d8-9d86-fd34171871f9",
            "ticker": "KXHIGHNY-25JAN25-B30.5",
            "count": 48,
            "created_time": "2025-01-25T21:36:05.692387Z",
            "yes_price": 97,
            "no_price": 3,
            "taker_side": "yes"
        },
        {
            "trade_id": "2a2a812f-08ca-4394-a5c4-91fd64a7aaed",
            "ticker": "KXHIGHNY-25JAN25-B30.5",
            "count": 1,
            "created_time": "2025-01-25T21:36:05.692387Z",
            "yes_price": 96,
            "no_price": 4,
            "taker_side": "yes"
        },
        {
            "trade_id": "1a920fec-36ff-409e-bb77-3882edfa00c3",
            "ticker": "KXHIGHNY-25JAN25-B30.5",
            "count": 100,
            "created_time": "2025-01-25T21:36:05.692387Z",
            "yes_price": 98,
            "no_price": 2,
            "taker_side": "yes"
        },
        {
            "trade_id": "f043ad84-32a9-424b-9d2e-ad8e1af309a8",
            "ticker": "KXHIGHNY-25JAN25-B30.5",
            "count": 1,
            "created_time": "2025-01-25T21:35:50.685362Z",
            "yes_price": 96,
            "no_price": 4,
            "taker_side": "yes"
        },
        {
            "trade_id": "4c542a6b-1a6a-4a86-bef1-bbe368e73c4d",
            "ticker": "KXHIGHNY-25JAN25-B30.5",
            "count": 42,
            "created_time": "2025-01-25T21:35:36.318147Z",
            "yes_price": 96,
            "no_price": 4,
            "taker_side": "no"
        },
        {
            "trade_id": "70dd6666-a882-4bf3-9434-8e72023d77eb",
            "ticker": "KXHIGHNY-25JAN25-B30.5",
            "count": 100,
            "created_time": "2025-01-25T21:35:35.61275Z",
            "yes_price": 96,
            "no_price": 4,
            "taker_side": "no"
        },
        {
            "trade_id": "d72529c5-9d2e-41fa-934c-2bf71fc7c11b",
            "ticker": "KXHIGHNY-25JAN25-B30.5",
            "count": 1,
            "created_time": "2025-01-25T21:35:35.358977Z",
            "yes_price": 96,
            "no_price": 4,
            "taker_side": "no"
        },
        {
            "trade_id": "0a9f3287-718d-4642-a7a6-eb6582a96893",
            "ticker": "KXHIGHNY-25JAN25-B30.5",
            "count": 37,
            "created_time": "2025-01-25T21:35:33.552786Z",
            "yes_price": 96,
            "no_price": 4,
            "taker_side": "no"
        },
        {
            "trade_id": "eaa71899-b735-480b-9027-fa1c269c8acb",
            "ticker": "KXHIGHNY-25JAN25-B30.5",
            "count": 100,
            "created_time": "2025-01-25T21:35:33.275567Z",
            "yes_price": 96,
            "no_price": 4,
            "taker_side": "no"
        },
        {
            "trade_id": "177dcfa8-8562-4b3f-9a13-97371be261b0",
            "ticker": "KXHIGHNY-25JAN25-B30.5",
            "count": 3,
            "created_time": "2025-01-25T21:35:32.99949Z",
            "yes_price": 96,
            "no_price": 4,
            "taker_side": "no"
        },
        {
            "trade_id": "b7c35682-6b6d-45ff-8090-eb5e85264d3e",
            "ticker": "KXHIGHNY-25JAN25-B30.5",
            "count": 50,
            "created_time": "2025-01-25T21:35:32.758639Z",
            "yes_price": 95,
            "no_price": 5,
            "taker_side": "yes"
        },
        {
            "trade_id": "9148ac31-b698-4cf4-aafc-1d683e102354",
            "ticker": "KXHIGHNY-25JAN25-B30.5",
            "count": 38,
            "created_time": "2025-01-25T21:35:32.758639Z",
            "yes_price": 92,
            "no_price": 8,
            "taker_side": "yes"
        },
        {
            "trade_id": "71cc10fa-380f-41fa-8e08-ac56fa03a35d",
            "ticker": "KXHIGHNY-25JAN25-B30.5",
            "count": 3,
            "created_time": "2025-01-25T21:35:32.758639Z",
            "yes_price": 91,
            "no_price": 9,
            "taker_side": "yes"
        },
        {
            "trade_id": "1bd4fdd8-a0ce-488b-8da3-6eed520d20d5",
            "ticker": "KXHIGHNY-25JAN25-B30.5",
            "count": 39,
            "created_time": "2025-01-25T21:35:32.758639Z",
            "yes_price": 93,
            "no_price": 7,
            "taker_side": "yes"
        },
        {
            "trade_id": "728c1c2f-bab2-409b-b265-648efa4b2547",
            "ticker": "KXHIGHNY-25JAN25-B30.5",
            "count": 1,
            "created_time": "2025-01-25T21:35:21.25672Z",
            "yes_price": 89,
            "no_price": 11,
            "taker_side": "yes"
        },
        {
            "trade_id": "dbb722d8-4807-4995-9b9d-48ce330e55c9",
            "ticker": "KXHIGHNY-25JAN25-B30.5",
            "count": 4,
            "created_time": "2025-01-25T21:34:14.079039Z",
            "yes_price": 89,
            "no_price": 11,
            "taker_side": "yes"
        },
        {
            "trade_id": "c6152603-ec30-4d98-b471-606d750a47e7",
            "ticker": "KXHIGHNY-25JAN25-B30.5",
            "count": 1,
            "created_time": "2025-01-25T21:33:13.582235Z",
            "yes_price": 91,
            "no_price": 9,
            "taker_side": "yes"
        },
        {
            "trade_id": "ff0a3e7f-6e5a-42f4-aff9-7161eca7cd20",
            "ticker": "KXHIGHNY-25JAN25-B30.5",
            "count": 789,
            "created_time": "2025-01-25T21:31:52.352905Z",
            "yes_price": 84,
            "no_price": 16,
            "taker_side": "yes"
        },
        {
            "trade_id": "4047a6b4-b383-44d1-9ec8-36326639d6e7",
            "ticker": "KXHIGHNY-25JAN25-B30.5",
            "count": 3,
            "created_time": "2025-01-25T21:31:52.352905Z",
            "yes_price": 83,
            "no_price": 17,
            "taker_side": "yes"
        },
        {
            "trade_id": "97386134-8382-4217-84da-de884ae4f2b5",
            "ticker": "KXHIGHNY-25JAN25-B30.5",
            "count": 8,
            "created_time": "2025-01-25T21:31:47.249242Z",
            "yes_price": 81,
            "no_price": 19,
            "taker_side": "no"
        },
        {
            "trade_id": "2bc0211d-844a-47b0-b3f1-94719140a827",
            "ticker": "KXHIGHNY-25JAN25-B30.5",
            "count": 8,
            "created_time": "2025-01-25T21:31:24.395716Z",
            "yes_price": 84,
            "no_price": 16,
            "taker_side": "no"
        },
        {
            "trade_id": "d5c39aed-f115-4c96-8fbd-1d899ccd1eed",
            "ticker": "KXHIGHNY-25JAN25-B30.5",
            "count": 108,
            "created_time": "2025-01-25T21:27:51.062903Z",
            "yes_price": 92,
            "no_price": 8,
            "taker_side": "yes"
        },
        {
            "trade_id": "624deadd-be4c-4ce4-9727-2c5bcaa6580d",
            "ticker": "KXHIGHNY-25JAN25-B30.5",
            "count": 61,
            "created_time": "2025-01-25T21:27:27.052941Z",
            "yes_price": 92,
            "no_price": 8,
            "taker_side": "yes"
        },
        {
            "trade_id": "36a3501b-a38d-4fd6-97ec-9375692ec148",
            "ticker": "KXHIGHNY-25JAN25-B30.5",
            "count": 39,
            "created_time": "2025-01-25T21:27:27.052941Z",
            "yes_price": 92,
            "no_price": 8,
            "taker_side": "yes"
        },
        {
            "trade_id": "e26a4e71-5fbc-4cbc-9851-66f067908c1b",
            "ticker": "KXHIGHNY-25JAN25-B30.5",
            "count": 15,
            "created_time": "2025-01-25T21:24:18.549964Z",
            "yes_price": 94,
            "no_price": 6,
            "taker_side": "yes"
        },
        {
            "trade_id": "a87399d3-6dd4-48c8-bc46-fa646cde5a56",
            "ticker": "KXHIGHNY-25JAN25-B30.5",
            "count": 5,
            "created_time": "2025-01-25T21:24:18.549964Z",
            "yes_price": 94,
            "no_price": 6,
            "taker_side": "yes"
        },
        {
            "trade_id": "20e2d5ff-6cf8-4198-83ed-e341204f1a12",
            "ticker": "KXHIGHNY-25JAN25-B30.5",
            "count": 40,
            "created_time": "2025-01-25T21:22:10.563243Z",
            "yes_price": 90,
            "no_price": 10,
            "taker_side": "yes"
        },
        {
            "trade_id": "1446fafd-d8d3-49ae-9d6c-0cf794e4f935",
            "ticker": "KXHIGHNY-25JAN25-B30.5",
            "count": 1,
            "created_time": "2025-01-25T21:22:10.563243Z",
            "yes_price": 88,
            "no_price": 12,
            "taker_side": "yes"
        },
        {
            "trade_id": "04c5bfcf-d31a-45bf-bd32-e61ea5faf9f6",
            "ticker": "KXHIGHNY-25JAN25-B30.5",
            "count": 22,
            "created_time": "2025-01-25T21:22:10.563243Z",
            "yes_price": 84,
            "no_price": 16,
            "taker_side": "yes"
        },
        {
            "trade_id": "be7e7889-f7de-497a-b242-224fd89e95c6",
            "ticker": "KXHIGHNY-25JAN25-B30.5",
            "count": 1,
            "created_time": "2025-01-25T21:18:36.981539Z",
            "yes_price": 83,
            "no_price": 17,
            "taker_side": "yes"
        },
        {
            "trade_id": "246fe3cf-31f3-4f81-b22f-c6ca1d0ddcb8",
            "ticker": "KXHIGHNY-25JAN25-B30.5",
            "count": 4,
            "created_time": "2025-01-25T21:18:08.693325Z",
            "yes_price": 83,
            "no_price": 17,
            "taker_side": "yes"
        },
        {
            "trade_id": "213d54a8-9390-402c-b266-686d25e8fb34",
            "ticker": "KXHIGHNY-25JAN25-B30.5",
            "count": 4,
            "created_time": "2025-01-25T21:18:00.99304Z",
            "yes_price": 83,
            "no_price": 17,
            "taker_side": "yes"
        },
        {
            "trade_id": "a4f4e6df-e09e-48df-a8cd-be5fa8421d7b",
            "ticker": "KXHIGHNY-25JAN25-B30.5",
            "count": 2,
            "created_time": "2025-01-25T21:17:47.645189Z",
            "yes_price": 84,
            "no_price": 16,
            "taker_side": "yes"
        },
        {
            "trade_id": "409495c5-915f-4ef8-af71-fbf5ad75d574",
            "ticker": "KXHIGHNY-25JAN25-B30.5",
            "count": 5,
            "created_time": "2025-01-25T21:17:47.645189Z",
            "yes_price": 83,
            "no_price": 17,
            "taker_side": "yes"
        },
        {
            "trade_id": "1961403d-8224-4b83-817e-9aaade84fd84",
            "ticker": "KXHIGHNY-25JAN25-B30.5",
            "count": 11,
            "created_time": "2025-01-25T21:17:38.546434Z",
            "yes_price": 83,
            "no_price": 17,
            "taker_side": "yes"
        },
        {
            "trade_id": "733d9b91-b83d-4712-9f8a-b03041785e2a",
            "ticker": "KXHIGHNY-25JAN25-B30.5",
            "count": 6,
            "created_time": "2025-01-25T21:16:27.131151Z",
            "yes_price": 81,
            "no_price": 19,
            "taker_side": "yes"
        },
        {
            "trade_id": "0e24d26c-2433-4994-9f1d-2dec04c7412a",
            "ticker": "KXHIGHNY-25JAN25-B30.5",
            "count": 16,
            "created_time": "2025-01-25T21:16:27.131151Z",
            "yes_price": 82,
            "no_price": 18,
            "taker_side": "yes"
        },
        {
            "trade_id": "2cb1e86c-f5e3-45c7-966d-56aa329d89a5",
            "ticker": "KXHIGHNY-25JAN25-B30.5",
            "count": 3,
            "created_time": "2025-01-25T21:16:13.939364Z",
            "yes_price": 81,
            "no_price": 19,
            "taker_side": "yes"
        },
        {
            "trade_id": "2c0f3270-eab5-4a7d-a8d4-16e74fed383d",
            "ticker": "KXHIGHNY-25JAN25-B30.5",
            "count": 12,
            "created_time": "2025-01-25T21:14:19.374741Z",
            "yes_price": 73,
            "no_price": 27,
            "taker_side": "no"
        },
        {
            "trade_id": "e0cd2ab0-6577-4e1d-be33-b6cb6f9a1986",
            "ticker": "KXHIGHNY-25JAN25-B30.5",
            "count": 261,
            "created_time": "2025-01-25T21:12:27.835675Z",
            "yes_price": 82,
            "no_price": 18,
            "taker_side": "yes"
        },
        {
            "trade_id": "61e07dcb-6046-447d-89e3-acc28db5259b",
            "ticker": "KXHIGHNY-25JAN25-B30.5",
            "count": 16,
            "created_time": "2025-01-25T21:09:26.998418Z",
            "yes_price": 81,
            "no_price": 19,
            "taker_side": "yes"
        },
        {
            "trade_id": "3899b672-5afc-4cc3-b1e3-850991329ce1",
            "ticker": "KXHIGHNY-25JAN25-B30.5",
            "count": 23,
            "created_time": "2025-01-25T21:09:26.998418Z",
            "yes_price": 82,
            "no_price": 18,
            "taker_side": "yes"
        },
        {
            "trade_id": "8c12e6ad-9cdc-4a7f-a311-beaeca7a0e14",
            "ticker": "KXHIGHNY-25JAN25-B30.5",
            "count": 13,
            "created_time": "2025-01-25T21:07:35.638982Z",
            "yes_price": 76,
            "no_price": 24,
            "taker_side": "no"
        },
        {
            "trade_id": "b1a1ded6-31a4-4148-856c-99b1a6c9d8a3",
            "ticker": "KXHIGHNY-25JAN25-B30.5",
            "count": 1,
            "created_time": "2025-01-25T20:54:54.564549Z",
            "yes_price": 62,
            "no_price": 38,
            "taker_side": "no"
        },
        {
            "trade_id": "22a3fb12-7214-4890-a6a0-22b3ab8399c6",
            "ticker": "KXHIGHNY-25JAN25-B30.5",
            "count": 23,
            "created_time": "2025-01-25T20:54:54.564549Z",
            "yes_price": 62,
            "no_price": 38,
            "taker_side": "no"
        },
        {
            "trade_id": "78370b99-7c32-4f76-a318-cc2fe7f97505",
            "ticker": "KXHIGHNY-25JAN25-B30.5",
            "count": 7,
            "created_time": "2025-01-25T20:53:15.130067Z",
            "yes_price": 65,
            "no_price": 35,
            "taker_side": "no"
        },
        {
            "trade_id": "685c0f58-8b2f-4fd9-aab1-82471e9febe5",
            "ticker": "KXHIGHNY-25JAN25-B30.5",
            "count": 116,
            "created_time": "2025-01-25T20:53:15.130067Z",
            "yes_price": 60,
            "no_price": 40,
            "taker_side": "no"
        },
        {
            "trade_id": "6602cce7-5767-44a2-8806-b5098886d7f0",
            "ticker": "KXHIGHNY-25JAN25-B30.5",
            "count": 500,
            "created_time": "2025-01-25T20:53:15.130067Z",
            "yes_price": 64,
            "no_price": 36,
            "taker_side": "no"
        },
        {
            "trade_id": "44065489-f74f-4079-8c5d-36d67cb93e71",
            "ticker": "KXHIGHNY-25JAN25-B30.5",
            "count": 2,
            "created_time": "2025-01-25T20:53:15.130067Z",
            "yes_price": 65,
            "no_price": 35,
            "taker_side": "no"
        },
        {
            "trade_id": "22389da5-0503-43e4-ab5c-bc3dc800f664",
            "ticker": "KXHIGHNY-25JAN25-B30.5",
            "count": 10,
            "created_time": "2025-01-25T20:53:15.130067Z",
            "yes_price": 63,
            "no_price": 37,
            "taker_side": "no"
        },
        {
            "trade_id": "abfb7f98-385c-43fb-9fbf-233eeda61d99",
            "ticker": "KXHIGHNY-25JAN25-B30.5",
            "count": 1,
            "created_time": "2025-01-25T20:48:58.724257Z",
            "yes_price": 84,
            "no_price": 16,
            "taker_side": "yes"
        },
        {
            "trade_id": "1fdaaffe-0d96-4374-a7d2-cb8e92de00eb",
            "ticker": "KXHIGHNY-25JAN25-B30.5",
            "count": 5,
            "created_time": "2025-01-25T20:47:43.19845Z",
            "yes_price": 63,
            "no_price": 37,
            "taker_side": "yes"
        },
        {
            "trade_id": "8ffb6802-604e-44aa-be29-3d0e8923a23e",
            "ticker": "KXHIGHNY-25JAN25-B30.5",
            "count": 1,
            "created_time": "2025-01-25T20:47:16.163642Z",
            "yes_price": 63,
            "no_price": 37,
            "taker_side": "no"
        },
        {
            "trade_id": "de6fa72c-c9e0-48f7-a128-bd12851f0739",
            "ticker": "KXHIGHNY-25JAN25-B30.5",
            "count": 14,
            "created_time": "2025-01-25T20:47:06.008254Z",
            "yes_price": 74,
            "no_price": 26,
            "taker_side": "yes"
        },
        {
            "trade_id": "7688417f-7578-4071-b34f-22e47b1fa5d4",
            "ticker": "KXHIGHNY-25JAN25-B30.5",
            "count": 75,
            "created_time": "2025-01-25T20:47:06.008254Z",
            "yes_price": 73,
            "no_price": 27,
            "taker_side": "yes"
        },
        {
            "trade_id": "711ff931-4560-4c7f-92a8-c45a915f6824",
            "ticker": "KXHIGHNY-25JAN25-B30.5",
            "count": 45,
            "created_time": "2025-01-25T20:47:06.008254Z",
            "yes_price": 73,
            "no_price": 27,
            "taker_side": "yes"
        },
        {
            "trade_id": "f68e40ba-1aa4-4e9e-b87d-7795b8933a55",
            "ticker": "KXHIGHNY-25JAN25-B30.5",
            "count": 7,
            "created_time": "2025-01-25T20:45:51.131187Z",
            "yes_price": 73,
            "no_price": 27,
            "taker_side": "yes"
        },
        {
            "trade_id": "d1f600cc-b98d-4e8e-96f2-dcab72fb547b",
            "ticker": "KXHIGHNY-25JAN25-B30.5",
            "count": 5,
            "created_time": "2025-01-25T20:45:51.131187Z",
            "yes_price": 73,
            "no_price": 27,
            "taker_side": "yes"
        },
        {
            "trade_id": "aa2657d4-ff52-4c1a-85ea-6fee0c3f4106",
            "ticker": "KXHIGHNY-25JAN25-B30.5",
            "count": 25,
            "created_time": "2025-01-25T20:43:15.448036Z",
            "yes_price": 73,
            "no_price": 27,
            "taker_side": "yes"
        },
        {
            "trade_id": "cb6e27e1-41df-4dbb-8d2b-3de8cf3a7162",
            "ticker": "KXHIGHNY-25JAN25-B30.5",
            "count": 40,
            "created_time": "2025-01-25T20:42:35.022977Z",
            "yes_price": 60,
            "no_price": 40,
            "taker_side": "no"
        },
        {
            "trade_id": "9114c63a-cfed-4bc7-895c-12a4c9953dae",
            "ticker": "KXHIGHNY-25JAN25-B30.5",
            "count": 7,
            "created_time": "2025-01-25T20:42:35.022977Z",
            "yes_price": 61,
            "no_price": 39,
            "taker_side": "no"
        },
        {
            "trade_id": "bace39b1-2bdd-4d1c-b3c4-edcc4e379765",
            "ticker": "KXHIGHNY-25JAN25-B30.5",
            "count": 112,
            "created_time": "2025-01-25T20:39:42.489447Z",
            "yes_price": 60,
            "no_price": 40,
            "taker_side": "no"
        },
        {
            "trade_id": "5a312134-c05a-44ba-9afd-a967e95a27e3",
            "ticker": "KXHIGHNY-25JAN25-B30.5",
            "count": 2,
            "created_time": "2025-01-25T20:39:42.489447Z",
            "yes_price": 61,
            "no_price": 39,
            "taker_side": "no"
        },
        {
            "trade_id": "5302b810-119f-4e05-bef2-41f9c42ce3ac",
            "ticker": "KXHIGHNY-25JAN25-B30.5",
            "count": 4,
            "created_time": "2025-01-25T20:39:42.489447Z",
            "yes_price": 66,
            "no_price": 34,
            "taker_side": "no"
        },
        {
            "trade_id": "34d83ae2-4fd4-4c93-a684-43e9fb02eccf",
            "ticker": "KXHIGHNY-25JAN25-B30.5",
            "count": 19,
            "created_time": "2025-01-25T20:38:02.95309Z",
            "yes_price": 74,
            "no_price": 26,
            "taker_side": "yes"
        },
        {
            "trade_id": "07ca0442-ca6a-493f-a23f-6c01f59ba2dc",
            "ticker": "KXHIGHNY-25JAN25-B30.5",
            "count": 4,
            "created_time": "2025-01-25T20:36:09.543857Z",
            "yes_price": 73,
            "no_price": 27,
            "taker_side": "yes"
        },
        {
            "trade_id": "4f4c3369-41d2-44d2-bd0c-3b4e7042e231",
            "ticker": "KXHIGHNY-25JAN25-B30.5",
            "count": 5,
            "created_time": "2025-01-25T20:32:37.565371Z",
            "yes_price": 73,
            "no_price": 27,
            "taker_side": "yes"
        },
        {
            "trade_id": "963d9ebc-83b8-40b7-8011-e0f2a3b1e9d3",
            "ticker": "KXHIGHNY-25JAN25-B30.5",
            "count": 1,
            "created_time": "2025-01-25T20:32:19.266503Z",
            "yes_price": 61,
            "no_price": 39,
            "taker_side": "no"
        },
        {
            "trade_id": "4f76ddb6-8776-416e-8117-c87badf4245d",
            "ticker": "KXHIGHNY-25JAN25-B30.5",
            "count": 1,
            "created_time": "2025-01-25T20:32:19.266503Z",
            "yes_price": 67,
            "no_price": 33,
            "taker_side": "no"
        },
        {
            "trade_id": "c28794a7-3076-4724-8c73-a972acd8815b",
            "ticker": "KXHIGHNY-25JAN25-B30.5",
            "count": 7,
            "created_time": "2025-01-25T20:30:02.286653Z",
            "yes_price": 73,
            "no_price": 27,
            "taker_side": "yes"
        },
        {
            "trade_id": "be32744f-61e1-4c44-8b11-d74bac89f0f7",
            "ticker": "KXHIGHNY-25JAN25-B30.5",
            "count": 36,
            "created_time": "2025-01-25T20:29:14.013279Z",
            "yes_price": 60,
            "no_price": 40,
            "taker_side": "no"
        },
        {
            "trade_id": "9853608c-c76c-4311-a0d1-d8960a7f847d",
            "ticker": "KXHIGHNY-25JAN25-B30.5",
            "count": 6,
