{
    "KXHIGHNY-25FEB28-T44": [],
    "KXHIGHNY-25FEB28-B44.5": [
        {
            "trade_id": "ce954b4e-6699-467d-b767-0e914566ef2b",
            "ticker": "KXHIGHNY-25FEB28-B44.5",
            "count": 102,
            "created_time": "2025-02-28T19:06:50.351212Z",
            "yes_price": 1,
            "no_price": 99,
            "taker_side": "yes"
        },
        {
            "trade_id": "e834f1e8-8828-4f49-8c57-b7f43d6ece6b",
            "ticker": "KXHIGHNY-25FEB28-B44.5",
            "count": 102,
            "created_time": "2025-02-28T14:51:19.330327Z",
            "yes_price": 1,
            "no_price": 99,
            "taker_side": "yes"
        },
        {
            "trade_id": "5e6a2cff-6e88-47ec-9299-a892e8011183",
            "ticker": "KXHIGHNY-25FEB28-B44.5",
            "count": 1,
            "created_time": "2025-02-28T13:03:02.981276Z",
            "yes_price": 1,
            "no_price": 99,
            "taker_side": "yes"
        }
    ],
    "KXHIGHNY-25FEB28-B46.5": [
        {
            "trade_id": "016d1382-5c60-4e47-a8bf-e86db895f366",
            "ticker": "KXHIGHNY-25FEB28-B46.5",
            "count": 60,
            "created_time": "2025-02-28T17:34:52.018767Z",
            "yes_price": 1,
            "no_price": 99,
            "taker_side": "yes"
        },
        {
            "trade_id": "edb4736b-5cc2-4b62-bd96-37237ad838bf",
            "ticker": "KXHIGHNY-25FEB28-B46.5",
            "count": 1352,
            "created_time": "2025-02-28T16:57:53.323204Z",
            "yes_price": 1,
            "no_price": 99,
            "taker_side": "no"
        },
        {
            "trade_id": "76a7d07b-047d-4fc0-9e0f-0ef9c11731bd",
            "ticker": "KXHIGHNY-25FEB28-B46.5",
            "count": 50,
            "created_time": "2025-02-28T16:57:53.323204Z",
            "yes_price": 1,
            "no_price": 99,
            "taker_side": "no"
        },
        {
            "trade_id": "73691c82-273f-48e4-8f45-d1453a550b69",
            "ticker": "KXHIGHNY-25FEB28-B46.5",
            "count": 200,
            "created_time": "2025-02-28T16:57:53.323204Z",
            "yes_price": 1,
            "no_price": 99,
            "taker_side": "no"
        },
        {
            "trade_id": "d5524653-2ab5-440e-96da-322b3052ad82",
            "ticker": "KXHIGHNY-25FEB28-B46.5",
            "count": 25,
            "created_time": "2025-02-28T16:57:37.519092Z",
            "yes_price": 1,
            "no_price": 99,
            "taker_side": "no"
        },
        {
            "trade_id": "1a1e672d-df8a-4dbc-a826-548e12aa0c35",
            "ticker": "KXHIGHNY-25FEB28-B46.5",
            "count": 355,
            "created_time": "2025-02-28T16:50:00.754082Z",
            "yes_price": 1,
            "no_price": 99,
            "taker_side": "no"
        },
        {
            "trade_id": "79c78184-9d7c-4dc6-92a0-7d91feb6d5cd",
            "ticker": "KXHIGHNY-25FEB28-B46.5",
            "count": 13,
            "created_time": "2025-02-28T16:48:38.898864Z",
            "yes_price": 1,
            "no_price": 99,
            "taker_side": "no"
        },
        {
            "trade_id": "154bc671-160f-445e-ba69-0ddf0fe206f2",
            "ticker": "KXHIGHNY-25FEB28-B46.5",
            "count": 34,
            "created_time": "2025-02-28T16:48:38.898864Z",
            "yes_price": 1,
            "no_price": 99,
            "taker_side": "no"
        },
        {
            "trade_id": "5c4be9d4-b1c5-4a78-8f98-ed21f93a8ae0",
            "ticker": "KXHIGHNY-25FEB28-B46.5",
            "count": 37,
            "created_time": "2025-02-28T16:43:15.361116Z",
            "yes_price": 1,
            "no_price": 99,
            "taker_side": "no"
        },
        {
            "trade_id": "92bbc06e-2bb5-4c6d-b941-87abd89b718c",
            "ticker": "KXHIGHNY-25FEB28-B46.5",
            "count": 500,
            "created_time": "2025-02-28T16:42:51.369205Z",
            "yes_price": 2,
            "no_price": 98,
            "taker_side": "yes"
        },
        {
            "trade_id": "4b3cfb49-80ea-44cb-967b-05baaef1e2f2",
            "ticker": "KXHIGHNY-25FEB28-B46.5",
            "count": 200,
            "created_time": "2025-02-28T16:31:07.026967Z",
            "yes_price": 2,
            "no_price": 98,
            "taker_side": "no"
        },
        {
            "trade_id": "3db9e762-c49f-48cd-801e-0471cb069819",
            "ticker": "KXHIGHNY-25FEB28-B46.5",
            "count": 10,
            "created_time": "2025-02-28T16:31:07.026967Z",
            "yes_price": 2,
            "no_price": 98,
            "taker_side": "no"
        },
        {
            "trade_id": "1d264fc1-45cb-4ab5-a7d3-6301ee306849",
            "ticker": "KXHIGHNY-25FEB28-B46.5",
            "count": 50,
            "created_time": "2025-02-28T16:31:07.026967Z",
            "yes_price": 2,
            "no_price": 98,
            "taker_side": "no"
        },
        {
            "trade_id": "7e2ca243-befd-44c2-9f9c-d9bdbd81c8d7",
            "ticker": "KXHIGHNY-25FEB28-B46.5",
            "count": 50,
            "created_time": "2025-02-28T16:26:30.22956Z",
            "yes_price": 3,
            "no_price": 97,
            "taker_side": "no"
        },
        {
            "trade_id": "02d5afde-93a4-450d-9728-d9d3e64e9e7e",
            "ticker": "KXHIGHNY-25FEB28-B46.5",
            "count": 3,
            "created_time": "2025-02-28T16:26:30.22956Z",
            "yes_price": 3,
            "no_price": 97,
            "taker_side": "no"
        },
        {
            "trade_id": "9e18874d-7843-4a6e-9c7a-234b03ad23b2",
            "ticker": "KXHIGHNY-25FEB28-B46.5",
            "count": 13,
            "created_time": "2025-02-28T16:23:25.191474Z",
            "yes_price": 13,
            "no_price": 87,
            "taker_side": "yes"
        },
        {
            "trade_id": "9bb11674-3ed0-4c61-8581-8183734d263c",
            "ticker": "KXHIGHNY-25FEB28-B46.5",
            "count": 1,
            "created_time": "2025-02-28T16:23:25.191474Z",
            "yes_price": 9,
            "no_price": 91,
            "taker_side": "yes"
        },
        {
            "trade_id": "fd3cee12-bb45-4596-abb5-909b9aaf6126",
            "ticker": "KXHIGHNY-25FEB28-B46.5",
            "count": 79,
            "created_time": "2025-02-28T16:21:26.735379Z",
            "yes_price": 5,
            "no_price": 95,
            "taker_side": "yes"
        },
        {
            "trade_id": "a400a9b4-3cba-40c2-ae2d-4c0d25cd67f6",
            "ticker": "KXHIGHNY-25FEB28-B46.5",
            "count": 100,
            "created_time": "2025-02-28T16:21:26.735379Z",
            "yes_price": 5,
            "no_price": 95,
            "taker_side": "yes"
        },
        {
            "trade_id": "e612e5b1-6cde-46de-b73c-61b01dbac861",
            "ticker": "KXHIGHNY-25FEB28-B46.5",
            "count": 21,
            "created_time": "2025-02-28T16:21:04.66635Z",
            "yes_price": 5,
            "no_price": 95,
            "taker_side": "yes"
        },
        {
            "trade_id": "aaca7865-b6d1-40e6-8b12-34b75eeb588d",
            "ticker": "KXHIGHNY-25FEB28-B46.5",
            "count": 50,
            "created_time": "2025-02-28T16:21:04.66635Z",
            "yes_price": 3,
            "no_price": 97,
            "taker_side": "yes"
        },
        {
            "trade_id": "94b5293f-c602-442b-99b8-7d0f9be7eb23",
            "ticker": "KXHIGHNY-25FEB28-B46.5",
            "count": 10,
            "created_time": "2025-02-28T16:21:04.66635Z",
            "yes_price": 3,
            "no_price": 97,
            "taker_side": "yes"
        },
        {
            "trade_id": "81bcf366-c67a-4894-bd41-a6f3ff3546fb",
            "ticker": "KXHIGHNY-25FEB28-B46.5",
            "count": 200,
            "created_time": "2025-02-28T16:21:04.66635Z",
            "yes_price": 4,
            "no_price": 96,
            "taker_side": "yes"
        },
        {
            "trade_id": "60c32fef-3a13-43e2-90a7-18953252e1e0",
            "ticker": "KXHIGHNY-25FEB28-B46.5",
            "count": 200,
            "created_time": "2025-02-28T16:21:04.66635Z",
            "yes_price": 4,
            "no_price": 96,
            "taker_side": "yes"
        },
        {
            "trade_id": "0ab9053c-c856-4db8-80ce-2def498a0aa6",
            "ticker": "KXHIGHNY-25FEB28-B46.5",
            "count": 495,
            "created_time": "2025-02-28T16:21:04.66635Z",
            "yes_price": 3,
            "no_price": 97,
            "taker_side": "yes"
        },
        {
            "trade_id": "e7e67ff5-b14a-46cc-ab99-c2d875dc866c",
            "ticker": "KXHIGHNY-25FEB28-B46.5",
            "count": 25,
            "created_time": "2025-02-28T16:10:03.297945Z",
            "yes_price": 3,
            "no_price": 97,
            "taker_side": "yes"
        },
        {
            "trade_id": "89f8e56c-34c6-4c72-b04f-cf1326f66840",
            "ticker": "KXHIGHNY-25FEB28-B46.5",
            "count": 75,
            "created_time": "2025-02-28T16:10:03.297945Z",
            "yes_price": 3,
            "no_price": 97,
            "taker_side": "yes"
        },
        {
            "trade_id": "553ff704-9c99-4357-9891-8c964ac1e3d7",
            "ticker": "KXHIGHNY-25FEB28-B46.5",
            "count": 5,
            "created_time": "2025-02-28T16:10:03.297945Z",
            "yes_price": 3,
            "no_price": 97,
            "taker_side": "yes"
        },
        {
            "trade_id": "27fee762-9b8c-4afc-a083-4e3b4d0da795",
            "ticker": "KXHIGHNY-25FEB28-B46.5",
            "count": 200,
            "created_time": "2025-02-28T16:10:03.297945Z",
            "yes_price": 3,
            "no_price": 97,
            "taker_side": "yes"
        },
        {
            "trade_id": "68752e31-1a8f-4f65-bd6c-76ce6b96f484",
            "ticker": "KXHIGHNY-25FEB28-B46.5",
            "count": 16,
            "created_time": "2025-02-28T16:09:04.030476Z",
            "yes_price": 1,
            "no_price": 99,
            "taker_side": "no"
        },
        {
            "trade_id": "e776d8fa-cffd-44b0-8008-9839ae9e8190",
            "ticker": "KXHIGHNY-25FEB28-B46.5",
            "count": 17,
            "created_time": "2025-02-28T16:08:53.594406Z",
            "yes_price": 1,
            "no_price": 99,
            "taker_side": "no"
        },
        {
            "trade_id": "54e53159-15cd-45e3-8ed0-0576d5d0f417",
            "ticker": "KXHIGHNY-25FEB28-B46.5",
            "count": 5,
            "created_time": "2025-02-28T16:08:53.594406Z",
            "yes_price": 1,
            "no_price": 99,
            "taker_side": "no"
        },
        {
            "trade_id": "0c82806a-b043-42a2-a46b-8f1e9460e317",
            "ticker": "KXHIGHNY-25FEB28-B46.5",
            "count": 1,
            "created_time": "2025-02-28T15:48:12.503459Z",
            "yes_price": 1,
            "no_price": 99,
            "taker_side": "no"
        },
        {
            "trade_id": "fd82fc9d-7b99-42cf-a4da-a28c59913215",
            "ticker": "KXHIGHNY-25FEB28-B46.5",
            "count": 3,
            "created_time": "2025-02-28T15:47:57.350895Z",
            "yes_price": 1,
            "no_price": 99,
            "taker_side": "no"
        },
        {
            "trade_id": "cc64ade6-3f47-4419-a737-b844f2a183a3",
            "ticker": "KXHIGHNY-25FEB28-B46.5",
            "count": 19,
            "created_time": "2025-02-28T15:47:57.350895Z",
            "yes_price": 1,
            "no_price": 99,
            "taker_side": "no"
        },
        {
            "trade_id": "c1b7ec54-e4b0-490e-b97a-a39428b141f5",
            "ticker": "KXHIGHNY-25FEB28-B46.5",
            "count": 10,
            "created_time": "2025-02-28T15:47:57.350895Z",
            "yes_price": 1,
            "no_price": 99,
            "taker_side": "no"
        },
        {
            "trade_id": "9bdf7ed7-9e89-4161-bfac-804748108349",
            "ticker": "KXHIGHNY-25FEB28-B46.5",
            "count": 15,
            "created_time": "2025-02-28T15:47:57.350895Z",
            "yes_price": 1,
            "no_price": 99,
            "taker_side": "no"
        },
        {
            "trade_id": "ce364e48-f77c-4579-afb4-f1bd3255b302",
            "ticker": "KXHIGHNY-25FEB28-B46.5",
            "count": 123,
            "created_time": "2025-02-28T15:47:42.325966Z",
            "yes_price": 1,
            "no_price": 99,
            "taker_side": "no"
        },
        {
            "trade_id": "769cd715-feeb-4645-b6bf-cdda7c7e57c6",
            "ticker": "KXHIGHNY-25FEB28-B46.5",
            "count": 17,
            "created_time": "2025-02-28T15:47:42.325966Z",
            "yes_price": 1,
            "no_price": 99,
            "taker_side": "no"
        },
        {
            "trade_id": "6c291656-467e-45a4-a9a3-7b5629180a8d",
            "ticker": "KXHIGHNY-25FEB28-B46.5",
            "count": 200,
            "created_time": "2025-02-28T15:47:42.325966Z",
            "yes_price": 1,
            "no_price": 99,
            "taker_side": "no"
        },
        {
            "trade_id": "e778a69f-b6b7-4e14-a895-5866bc8c6484",
            "ticker": "KXHIGHNY-25FEB28-B46.5",
            "count": 300,
            "created_time": "2025-02-28T15:14:37.479166Z",
            "yes_price": 2,
            "no_price": 98,
            "taker_side": "no"
        },
        {
            "trade_id": "711232ac-cef8-43a6-81e9-6b14cc44314b",
            "ticker": "KXHIGHNY-25FEB28-B46.5",
            "count": 900,
            "created_time": "2025-02-28T13:33:43.409682Z",
            "yes_price": 3,
            "no_price": 97,
            "taker_side": "yes"
        },
        {
            "trade_id": "333c50b7-940a-4032-9804-8f8d7511e56e",
            "ticker": "KXHIGHNY-25FEB28-B46.5",
            "count": 100,
            "created_time": "2025-02-28T13:21:51.711018Z",
            "yes_price": 1,
            "no_price": 99,
            "taker_side": "no"
        },
        {
            "trade_id": "437b94b8-a036-463f-b4a1-abbe5bcdafef",
            "ticker": "KXHIGHNY-25FEB28-B46.5",
            "count": 2,
            "created_time": "2025-02-28T13:10:26.032082Z",
            "yes_price": 1,
            "no_price": 99,
            "taker_side": "no"
        },
        {
            "trade_id": "043cf548-6e70-4a90-bfef-25489c902a14",
            "ticker": "KXHIGHNY-25FEB28-B46.5",
            "count": 1,
            "created_time": "2025-02-28T13:10:26.032082Z",
            "yes_price": 2,
            "no_price": 98,
            "taker_side": "no"
        },
        {
            "trade_id": "9b41dd99-0696-44eb-8a64-df14ab9bb0c2",
            "ticker": "KXHIGHNY-25FEB28-B46.5",
            "count": 199,
            "created_time": "2025-02-28T13:06:41.47286Z",
            "yes_price": 2,
            "no_price": 98,
            "taker_side": "no"
        },
        {
            "trade_id": "d18fff90-9d52-4646-99a1-8fec0535fca0",
            "ticker": "KXHIGHNY-25FEB28-B46.5",
            "count": 31,
            "created_time": "2025-02-28T07:48:32.579284Z",
            "yes_price": 6,
            "no_price": 94,
            "taker_side": "no"
        },
        {
            "trade_id": "e9df3e46-dcf0-4b09-93a8-f539dc73a731",
            "ticker": "KXHIGHNY-25FEB28-B46.5",
            "count": 31,
            "created_time": "2025-02-28T07:48:29.430102Z",
            "yes_price": 7,
            "no_price": 93,
            "taker_side": "yes"
        },
        {
            "trade_id": "f92bcdee-e986-40bf-b297-4549c93e0234",
            "ticker": "KXHIGHNY-25FEB28-B46.5",
            "count": 7,
            "created_time": "2025-02-28T07:48:10.513033Z",
            "yes_price": 6,
            "no_price": 94,
            "taker_side": "yes"
        },
        {
            "trade_id": "4315345d-a98e-41c3-89b9-934be24a2689",
            "ticker": "KXHIGHNY-25FEB28-B46.5",
            "count": 20,
            "created_time": "2025-02-28T07:48:10.513033Z",
            "yes_price": 6,
            "no_price": 94,
            "taker_side": "yes"
        },
        {
            "trade_id": "1c94f31e-c825-45b1-8c6a-be7b0955471c",
            "ticker": "KXHIGHNY-25FEB28-B46.5",
            "count": 42,
            "created_time": "2025-02-28T07:48:10.513033Z",
            "yes_price": 6,
            "no_price": 94,
            "taker_side": "yes"
        },
        {
            "trade_id": "d41b2d16-e0c0-440f-bad6-82323badf5e2",
            "ticker": "KXHIGHNY-25FEB28-B46.5",
            "count": 200,
            "created_time": "2025-02-28T06:08:15.541825Z",
            "yes_price": 1,
            "no_price": 99,
            "taker_side": "no"
        },
        {
            "trade_id": "7848b932-0d5d-41e1-8553-2ff153a34796",
            "ticker": "KXHIGHNY-25FEB28-B46.5",
            "count": 110,
            "created_time": "2025-02-28T06:08:15.541825Z",
            "yes_price": 1,
            "no_price": 99,
            "taker_side": "no"
        },
        {
            "trade_id": "4e5b7e84-673f-45e3-9c05-52ef1584c53d",
            "ticker": "KXHIGHNY-25FEB28-B46.5",
            "count": 1,
            "created_time": "2025-02-28T06:08:15.541825Z",
            "yes_price": 3,
            "no_price": 97,
            "taker_side": "no"
        },
        {
            "trade_id": "ecd9388c-2d29-4812-92b7-23d331d779bd",
            "ticker": "KXHIGHNY-25FEB28-B46.5",
            "count": 240,
            "created_time": "2025-02-28T05:23:49.606433Z",
            "yes_price": 6,
            "no_price": 94,
            "taker_side": "yes"
        },
        {
            "trade_id": "ec130df7-70fd-4fde-bdb8-9bfbf260e78d",
            "ticker": "KXHIGHNY-25FEB28-B46.5",
            "count": 5,
            "created_time": "2025-02-28T05:23:49.606433Z",
            "yes_price": 4,
            "no_price": 96,
            "taker_side": "yes"
        },
        {
            "trade_id": "a8f3f2b4-6c01-4dd4-a6b2-08fa29d587d7",
            "ticker": "KXHIGHNY-25FEB28-B46.5",
            "count": 1,
            "created_time": "2025-02-28T05:23:49.606433Z",
            "yes_price": 8,
            "no_price": 92,
            "taker_side": "yes"
        },
        {
            "trade_id": "71bc674a-2b8c-4151-a7aa-38292c43a9ae",
            "ticker": "KXHIGHNY-25FEB28-B46.5",
            "count": 1,
            "created_time": "2025-02-28T05:23:49.606433Z",
            "yes_price": 7,
            "no_price": 93,
            "taker_side": "yes"
        },
        {
            "trade_id": "38a8fd8e-f7d0-4bca-8ace-9473d6c7992e",
            "ticker": "KXHIGHNY-25FEB28-B46.5",
            "count": 108,
            "created_time": "2025-02-28T05:23:49.606433Z",
            "yes_price": 8,
            "no_price": 92,
            "taker_side": "yes"
        },
        {
            "trade_id": "22285517-2a0c-41f8-989a-bb23755205c9",
            "ticker": "KXHIGHNY-25FEB28-B46.5",
            "count": 1,
            "created_time": "2025-02-28T05:12:57.432198Z",
            "yes_price": 3,
            "no_price": 97,
            "taker_side": "no"
        },
        {
            "trade_id": "eab000a1-202a-426f-8581-39384273a9b1",
            "ticker": "KXHIGHNY-25FEB28-B46.5",
            "count": 140,
            "created_time": "2025-02-28T05:09:06.55714Z",
            "yes_price": 6,
            "no_price": 94,
            "taker_side": "yes"
        },
        {
            "trade_id": "e8e357be-48da-4166-ac00-4c82ca9fd81a",
            "ticker": "KXHIGHNY-25FEB28-B46.5",
            "count": 1,
            "created_time": "2025-02-28T05:09:06.55714Z",
            "yes_price": 5,
            "no_price": 95,
            "taker_side": "yes"
        },
        {
            "trade_id": "97c302ce-bb8e-4066-9d71-9b5c4a9ea664",
            "ticker": "KXHIGHNY-25FEB28-B46.5",
            "count": 1,
            "created_time": "2025-02-28T05:09:06.55714Z",
            "yes_price": 5,
            "no_price": 95,
            "taker_side": "yes"
        },
        {
            "trade_id": "6ea66327-e45b-44ca-b5cc-766bc6b81cc2",
            "ticker": "KXHIGHNY-25FEB28-B46.5",
            "count": 1,
            "created_time": "2025-02-28T05:09:06.55714Z",
            "yes_price": 4,
            "no_price": 96,
            "taker_side": "yes"
        },
        {
            "trade_id": "6261aff2-a1ad-4e60-95a8-9cb71d52dd61",
            "ticker": "KXHIGHNY-25FEB28-B46.5",
            "count": 5,
            "created_time": "2025-02-28T05:09:06.55714Z",
            "yes_price": 4,
            "no_price": 96,
            "taker_side": "yes"
        },
        {
            "trade_id": "1a01bda3-a06b-4570-985a-21a917deae06",
            "ticker": "KXHIGHNY-25FEB28-B46.5",
            "count": 23,
            "created_time": "2025-02-28T04:54:24.561654Z",
            "yes_price": 4,
            "no_price": 96,
            "taker_side": "yes"
        },
        {
            "trade_id": "8eab6649-ac70-44c7-ad89-da8837023618",
            "ticker": "KXHIGHNY-25FEB28-B46.5",
            "count": 5,
            "created_time": "2025-02-28T02:26:19.874265Z",
            "yes_price": 5,
            "no_price": 95,
            "taker_side": "yes"
        },
        {
            "trade_id": "3110b29a-ced8-44c0-95a1-b1ef5c3a4ace",
            "ticker": "KXHIGHNY-25FEB28-B46.5",
            "count": 11,
            "created_time": "2025-02-28T02:26:19.874265Z",
            "yes_price": 6,
            "no_price": 94,
            "taker_side": "yes"
        },
        {
            "trade_id": "98f143e5-1b53-4d93-9f02-f37c619ec062",
            "ticker": "KXHIGHNY-25FEB28-B46.5",
            "count": 89,
            "created_time": "2025-02-28T02:21:31.740881Z",
            "yes_price": 5,
            "no_price": 95,
            "taker_side": "yes"
        },
        {
            "trade_id": "5d8bc8f8-2ee7-4afe-b686-b48ea479fdb2",
            "ticker": "KXHIGHNY-25FEB28-B46.5",
            "count": 7,
            "created_time": "2025-02-28T02:21:31.740881Z",
            "yes_price": 5,
            "no_price": 95,
            "taker_side": "yes"
        },
        {
            "trade_id": "35b0f7f0-9c56-4b49-9453-f5bc887c69cc",
            "ticker": "KXHIGHNY-25FEB28-B46.5",
            "count": 1,
            "created_time": "2025-02-28T02:21:31.740881Z",
            "yes_price": 5,
            "no_price": 95,
            "taker_side": "yes"
        },
        {
            "trade_id": "ba751b35-a56d-4f6e-b2f2-c2c7132c990a",
            "ticker": "KXHIGHNY-25FEB28-B46.5",
            "count": 1,
            "created_time": "2025-02-28T02:20:30.806272Z",
            "yes_price": 5,
            "no_price": 95,
            "taker_side": "yes"
        },
        {
            "trade_id": "c0e07ca2-adaf-40c2-ae5e-076045be0a07",
            "ticker": "KXHIGHNY-25FEB28-B46.5",
            "count": 1,
            "created_time": "2025-02-28T02:16:47.715023Z",
            "yes_price": 4,
            "no_price": 96,
            "taker_side": "yes"
        },
        {
            "trade_id": "6e7d82be-810b-402c-a659-68157f52e18d",
            "ticker": "KXHIGHNY-25FEB28-B46.5",
            "count": 312,
            "created_time": "2025-02-28T02:16:20.137728Z",
            "yes_price": 3,
            "no_price": 97,
            "taker_side": "yes"
        },
        {
            "trade_id": "4612a31e-0a74-49f2-a017-693b991aa0b0",
            "ticker": "KXHIGHNY-25FEB28-B46.5",
            "count": 25,
            "created_time": "2025-02-28T02:11:27.558413Z",
            "yes_price": 2,
            "no_price": 98,
            "taker_side": "no"
        },
        {
            "trade_id": "4d2b73d3-3507-4faf-95ce-791f76f12852",
            "ticker": "KXHIGHNY-25FEB28-B46.5",
            "count": 75,
            "created_time": "2025-02-28T02:10:56.84344Z",
            "yes_price": 2,
            "no_price": 98,
            "taker_side": "no"
        },
        {
            "trade_id": "f9fb09f7-02b3-41f7-90ed-104b7843dd6f",
            "ticker": "KXHIGHNY-25FEB28-B46.5",
            "count": 32,
            "created_time": "2025-02-28T02:08:07.489054Z",
            "yes_price": 3,
            "no_price": 97,
            "taker_side": "yes"
        },
        {
            "trade_id": "d3087db9-eb50-4f7a-b953-de7bb4223d45",
            "ticker": "KXHIGHNY-25FEB28-B46.5",
            "count": 25,
            "created_time": "2025-02-28T01:55:18.000104Z",
            "yes_price": 2,
            "no_price": 98,
            "taker_side": "no"
        },
        {
            "trade_id": "fb650129-3cd4-4156-99c8-d0ce7f9f205a",
            "ticker": "KXHIGHNY-25FEB28-B46.5",
            "count": 7,
            "created_time": "2025-02-28T01:32:27.849052Z",
            "yes_price": 4,
            "no_price": 96,
            "taker_side": "yes"
        },
        {
            "trade_id": "d4425346-4c39-42d2-9dd6-de896eb7e929",
            "ticker": "KXHIGHNY-25FEB28-B46.5",
            "count": 8,
            "created_time": "2025-02-28T01:32:27.849052Z",
            "yes_price": 4,
            "no_price": 96,
            "taker_side": "yes"
        },
        {
            "trade_id": "c037eb8e-2ab8-4dca-ab77-3bdcf1cd63ce",
            "ticker": "KXHIGHNY-25FEB28-B46.5",
            "count": 1,
            "created_time": "2025-02-28T01:32:27.849052Z",
            "yes_price": 4,
            "no_price": 96,
            "taker_side": "yes"
        },
        {
            "trade_id": "35e5d654-42d1-4c97-92e5-799aacdc7bbf",
            "ticker": "KXHIGHNY-25FEB28-B46.5",
            "count": 334,
            "created_time": "2025-02-28T01:32:27.849052Z",
            "yes_price": 4,
            "no_price": 96,
            "taker_side": "yes"
        },
        {
            "trade_id": "ef8daf8c-dc17-44c2-9e15-7bad2a3c9098",
            "ticker": "KXHIGHNY-25FEB28-B46.5",
            "count": 1,
            "created_time": "2025-02-28T01:00:23.65226Z",
            "yes_price": 4,
            "no_price": 96,
            "taker_side": "yes"
        },
        {
            "trade_id": "d340aa81-4d99-40f7-afab-2f0ce9f2dbf4",
            "ticker": "KXHIGHNY-25FEB28-B46.5",
            "count": 2,
            "created_time": "2025-02-27T22:46:34.089933Z",
            "yes_price": 13,
            "no_price": 87,
            "taker_side": "yes"
        },
        {
            "trade_id": "f5d99fcd-4799-445f-a747-aff2b0ffa12c",
            "ticker": "KXHIGHNY-25FEB28-B46.5",
            "count": 9,
            "created_time": "2025-02-27T22:36:01.662683Z",
            "yes_price": 11,
            "no_price": 89,
            "taker_side": "yes"
        },
        {
            "trade_id": "ce3e74d9-3d4a-4c3f-b33e-8717ce745ce8",
            "ticker": "KXHIGHNY-25FEB28-B46.5",
            "count": 8,
            "created_time": "2025-02-27T22:36:01.662683Z",
            "yes_price": 11,
            "no_price": 89,
            "taker_side": "yes"
        },
        {
            "trade_id": "a40d94d0-bcbe-4798-bf15-9d0638656912",
            "ticker": "KXHIGHNY-25FEB28-B46.5",
            "count": 10,
            "created_time": "2025-02-27T22:36:01.662683Z",
            "yes_price": 12,
            "no_price": 88,
            "taker_side": "yes"
        },
        {
            "trade_id": "3b4cdd6d-ac75-4578-9269-9681838d3364",
            "ticker": "KXHIGHNY-25FEB28-B46.5",
            "count": 1,
            "created_time": "2025-02-27T22:36:01.662683Z",
            "yes_price": 13,
            "no_price": 87,
            "taker_side": "yes"
        },
        {
            "trade_id": "34d5534e-43e7-4ccb-8c9a-c634a9738a4e",
            "ticker": "KXHIGHNY-25FEB28-B46.5",
            "count": 13,
            "created_time": "2025-02-27T22:36:01.662683Z",
            "yes_price": 11,
            "no_price": 89,
            "taker_side": "yes"
        },
        {
            "trade_id": "d68ac652-fb88-41b1-9079-4257b4697496",
            "ticker": "KXHIGHNY-25FEB28-B46.5",
            "count": 157,
            "created_time": "2025-02-27T22:20:53.619498Z",
            "yes_price": 6,
            "no_price": 94,
            "taker_side": "no"
        },
        {
            "trade_id": "8a367c80-f382-4f6c-be01-40554b2808e5",
            "ticker": "KXHIGHNY-25FEB28-B46.5",
            "count": 1,
            "created_time": "2025-02-27T22:20:53.619498Z",
            "yes_price": 8,
            "no_price": 92,
            "taker_side": "no"
        },
        {
            "trade_id": "6d21379b-1ddd-4453-9e59-a47a8425c713",
            "ticker": "KXHIGHNY-25FEB28-B46.5",
            "count": 10,
            "created_time": "2025-02-27T22:20:53.619498Z",
            "yes_price": 8,
            "no_price": 92,
            "taker_side": "no"
        },
        {
            "trade_id": "66c370a5-fd13-4f93-bfac-dee65f16be9b",
            "ticker": "KXHIGHNY-25FEB28-B46.5",
            "count": 5,
            "created_time": "2025-02-27T22:20:53.619498Z",
            "yes_price": 8,
            "no_price": 92,
            "taker_side": "no"
        },
        {
            "trade_id": "4049420a-2e0f-4802-bfa3-3f9da1acbebb",
            "ticker": "KXHIGHNY-25FEB28-B46.5",
            "count": 72,
            "created_time": "2025-02-27T22:20:53.619498Z",
            "yes_price": 8,
            "no_price": 92,
            "taker_side": "no"
        },
        {
            "trade_id": "ed981a3b-e97b-4ebb-89b3-b461cbd607f0",
            "ticker": "KXHIGHNY-25FEB28-B46.5",
            "count": 3,
            "created_time": "2025-02-27T22:04:07.162804Z",
            "yes_price": 14,
            "no_price": 86,
            "taker_side": "yes"
        },
        {
            "trade_id": "6ee2d614-caa4-4a86-945b-6816b97ef2a8",
            "ticker": "KXHIGHNY-25FEB28-B46.5",
            "count": 5,
            "created_time": "2025-02-27T21:55:14.589506Z",
            "yes_price": 14,
            "no_price": 86,
            "taker_side": "yes"
        },
        {
            "trade_id": "d1b6dfa0-b826-45cf-b106-a5770dd5292f",
            "ticker": "KXHIGHNY-25FEB28-B46.5",
            "count": 2,
            "created_time": "2025-02-27T21:52:40.550243Z",
            "yes_price": 14,
            "no_price": 86,
            "taker_side": "yes"
        },
        {
            "trade_id": "2b874f35-defd-448b-bc77-8f6c417041a1",
            "ticker": "KXHIGHNY-25FEB28-B46.5",
            "count": 48,
            "created_time": "2025-02-27T21:25:07.962429Z",
            "yes_price": 19,
            "no_price": 81,
            "taker_side": "yes"
        },
        {
            "trade_id": "ebe889a6-39fc-4dd7-9578-e6905d2f8af1",
            "ticker": "KXHIGHNY-25FEB28-B46.5",
            "count": 1,
            "created_time": "2025-02-27T20:57:14.616146Z",
            "yes_price": 18,
            "no_price": 82,
            "taker_side": "yes"
        },
        {
            "trade_id": "6edcd10b-ab7f-44e8-8740-92423ccaa9a6",
            "ticker": "KXHIGHNY-25FEB28-B46.5",
            "count": 1,
            "created_time": "2025-02-27T20:57:14.616146Z",
            "yes_price": 18,
            "no_price": 82,
            "taker_side": "yes"
        },
        {
            "trade_id": "a86b28a3-b8e7-4e6d-97a3-59aa595047d6",
            "ticker": "KXHIGHNY-25FEB28-B46.5",
            "count": 10,
            "created_time": "2025-02-27T20:28:21.218996Z",
            "yes_price": 18,
            "no_price": 82,
            "taker_side": "yes"
        },
        {
            "trade_id": "5e401322-f731-461d-bca5-7d06560a72f1",
            "ticker": "KXHIGHNY-25FEB28-B46.5",
            "count": 2,
            "created_time": "2025-02-27T20:28:21.218996Z",
            "yes_price": 18,
            "no_price": 82,
            "taker_side": "yes"
        },
        {
            "trade_id": "b22ba85e-574a-454c-a694-110b355e7cf3",
            "ticker": "KXHIGHNY-25FEB28-B46.5",
            "count": 54,
            "created_time": "2025-02-27T20:19:20.616192Z",
            "yes_price": 18,
            "no_price": 82,
            "taker_side": "yes"
        },
        {
            "trade_id": "31158889-0e5d-4182-8f76-06645925d21f",
            "ticker": "KXHIGHNY-25FEB28-B46.5",
            "count": 9,
            "created_time": "2025-02-27T20:19:20.616192Z",
            "yes_price": 18,
            "no_price": 82,
            "taker_side": "yes"
        },
        {
            "trade_id": "1ac14047-8af0-4618-925e-56729c536e2f",
            "ticker": "KXHIGHNY-25FEB28-B46.5",
            "count": 70,
            "created_time": "2025-02-27T19:10:09.890335Z",
            "yes_price": 25,
            "no_price": 75,
            "taker_side": "yes"
        },
        {
            "trade_id": "a98a7dfe-a75d-4241-96d7-bb6320695a34",
            "ticker": "KXHIGHNY-25FEB28-B46.5",
            "count": 3,
            "created_time": "2025-02-27T18:39:52.309412Z",
            "yes_price": 25,
            "no_price": 75,
            "taker_side": "yes"
        },
        {
            "trade_id": "6620c796-a5b2-4742-ad76-170119176659",
            "ticker": "KXHIGHNY-25FEB28-B46.5",
            "count": 27,
            "created_time": "2025-02-27T18:37:00.115937Z",
            "yes_price": 25,
            "no_price": 75,
            "taker_side": "yes"
        },
        {
            "trade_id": "27a48335-2463-427e-a671-c471861bfac9",
            "ticker": "KXHIGHNY-25FEB28-B46.5",
            "count": 5,
            "created_time": "2025-02-27T18:37:00.115937Z",
            "yes_price": 22,
            "no_price": 78,
            "taker_side": "yes"
        },
        {
            "trade_id": "517b47f4-7ef9-44a2-8a2b-9539f18196ec",
            "ticker": "KXHIGHNY-25FEB28-B46.5",
            "count": 38,
            "created_time": "2025-02-27T18:33:53.514932Z",
            "yes_price": 22,
            "no_price": 78,
            "taker_side": "yes"
        },
        {
            "trade_id": "f24ea2c5-8eb9-4415-a68c-577a54db507f",
            "ticker": "KXHIGHNY-25FEB28-B46.5",
            "count": 10,
            "created_time": "2025-02-27T17:42:50.156068Z",
            "yes_price": 18,
            "no_price": 82,
            "taker_side": "yes"
        },
        {
            "trade_id": "6da3345c-8169-4926-8ea7-8e39654e8fc3",
            "ticker": "KXHIGHNY-25FEB28-B46.5",
            "count": 92,
            "created_time": "2025-02-27T17:41:12.937949Z",
            "yes_price": 18,
            "no_price": 82,
            "taker_side": "yes"
        },
        {
            "trade_id": "5894f54c-719d-4ced-ad0b-6ab53af2ffef",
            "ticker": "KXHIGHNY-25FEB28-B46.5",
            "count": 1,
            "created_time": "2025-02-27T17:41:12.937949Z",
            "yes_price": 18,
            "no_price": 82,
            "taker_side": "yes"
        },
        {
            "trade_id": "4f0dd59c-420c-4780-9e70-2319a7e7f1e2",
            "ticker": "KXHIGHNY-25FEB28-B46.5",
            "count": 1,
            "created_time": "2025-02-27T17:30:21.594142Z",
            "yes_price": 15,
            "no_price": 85,
            "taker_side": "no"
        },
        {
            "trade_id": "1a23c517-5515-4d90-9a14-07c6acb434cb",
            "ticker": "KXHIGHNY-25FEB28-B46.5",
            "count": 30,
            "created_time": "2025-02-27T17:18:35.592345Z",
            "yes_price": 19,
            "no_price": 81,
            "taker_side": "yes"
        },
        {
            "trade_id": "37010ee7-2484-4b1f-9445-e5af3a5a8690",
            "ticker": "KXHIGHNY-25FEB28-B46.5",
            "count": 1,
            "created_time": "2025-02-27T17:02:24.898767Z",
            "yes_price": 17,
            "no_price": 83,
            "taker_side": "yes"
        },
        {
            "trade_id": "5144a3df-4c1e-4e1b-9026-2af24ea5302d",
            "ticker": "KXHIGHNY-25FEB28-B46.5",
            "count": 3,
            "created_time": "2025-02-27T16:45:12.111225Z",
            "yes_price": 17,
            "no_price": 83,
            "taker_side": "yes"
        },
        {
            "trade_id": "46129060-5650-42db-b959-f9bd4bb3af29",
            "ticker": "KXHIGHNY-25FEB28-B46.5",
            "count": 2,
            "created_time": "2025-02-27T16:45:12.111225Z",
            "yes_price": 17,
            "no_price": 83,
            "taker_side": "yes"
        },
        {
            "trade_id": "20dbd0bb-9893-4829-a379-37f758227444",
            "ticker": "KXHIGHNY-25FEB28-B46.5",
            "count": 29,
            "created_time": "2025-02-27T16:36:22.769333Z",
            "yes_price": 17,
            "no_price": 83,
            "taker_side": "yes"
        },
        {
            "trade_id": "0edf53df-544b-418d-adf3-72a74d39ef66",
            "ticker": "KXHIGHNY-25FEB28-B46.5",
            "count": 4,
            "created_time": "2025-02-27T16:36:22.769333Z",
            "yes_price": 17,
            "no_price": 83,
            "taker_side": "yes"
        },
        {
            "trade_id": "fa6c8cc7-ce3a-42a2-bc9e-c9d20d6dbf66",
            "ticker": "KXHIGHNY-25FEB28-B46.5",
            "count": 8,
            "created_time": "2025-02-27T16:34:34.401043Z",
            "yes_price": 17,
            "no_price": 83,
            "taker_side": "yes"
        },
        {
            "trade_id": "e7f2af8b-464c-4e46-85a1-def8f91dde65",
            "ticker": "KXHIGHNY-25FEB28-B46.5",
            "count": 1,
            "created_time": "2025-02-27T16:34:34.401043Z",
            "yes_price": 17,
            "no_price": 83,
            "taker_side": "yes"
        },
        {
            "trade_id": "7dcf274f-e98c-4fd6-97b2-505ef019bee2",
            "ticker": "KXHIGHNY-25FEB28-B46.5",
            "count": 41,
            "created_time": "2025-02-27T16:34:34.401043Z",
            "yes_price": 17,
            "no_price": 83,
            "taker_side": "yes"
        }
    ],
    "KXHIGHNY-25FEB28-B48.5": [
        {
            "trade_id": "a813aed0-d3b6-4dd3-b903-ef3fb3b86bfe",
            "ticker": "KXHIGHNY-25FEB28-B48.5",
            "count": 8,
            "created_time": "2025-03-01T02:37:29.0433Z",
            "yes_price": 1,
            "no_price": 99,
            "taker_side": "yes"
        },
        {
            "trade_id": "fb41afc5-0d01-409d-b48b-46284e5b5fa0",
            "ticker": "KXHIGHNY-25FEB28-B48.5",
            "count": 100,
            "created_time": "2025-03-01T00:01:50.660342Z",
            "yes_price": 1,
            "no_price": 99,
            "taker_side": "yes"
        },
        {
            "trade_id": "487e250d-ac8e-4938-a32e-40fc655a1e08",
            "ticker": "KXHIGHNY-25FEB28-B48.5",
            "count": 633,
            "created_time": "2025-02-28T22:41:21.195555Z",
            "yes_price": 1,
            "no_price": 99,
            "taker_side": "yes"
        },
        {
            "trade_id": "a4f80149-8222-47c7-bdf2-eaa917442f87",
            "ticker": "KXHIGHNY-25FEB28-B48.5",
            "count": 1,
            "created_time": "2025-02-28T22:12:03.322013Z",
            "yes_price": 1,
            "no_price": 99,
            "taker_side": "yes"
        },
        {
            "trade_id": "9b2c31ee-15a1-424a-9085-0cc0f6f8f3d9",
            "ticker": "KXHIGHNY-25FEB28-B48.5",
            "count": 4,
            "created_time": "2025-02-28T21:01:33.133491Z",
            "yes_price": 1,
            "no_price": 99,
            "taker_side": "yes"
        },
        {
            "trade_id": "49fe6c5c-1d49-44cd-8ea5-2b5d9bd30c5d",
            "ticker": "KXHIGHNY-25FEB28-B48.5",
            "count": 8,
            "created_time": "2025-02-28T21:00:05.156482Z",
            "yes_price": 1,
            "no_price": 99,
            "taker_side": "yes"
        },
        {
            "trade_id": "242d8ba2-0180-4e02-9459-13fb2425361b",
            "ticker": "KXHIGHNY-25FEB28-B48.5",
            "count": 4,
            "created_time": "2025-02-28T21:00:05.156482Z",
            "yes_price": 2,
            "no_price": 98,
            "taker_side": "yes"
        },
        {
            "trade_id": "8b0296c3-45e0-47bb-ba9b-6e0f87e3ce6a",
            "ticker": "KXHIGHNY-25FEB28-B48.5",
            "count": 120,
            "created_time": "2025-02-28T20:51:19.861489Z",
            "yes_price": 1,
            "no_price": 99,
            "taker_side": "yes"
        },
        {
            "trade_id": "3bc22aa9-fe7f-4d8a-a011-e83ce62b0b16",
            "ticker": "KXHIGHNY-25FEB28-B48.5",
            "count": 93,
            "created_time": "2025-02-28T20:51:17.838251Z",
            "yes_price": 1,
            "no_price": 99,
            "taker_side": "yes"
        },
        {
            "trade_id": "cab744aa-9de7-40b2-8e69-f36583bd52c4",
            "ticker": "KXHIGHNY-25FEB28-B48.5",
            "count": 79,
            "created_time": "2025-02-28T20:46:42.99426Z",
            "yes_price": 1,
            "no_price": 99,
            "taker_side": "yes"
        },
        {
            "trade_id": "eadf282f-03bb-4c4d-8eb7-051691264b2c",
            "ticker": "KXHIGHNY-25FEB28-B48.5",
            "count": 55,
            "created_time": "2025-02-28T20:46:03.319615Z",
            "yes_price": 2,
            "no_price": 98,
            "taker_side": "yes"
        },
        {
            "trade_id": "c712ed69-223a-4619-9e5e-457d8ca76e89",
            "ticker": "KXHIGHNY-25FEB28-B48.5",
            "count": 24,
            "created_time": "2025-02-28T20:44:28.857507Z",
            "yes_price": 2,
            "no_price": 98,
            "taker_side": "yes"
        },
        {
            "trade_id": "d632e67f-6766-4aa5-bf5a-789b1488dac6",
            "ticker": "KXHIGHNY-25FEB28-B48.5",
            "count": 149,
            "created_time": "2025-02-28T20:41:22.884797Z",
            "yes_price": 1,
            "no_price": 99,
            "taker_side": "no"
        },
        {
            "trade_id": "6dfc4289-c539-40a8-aa43-d0be6e2ac34f",
            "ticker": "KXHIGHNY-25FEB28-B48.5",
            "count": 233,
            "created_time": "2025-02-28T20:41:22.884797Z",
            "yes_price": 1,
            "no_price": 99,
            "taker_side": "no"
        },
        {
            "trade_id": "52e0c070-8e38-493f-a37d-d6fab99d8fdb",
            "ticker": "KXHIGHNY-25FEB28-B48.5",
            "count": 50,
            "created_time": "2025-02-28T20:41:22.884797Z",
            "yes_price": 1,
            "no_price": 99,
            "taker_side": "no"
        },
        {
            "trade_id": "c0d29d69-7b2d-477b-ab98-28679af2a880",
            "ticker": "KXHIGHNY-25FEB28-B48.5",
            "count": 33,
            "created_time": "2025-02-28T20:40:43.055245Z",
            "yes_price": 2,
            "no_price": 98,
            "taker_side": "yes"
        },
        {
            "trade_id": "6f8909bc-9ae8-4a9c-86c7-d32e834b9aa8",
            "ticker": "KXHIGHNY-25FEB28-B48.5",
            "count": 200,
            "created_time": "2025-02-28T20:40:43.055245Z",
            "yes_price": 2,
            "no_price": 98,
            "taker_side": "yes"
        },
        {
            "trade_id": "f96f379c-170c-47b7-ada6-e9a8bb7673e0",
            "ticker": "KXHIGHNY-25FEB28-B48.5",
            "count": 1,
            "created_time": "2025-02-28T20:38:35.552342Z",
            "yes_price": 1,
            "no_price": 99,
            "taker_side": "yes"
        },
        {
            "trade_id": "5bde47e9-cb10-475d-a281-a2aeb528316c",
            "ticker": "KXHIGHNY-25FEB28-B48.5",
            "count": 1,
            "created_time": "2025-02-28T20:32:48.878186Z",
            "yes_price": 1,
            "no_price": 99,
            "taker_side": "no"
        },
        {
            "trade_id": "58e5612d-86d3-49c5-800d-9fa2bdd1b843",
            "ticker": "KXHIGHNY-25FEB28-B48.5",
            "count": 1,
            "created_time": "2025-02-28T20:31:49.921684Z",
            "yes_price": 1,
            "no_price": 99,
            "taker_side": "yes"
        },
        {
            "trade_id": "dd84c370-4665-429c-b066-4013abe3cabf",
            "ticker": "KXHIGHNY-25FEB28-B48.5",
            "count": 704,
            "created_time": "2025-02-28T20:27:22.078077Z",
            "yes_price": 1,
            "no_price": 99,
            "taker_side": "no"
        },
        {
            "trade_id": "87dc22d2-cde7-4d7e-8992-0b1683924b3a",
            "ticker": "KXHIGHNY-25FEB28-B48.5",
            "count": 40,
            "created_time": "2025-02-28T20:27:22.078077Z",
            "yes_price": 1,
            "no_price": 99,
            "taker_side": "no"
        },
        {
            "trade_id": "747bbd63-29d8-4258-8053-d291b8101409",
            "ticker": "KXHIGHNY-25FEB28-B48.5",
            "count": 156,
            "created_time": "2025-02-28T20:27:22.078077Z",
            "yes_price": 2,
            "no_price": 98,
            "taker_side": "no"
        },
        {
            "trade_id": "9ec75be1-dd82-433a-8417-778455b96b9d",
            "ticker": "KXHIGHNY-25FEB28-B48.5",
            "count": 1,
            "created_time": "2025-02-28T20:26:23.188395Z",
            "yes_price": 3,
            "no_price": 97,
            "taker_side": "yes"
        },
        {
            "trade_id": "d8a86ea0-c4f6-4d50-b4c3-47e70081ba03",
            "ticker": "KXHIGHNY-25FEB28-B48.5",
            "count": 22,
            "created_time": "2025-02-28T20:24:09.010114Z",
            "yes_price": 2,
            "no_price": 98,
            "taker_side": "no"
        },
        {
            "trade_id": "efa3eaf7-785f-4f8c-804c-6340acb21f3e",
            "ticker": "KXHIGHNY-25FEB28-B48.5",
            "count": 1,
            "created_time": "2025-02-28T20:24:05.783663Z",
            "yes_price": 2,
            "no_price": 98,
            "taker_side": "yes"
        },
        {
            "trade_id": "7c2f7b7e-3fec-41d9-85ff-f586a235b1b1",
            "ticker": "KXHIGHNY-25FEB28-B48.5",
            "count": 50,
            "created_time": "2025-02-28T20:23:42.468539Z",
            "yes_price": 4,
            "no_price": 96,
            "taker_side": "yes"
        },
        {
            "trade_id": "54677e4c-28f0-4b0f-b33b-2e07990b242a",
            "ticker": "KXHIGHNY-25FEB28-B48.5",
            "count": 140,
            "created_time": "2025-02-28T20:23:42.468539Z",
            "yes_price": 5,
            "no_price": 95,
            "taker_side": "yes"
        },
        {
            "trade_id": "47520faa-1218-41d2-a790-e9e0111703ac",
            "ticker": "KXHIGHNY-25FEB28-B48.5",
            "count": 10,
            "created_time": "2025-02-28T20:23:42.468539Z",
            "yes_price": 3,
            "no_price": 97,
            "taker_side": "yes"
        },
        {
            "trade_id": "3223842c-07b6-4585-810e-bf3477c80b31",
            "ticker": "KXHIGHNY-25FEB28-B48.5",
            "count": 1,
            "created_time": "2025-02-28T20:23:42.468539Z",
            "yes_price": 2,
            "no_price": 98,
            "taker_side": "yes"
        },
        {
            "trade_id": "b998030c-ac44-4b77-83fe-fb751503eb22",
            "ticker": "KXHIGHNY-25FEB28-B48.5",
            "count": 296,
            "created_time": "2025-02-28T20:23:02.825881Z",
            "yes_price": 1,
            "no_price": 99,
            "taker_side": "no"
        },
        {
            "trade_id": "83a14ca3-fcea-4245-91ba-fdecc7134fb8",
            "ticker": "KXHIGHNY-25FEB28-B48.5",
            "count": 50,
            "created_time": "2025-02-28T20:23:02.825881Z",
            "yes_price": 2,
            "no_price": 98,
            "taker_side": "no"
        },
        {
            "trade_id": "5460141a-637c-400d-ac80-82c84a4c3355",
            "ticker": "KXHIGHNY-25FEB28-B48.5",
            "count": 682,
            "created_time": "2025-02-28T20:23:02.825881Z",
            "yes_price": 1,
            "no_price": 99,
            "taker_side": "no"
        },
        {
            "trade_id": "f3b5b8a9-8ce4-4d8e-b653-df9b1ea1ddf2",
            "ticker": "KXHIGHNY-25FEB28-B48.5",
            "count": 50,
            "created_time": "2025-02-28T20:22:56.892775Z",
            "yes_price": 4,
            "no_price": 96,
            "taker_side": "yes"
        },
        {
            "trade_id": "ea064458-31e9-468f-b696-7c399e4a0fed",
            "ticker": "KXHIGHNY-25FEB28-B48.5",
            "count": 108,
            "created_time": "2025-02-28T20:22:56.892775Z",
            "yes_price": 4,
            "no_price": 96,
            "taker_side": "yes"
        },
        {
            "trade_id": "e21972f9-bd7d-4ddc-8a62-fa638949b3d2",
            "ticker": "KXHIGHNY-25FEB28-B48.5",
            "count": 20,
            "created_time": "2025-02-28T20:22:56.892775Z",
            "yes_price": 5,
            "no_price": 95,
            "taker_side": "yes"
        },
        {
            "trade_id": "a8da0d1e-5ad2-4f74-8407-58c2c9fc8ec7",
            "ticker": "KXHIGHNY-25FEB28-B48.5",
            "count": 39,
            "created_time": "2025-02-28T20:22:56.892775Z",
            "yes_price": 5,
            "no_price": 95,
            "taker_side": "yes"
        },
        {
            "trade_id": "30c3b652-8c23-4745-83f6-da16a813b480",
            "ticker": "KXHIGHNY-25FEB28-B48.5",
            "count": 1,
            "created_time": "2025-02-28T20:22:56.892775Z",
            "yes_price": 3,
            "no_price": 97,
            "taker_side": "yes"
        },
        {
            "trade_id": "e9a43b2c-2b7a-4cad-9c74-fbf28a9c38be",
            "ticker": "KXHIGHNY-25FEB28-B48.5",
            "count": 1,
            "created_time": "2025-02-28T20:21:51.848553Z",
            "yes_price": 3,
            "no_price": 97,
            "taker_side": "yes"
        },
        {
            "trade_id": "a247ca71-f2a8-42f8-8ce0-95e0b524bc2a",
            "ticker": "KXHIGHNY-25FEB28-B48.5",
            "count": 30,
            "created_time": "2025-02-28T20:21:51.848553Z",
            "yes_price": 4,
            "no_price": 96,
            "taker_side": "yes"
        },
        {
            "trade_id": "5dba9c42-7ed7-4104-ab4f-4a03eec05f44",
            "ticker": "KXHIGHNY-25FEB28-B48.5",
            "count": 102,
            "created_time": "2025-02-28T20:21:51.848553Z",
            "yes_price": 6,
            "no_price": 94,
            "taker_side": "yes"
        },
        {
            "trade_id": "3be4079a-0e5d-4896-83dd-1b8b4a64b0ae",
            "ticker": "KXHIGHNY-25FEB28-B48.5",
            "count": 40,
            "created_time": "2025-02-28T20:21:51.848553Z",
            "yes_price": 5,
            "no_price": 95,
            "taker_side": "yes"
        },
        {
            "trade_id": "2de21dca-6cd2-499e-bffc-afc5467070ce",
            "ticker": "KXHIGHNY-25FEB28-B48.5",
            "count": 154,
            "created_time": "2025-02-28T20:21:13.96126Z",
            "yes_price": 5,
            "no_price": 95,
            "taker_side": "yes"
        },
        {
            "trade_id": "18801872-19b3-4bd9-9042-f29a3ba726ae",
            "ticker": "KXHIGHNY-25FEB28-B48.5",
            "count": 27,
            "created_time": "2025-02-28T20:21:13.96126Z",
            "yes_price": 6,
            "no_price": 94,
            "taker_side": "yes"
        },
        {
            "trade_id": "ca146104-31ae-44d6-85f4-e86547cc1362",
            "ticker": "KXHIGHNY-25FEB28-B48.5",
            "count": 187,
            "created_time": "2025-02-28T20:20:50.29532Z",
            "yes_price": 5,
            "no_price": 95,
            "taker_side": "yes"
        },
        {
            "trade_id": "fe187696-8e19-4aaf-9455-f58d42de7e01",
            "ticker": "KXHIGHNY-25FEB28-B48.5",
            "count": 300,
            "created_time": "2025-02-28T20:19:49.481052Z",
            "yes_price": 4,
            "no_price": 96,
            "taker_side": "yes"
        },
        {
            "trade_id": "9bc9b6bc-bc98-40db-a590-fcbdea7b16e1",
            "ticker": "KXHIGHNY-25FEB28-B48.5",
            "count": 50,
            "created_time": "2025-02-28T20:19:49.481052Z",
            "yes_price": 3,
            "no_price": 97,
            "taker_side": "yes"
        },
        {
            "trade_id": "96fa8c0d-5b88-4411-8b5e-23fcd9dda394",
            "ticker": "KXHIGHNY-25FEB28-B48.5",
            "count": 75,
            "created_time": "2025-02-28T20:19:49.481052Z",
            "yes_price": 3,
            "no_price": 97,
            "taker_side": "yes"
        },
        {
            "trade_id": "210a0bfb-f386-4bcb-800d-346232173d8f",
            "ticker": "KXHIGHNY-25FEB28-B48.5",
            "count": 59,
            "created_time": "2025-02-28T20:19:49.481052Z",
            "yes_price": 5,
            "no_price": 95,
            "taker_side": "yes"
        },
        {
            "trade_id": "b184e720-2f40-417e-9ba3-c9a886c7d248",
            "ticker": "KXHIGHNY-25FEB28-B48.5",
            "count": 14,
            "created_time": "2025-02-28T20:19:39.915379Z",
            "yes_price": 3,
            "no_price": 97,
            "taker_side": "yes"
        },
        {
            "trade_id": "21f72270-cc83-4ff8-bc8b-6392439ae4ee",
            "ticker": "KXHIGHNY-25FEB28-B48.5",
            "count": 1,
            "created_time": "2025-02-28T20:19:39.915379Z",
            "yes_price": 2,
            "no_price": 98,
            "taker_side": "yes"
        },
        {
            "trade_id": "cc809acd-b2d4-491e-be28-0ba727d7e508",
            "ticker": "KXHIGHNY-25FEB28-B48.5",
            "count": 6,
            "created_time": "2025-02-28T20:18:53.793372Z",
            "yes_price": 1,
            "no_price": 99,
            "taker_side": "no"
        },
        {
            "trade_id": "8a3de2e5-6bc5-40fa-a7be-e4efdb402ca4",
            "ticker": "KXHIGHNY-25FEB28-B48.5",
            "count": 50,
            "created_time": "2025-02-28T20:18:53.793372Z",
            "yes_price": 2,
            "no_price": 98,
            "taker_side": "no"
        },
        {
            "trade_id": "6886d93b-8938-4396-b1fe-b9face47d78f",
            "ticker": "KXHIGHNY-25FEB28-B48.5",
            "count": 100,
            "created_time": "2025-02-28T20:17:39.840846Z",
            "yes_price": 2,
            "no_price": 98,
            "taker_side": "yes"
        },
        {
            "trade_id": "3f3f2120-f1df-4cf0-ae35-3334a499a102",
            "ticker": "KXHIGHNY-25FEB28-B48.5",
            "count": 111,
            "created_time": "2025-02-28T20:17:39.840846Z",
            "yes_price": 3,
            "no_price": 97,
            "taker_side": "yes"
        },
        {
            "trade_id": "31520761-e945-42c9-b221-c51c540cea40",
            "ticker": "KXHIGHNY-25FEB28-B48.5",
            "count": 200,
            "created_time": "2025-02-28T20:17:39.840846Z",
            "yes_price": 2,
            "no_price": 98,
            "taker_side": "yes"
        },
        {
            "trade_id": "7b4b578d-0604-4076-9cb2-887cc3c20378",
            "ticker": "KXHIGHNY-25FEB28-B48.5",
            "count": 1,
            "created_time": "2025-02-28T20:17:31.665298Z",
            "yes_price": 1,
            "no_price": 99,
            "taker_side": "no"
        },
        {
            "trade_id": "c50d7b33-771c-47b1-b3e5-ebc377867e5a",
            "ticker": "KXHIGHNY-25FEB28-B48.5",
            "count": 5,
            "created_time": "2025-02-28T20:16:00.757339Z",
            "yes_price": 1,
            "no_price": 99,
            "taker_side": "no"
        },
        {
            "trade_id": "989ec4a8-6b39-4a71-ab5e-01dca4d950d4",
            "ticker": "KXHIGHNY-25FEB28-B48.5",
            "count": 10,
            "created_time": "2025-02-28T20:15:40.494897Z",
            "yes_price": 1,
            "no_price": 99,
            "taker_side": "no"
        },
        {
            "trade_id": "5f9d0a06-54db-4911-a313-a3412c5b5938",
            "ticker": "KXHIGHNY-25FEB28-B48.5",
            "count": 97,
            "created_time": "2025-02-28T20:14:35.050575Z",
            "yes_price": 1,
            "no_price": 99,
            "taker_side": "no"
        },
        {
            "trade_id": "55a7543f-a881-4691-8e27-068a63c216cf",
            "ticker": "KXHIGHNY-25FEB28-B48.5",
            "count": 50,
            "created_time": "2025-02-28T20:14:35.050575Z",
            "yes_price": 1,
            "no_price": 99,
            "taker_side": "no"
        },
        {
            "trade_id": "42c421a4-93f5-4e1c-a5dc-1a08dd670cb0",
            "ticker": "KXHIGHNY-25FEB28-B48.5",
            "count": 570,
            "created_time": "2025-02-28T20:14:35.050575Z",
            "yes_price": 1,
            "no_price": 99,
            "taker_side": "no"
        },
        {
            "trade_id": "b1cff27c-689c-428b-afd4-1222cab6f477",
            "ticker": "KXHIGHNY-25FEB28-B48.5",
            "count": 100,
            "created_time": "2025-02-28T20:14:08.506192Z",
            "yes_price": 1,
            "no_price": 99,
            "taker_side": "no"
        },
        {
            "trade_id": "b0fa735c-fd49-4eac-bb88-9b1b3e7a86e3",
            "ticker": "KXHIGHNY-25FEB28-B48.5",
            "count": 467,
            "created_time": "2025-02-28T20:14:03.874593Z",
            "yes_price": 2,
            "no_price": 98,
            "taker_side": "yes"
        },
        {
            "trade_id": "8982e918-3210-4a43-81f0-eae71ede0316",
            "ticker": "KXHIGHNY-25FEB28-B48.5",
            "count": 20,
            "created_time": "2025-02-28T20:13:52.544418Z",
            "yes_price": 1,
            "no_price": 99,
            "taker_side": "no"
        },
        {
            "trade_id": "2a4dd9ea-4cf2-48f8-a611-976faf16317e",
            "ticker": "KXHIGHNY-25FEB28-B48.5",
            "count": 500,
            "created_time": "2025-02-28T20:10:58.594456Z",
            "yes_price": 1,
            "no_price": 99,
            "taker_side": "no"
        },
        {
            "trade_id": "8f357982-92f8-4a25-92d1-494925bd64c6",
            "ticker": "KXHIGHNY-25FEB28-B48.5",
            "count": 438,
            "created_time": "2025-02-28T20:10:39.482157Z",
            "yes_price": 2,
            "no_price": 98,
            "taker_side": "yes"
        },
        {
            "trade_id": "38e1e157-dce3-4c84-9390-b919c91ad484",
            "ticker": "KXHIGHNY-25FEB28-B48.5",
            "count": 29,
            "created_time": "2025-02-28T20:10:39.482157Z",
            "yes_price": 2,
            "no_price": 98,
            "taker_side": "yes"
        },
        {
            "trade_id": "c16dd655-2938-442f-8289-8c69f75293a0",
            "ticker": "KXHIGHNY-25FEB28-B48.5",
            "count": 176,
            "created_time": "2025-02-28T20:10:06.753119Z",
            "yes_price": 1,
            "no_price": 99,
            "taker_side": "no"
        },
        {
            "trade_id": "d99f7b97-6d72-4c8c-8978-655f03ff6ace",
            "ticker": "KXHIGHNY-25FEB28-B48.5",
            "count": 35,
            "created_time": "2025-02-28T20:08:57.075919Z",
            "yes_price": 1,
            "no_price": 99,
            "taker_side": "no"
        },
        {
            "trade_id": "0f662022-d779-4bb6-a36b-46c0b0b07d95",
            "ticker": "KXHIGHNY-25FEB28-B48.5",
            "count": 467,
            "created_time": "2025-02-28T20:08:47.241986Z",
            "yes_price": 2,
            "no_price": 98,
            "taker_side": "yes"
        },
        {
            "trade_id": "ee732414-fcc3-4345-b191-1fd3491f0f25",
            "ticker": "KXHIGHNY-25FEB28-B48.5",
            "count": 467,
            "created_time": "2025-02-28T20:08:24.945086Z",
            "yes_price": 2,
            "no_price": 98,
            "taker_side": "yes"
        },
        {
            "trade_id": "a7532018-051a-410f-a49c-61376ec7092e",
            "ticker": "KXHIGHNY-25FEB28-B48.5",
            "count": 37,
            "created_time": "2025-02-28T20:08:03.724583Z",
            "yes_price": 2,
            "no_price": 98,
            "taker_side": "yes"
        },
        {
            "trade_id": "72a5bd4e-b2a4-4c90-921f-4124105fb306",
            "ticker": "KXHIGHNY-25FEB28-B48.5",
            "count": 18,
            "created_time": "2025-02-28T20:08:03.724583Z",
            "yes_price": 1,
            "no_price": 99,
            "taker_side": "yes"
        },
        {
            "trade_id": "3490c5ee-421e-4d67-9f38-09355c723c46",
            "ticker": "KXHIGHNY-25FEB28-B48.5",
            "count": 93,
            "created_time": "2025-02-28T20:04:09.468689Z",
            "yes_price": 1,
            "no_price": 99,
            "taker_side": "yes"
        },
        {
            "trade_id": "b496e386-cf4f-4a84-95df-53425c1c6586",
            "ticker": "KXHIGHNY-25FEB28-B48.5",
            "count": 277,
            "created_time": "2025-02-28T20:03:48.30172Z",
            "yes_price": 1,
            "no_price": 99,
            "taker_side": "yes"
        },
        {
            "trade_id": "7b154733-f344-4bec-bfda-b58f4b92245c",
            "ticker": "KXHIGHNY-25FEB28-B48.5",
            "count": 78,
            "created_time": "2025-02-28T20:03:48.30172Z",
            "yes_price": 1,
            "no_price": 99,
            "taker_side": "yes"
        },
        {
            "trade_id": "7a1c8f0d-0d31-4d9f-b8c1-887ebdd61ba3",
            "ticker": "KXHIGHNY-25FEB28-B48.5",
            "count": 204,
            "created_time": "2025-02-28T20:03:48.30172Z",
            "yes_price": 1,
            "no_price": 99,
            "taker_side": "yes"
        },
        {
            "trade_id": "c91622fd-cb7a-4ef7-a4a6-73ba73d662f8",
            "ticker": "KXHIGHNY-25FEB28-B48.5",
            "count": 187,
            "created_time": "2025-02-28T20:03:11.1271Z",
            "yes_price": 1,
            "no_price": 99,
            "taker_side": "yes"
        },
        {
            "trade_id": "da59266c-87e1-4067-bcc8-5503e3f9382f",
            "ticker": "KXHIGHNY-25FEB28-B48.5",
            "count": 928,
            "created_time": "2025-02-28T20:02:40.750049Z",
            "yes_price": 1,
            "no_price": 99,
            "taker_side": "yes"
        },
        {
            "trade_id": "bdf1f2e5-1ade-4ab6-ae01-58b2a201bd40",
            "ticker": "KXHIGHNY-25FEB28-B48.5",
            "count": 6,
            "created_time": "2025-02-28T20:02:40.750049Z",
            "yes_price": 1,
            "no_price": 99,
            "taker_side": "yes"
        },
        {
            "trade_id": "d02229d8-60ee-4356-a557-7d8db3acd851",
            "ticker": "KXHIGHNY-25FEB28-B48.5",
            "count": 20,
            "created_time": "2025-02-28T20:01:42.897316Z",
            "yes_price": 1,
            "no_price": 99,
            "taker_side": "yes"
        },
        {
            "trade_id": "0c392fc3-dd71-4a1e-af1a-c0ca72d2dd21",
            "ticker": "KXHIGHNY-25FEB28-B48.5",
            "count": 72,
            "created_time": "2025-02-28T20:01:42.897316Z",
            "yes_price": 1,
            "no_price": 99,
            "taker_side": "yes"
        },
        {
            "trade_id": "ef71888c-2cdf-408b-9498-293b82386b8a",
            "ticker": "KXHIGHNY-25FEB28-B48.5",
            "count": 93,
            "created_time": "2025-02-28T20:01:25.145149Z",
            "yes_price": 1,
            "no_price": 99,
            "taker_side": "yes"
        },
        {
            "trade_id": "b42f4c3a-56a9-45b1-9f65-56faf9697340",
            "ticker": "KXHIGHNY-25FEB28-B48.5",
            "count": 25,
            "created_time": "2025-02-28T20:01:07.202803Z",
            "yes_price": 1,
            "no_price": 99,
            "taker_side": "yes"
        },
        {
            "trade_id": "934faa6f-3b5a-4333-93ab-803aec059f2d",
            "ticker": "KXHIGHNY-25FEB28-B48.5",
            "count": 93,
            "created_time": "2025-02-28T20:00:58.182208Z",
            "yes_price": 1,
            "no_price": 99,
            "taker_side": "yes"
        },
        {
            "trade_id": "a75ea980-3728-4d01-a16b-3895b2c1746d",
            "ticker": "KXHIGHNY-25FEB28-B48.5",
            "count": 1500,
            "created_time": "2025-02-28T20:00:56.59536Z",
            "yes_price": 1,
            "no_price": 99,
            "taker_side": "yes"
        },
        {
            "trade_id": "00f167df-e719-4120-ae9e-3aec05cab580",
            "ticker": "KXHIGHNY-25FEB28-B48.5",
            "count": 93,
            "created_time": "2025-02-28T20:00:45.510628Z",
            "yes_price": 1,
            "no_price": 99,
            "taker_side": "yes"
        },
        {
            "trade_id": "49922b59-d94d-43bd-b3d6-29dce0710c83",
            "ticker": "KXHIGHNY-25FEB28-B48.5",
            "count": 76,
            "created_time": "2025-02-28T20:00:18.458148Z",
            "yes_price": 1,
            "no_price": 99,
            "taker_side": "yes"
        },
        {
            "trade_id": "e65272f5-b96a-4cf9-8edf-96ab357d8730",
            "ticker": "KXHIGHNY-25FEB28-B48.5",
            "count": 93,
            "created_time": "2025-02-28T19:59:54.706576Z",
            "yes_price": 1,
            "no_price": 99,
            "taker_side": "yes"
        },
        {
            "trade_id": "f53586cc-03f1-437b-9987-2d9354583e8d",
            "ticker": "KXHIGHNY-25FEB28-B48.5",
            "count": 22,
            "created_time": "2025-02-28T19:59:27.593179Z",
            "yes_price": 1,
            "no_price": 99,
            "taker_side": "yes"
        },
        {
            "trade_id": "dd34b7a5-3403-4702-8cea-03725eedac53",
            "ticker": "KXHIGHNY-25FEB28-B48.5",
            "count": 64,
            "created_time": "2025-02-28T19:59:27.593179Z",
            "yes_price": 1,
            "no_price": 99,
            "taker_side": "yes"
        },
        {
            "trade_id": "a71134e7-cfd8-400d-825f-1eeb178db9fe",
            "ticker": "KXHIGHNY-25FEB28-B48.5",
            "count": 6,
            "created_time": "2025-02-28T19:59:27.593179Z",
            "yes_price": 1,
            "no_price": 99,
            "taker_side": "yes"
        },
        {
            "trade_id": "5e0c47a9-c34f-486a-b807-48167657379a",
            "ticker": "KXHIGHNY-25FEB28-B48.5",
            "count": 93,
            "created_time": "2025-02-28T19:59:14.108327Z",
            "yes_price": 1,
            "no_price": 99,
            "taker_side": "yes"
        },
        {
            "trade_id": "e4eb1b67-0d39-4fa2-8f43-296796f71288",
            "ticker": "KXHIGHNY-25FEB28-B48.5",
            "count": 176,
            "created_time": "2025-02-28T19:59:08.350597Z",
            "yes_price": 1,
            "no_price": 99,
            "taker_side": "yes"
        },
        {
            "trade_id": "c50973dc-a432-4a76-ac5b-7f56c7808244",
            "ticker": "KXHIGHNY-25FEB28-B48.5",
            "count": 102,
            "created_time": "2025-02-28T19:58:58.351042Z",
            "yes_price": 1,
            "no_price": 99,
            "taker_side": "yes"
        },
        {
            "trade_id": "eff5cfca-54d9-41cb-83ce-746f9b11b978",
            "ticker": "KXHIGHNY-25FEB28-B48.5",
            "count": 99,
            "created_time": "2025-02-28T19:58:57.471439Z",
            "yes_price": 2,
            "no_price": 98,
            "taker_side": "no"
        },
        {
            "trade_id": "dafdef04-6353-422c-ac30-d58887ed2e47",
            "ticker": "KXHIGHNY-25FEB28-B48.5",
            "count": 200,
            "created_time": "2025-02-28T19:58:57.471439Z",
            "yes_price": 1,
            "no_price": 99,
            "taker_side": "no"
        },
        {
            "trade_id": "ccd9689d-da53-41d1-928a-e83b3cfa8fe0",
            "ticker": "KXHIGHNY-25FEB28-B48.5",
            "count": 20,
            "created_time": "2025-02-28T19:58:57.471439Z",
            "yes_price": 1,
            "no_price": 99,
            "taker_side": "no"
        },
        {
            "trade_id": "a24692a6-3c91-4cb5-b971-d61c22a7730b",
            "ticker": "KXHIGHNY-25FEB28-B48.5",
            "count": 148,
            "created_time": "2025-02-28T19:58:57.471439Z",
            "yes_price": 1,
            "no_price": 99,
            "taker_side": "no"
        },
        {
            "trade_id": "66a048db-69b2-4312-a997-1c12f4188150",
            "ticker": "KXHIGHNY-25FEB28-B48.5",
            "count": 10,
            "created_time": "2025-02-28T19:58:57.471439Z",
            "yes_price": 2,
            "no_price": 98,
            "taker_side": "no"
        },
        {
            "trade_id": "2b2a4acb-c447-4d8e-95db-7d1b37eae111",
            "ticker": "KXHIGHNY-25FEB28-B48.5",
            "count": 238,
            "created_time": "2025-02-28T19:58:57.471439Z",
            "yes_price": 2,
            "no_price": 98,
            "taker_side": "no"
        },
        {
            "trade_id": "7ffb45c1-5edb-4e60-8607-4b9214a8767c",
            "ticker": "KXHIGHNY-25FEB28-B48.5",
            "count": 11,
            "created_time": "2025-02-28T19:58:54.363696Z",
            "yes_price": 3,
            "no_price": 97,
            "taker_side": "no"
        },
        {
            "trade_id": "74411c8b-8016-4eca-9ed7-259538b12b83",
            "ticker": "KXHIGHNY-25FEB28-B48.5",
            "count": 50,
            "created_time": "2025-02-28T19:58:54.363696Z",
            "yes_price": 3,
            "no_price": 97,
            "taker_side": "no"
        },
        {
            "trade_id": "61bfbad0-e702-40ce-9c2b-59f78db5cec0",
            "ticker": "KXHIGHNY-25FEB28-B48.5",
            "count": 6,
            "created_time": "2025-02-28T19:58:54.363696Z",
            "yes_price": 3,
            "no_price": 97,
            "taker_side": "no"
        },
        {
            "trade_id": "01f1c342-bedc-436a-8609-5ae5b4093f86",
            "ticker": "KXHIGHNY-25FEB28-B48.5",
            "count": 30,
            "created_time": "2025-02-28T19:58:54.363696Z",
            "yes_price": 3,
            "no_price": 97,
            "taker_side": "no"
        },
        {
            "trade_id": "dc545ed5-867b-49f8-8b32-16c5c6360bc2",
            "ticker": "KXHIGHNY-25FEB28-B48.5",
            "count": 11,
            "created_time": "2025-02-28T19:58:53.711829Z",
            "yes_price": 4,
            "no_price": 96,
            "taker_side": "no"
        },
        {
            "trade_id": "b766e21e-5e8d-4c31-84bc-bb58a8afdc97",
            "ticker": "KXHIGHNY-25FEB28-B48.5",
            "count": 7,
            "created_time": "2025-02-28T19:58:53.711829Z",
            "yes_price": 10,
            "no_price": 90,
            "taker_side": "no"
        },
        {
            "trade_id": "58cbb6d2-8b81-4ed0-a6a9-fff6fc0922a3",
            "ticker": "KXHIGHNY-25FEB28-B48.5",
            "count": 1,
            "created_time": "2025-02-28T19:58:53.711829Z",
            "yes_price": 6,
            "no_price": 94,
            "taker_side": "no"
        },
        {
            "trade_id": "33ba1c34-7c2e-47d7-8029-4ceb5c8fbc09",
            "ticker": "KXHIGHNY-25FEB28-B48.5",
            "count": 21,
            "created_time": "2025-02-28T19:58:53.711829Z",
            "yes_price": 6,
            "no_price": 94,
            "taker_side": "no"
        },
        {
            "trade_id": "4a0b4b93-aee6-4598-bff3-252a9357962c",
            "ticker": "KXHIGHNY-25FEB28-B48.5",
            "count": 84,
            "created_time": "2025-02-28T19:58:48.135046Z",
            "yes_price": 15,
            "no_price": 85,
            "taker_side": "no"
        },
        {
            "trade_id": "2c053742-86da-4ff4-a812-f72dde18e509",
            "ticker": "KXHIGHNY-25FEB28-B48.5",
            "count": 50,
            "created_time": "2025-02-28T19:58:48.129507Z",
            "yes_price": 15,
            "no_price": 85,
            "taker_side": "no"
        },
        {
            "trade_id": "c361000f-ae47-444f-a4a3-2bac66348a40",
            "ticker": "KXHIGHNY-25FEB28-B48.5",
            "count": 50,
            "created_time": "2025-02-28T19:58:48.117477Z",
            "yes_price": 15,
            "no_price": 85,
            "taker_side": "no"
        },
        {
            "trade_id": "a21106d1-66a1-4587-ba4d-1619227cc1e0",
            "ticker": "KXHIGHNY-25FEB28-B48.5",
            "count": 57,
            "created_time": "2025-02-28T19:58:48.106578Z",
            "yes_price": 15,
            "no_price": 85,
            "taker_side": "no"
        },
        {
            "trade_id": "7cc207ef-d19a-40a2-82f5-bfcf0650d38f",
            "ticker": "KXHIGHNY-25FEB28-B48.5",
            "count": 6,
            "created_time": "2025-02-28T19:58:48.106578Z",
            "yes_price": 17,
            "no_price": 83,
            "taker_side": "no"
        },
        {
            "trade_id": "ad654e16-becd-4392-91d9-1199f2643574",
            "ticker": "KXHIGHNY-25FEB28-B48.5",
            "count": 38,
            "created_time": "2025-02-28T19:58:35.34526Z",
            "yes_price": 24,
            "no_price": 76,
            "taker_side": "yes"
        },
        {
            "trade_id": "07a46168-b933-4dd4-9562-e55381ee806f",
            "ticker": "KXHIGHNY-25FEB28-B48.5",
            "count": 1,
            "created_time": "2025-02-28T19:58:35.34526Z",
            "yes_price": 23,
            "no_price": 77,
            "taker_side": "yes"
        },
        {
            "trade_id": "915917b2-3c26-4dd9-85eb-6d6fa6bc7457",
            "ticker": "KXHIGHNY-25FEB28-B48.5",
            "count": 41,
            "created_time": "2025-02-28T19:58:12.132542Z",
            "yes_price": 23,
            "no_price": 77,
            "taker_side": "yes"
        },
        {
            "trade_id": "03e41ff3-9e78-48c5-b0b1-5ea349de8357",
            "ticker": "KXHIGHNY-25FEB28-B48.5",
            "count": 61,
            "created_time": "2025-02-28T19:55:52.487234Z",
            "yes_price": 23,
            "no_price": 77,
            "taker_side": "yes"
        },
        {
            "trade_id": "ce93ebf9-74b5-4a24-ac43-5744005dc0a2",
            "ticker": "KXHIGHNY-25FEB28-B48.5",
            "count": 174,
            "created_time": "2025-02-28T19:54:19.698592Z",
            "yes_price": 26,
            "no_price": 74,
            "taker_side": "yes"
        },
        {
            "trade_id": "a4ef43aa-a510-49e8-a1f5-056e7dce30e0",
            "ticker": "KXHIGHNY-25FEB28-B48.5",
            "count": 5,
            "created_time": "2025-02-28T19:53:30.459431Z",
            "yes_price": 20,
            "no_price": 80,
            "taker_side": "no"
        },
        {
            "trade_id": "20456628-8dca-4b68-ac01-05673f3702f3",
            "ticker": "KXHIGHNY-25FEB28-B48.5",
            "count": 35,
            "created_time": "2025-02-28T19:51:42.792415Z",
            "yes_price": 24,
            "no_price": 76,
            "taker_side": "yes"
        },
        {
            "trade_id": "1845a433-b3d4-442b-b626-a1aac4a1d2bc",
            "ticker": "KXHIGHNY-25FEB28-B48.5",
            "count": 18,
            "created_time": "2025-02-28T19:51:18.426165Z",
            "yes_price": 24,
            "no_price": 76,
            "taker_side": "yes"
        },
        {
            "trade_id": "f8f5ad1e-cbf5-40d4-accb-36048297f1aa",
            "ticker": "KXHIGHNY-25FEB28-B48.5",
            "count": 57,
            "created_time": "2025-02-28T19:50:38.623439Z",
            "yes_price": 24,
            "no_price": 76,
            "taker_side": "yes"
        },
        {
            "trade_id": "95a09a27-e0b3-40f3-83e5-26fb83ad1867",
            "ticker": "KXHIGHNY-25FEB28-B48.5",
            "count": 50,
            "created_time": "2025-02-28T19:50:38.623439Z",
            "yes_price": 23,
            "no_price": 77,
            "taker_side": "yes"
        },
        {
            "trade_id": "267e15c8-b02c-4859-9275-94bd950991ac",
            "ticker": "KXHIGHNY-25FEB28-B48.5",
            "count": 2,
            "created_time": "2025-02-28T19:50:38.623439Z",
            "yes_price": 22,
            "no_price": 78,
            "taker_side": "yes"
        },
        {
            "trade_id": "467a480e-4787-4afb-92bf-f270185da2d2",
            "ticker": "KXHIGHNY-25FEB28-B48.5",
            "count": 9,
            "created_time": "2025-02-28T19:49:35.643213Z",
            "yes_price": 21,
            "no_price": 79,
            "taker_side": "yes"
        },
        {
            "trade_id": "18305854-2812-4b6f-99c2-a999be4a3da1",
            "ticker": "KXHIGHNY-25FEB28-B48.5",
            "count": 18,
            "created_time": "2025-02-28T19:47:58.560054Z",
            "yes_price": 14,
            "no_price": 86,
            "taker_side": "no"
        },
        {
            "trade_id": "dfa868a5-17f2-426a-ad97-a7849044efd5",
            "ticker": "KXHIGHNY-25FEB28-B48.5",
            "count": 50,
            "created_time": "2025-02-28T19:47:53.25344Z",
            "yes_price": 18,
            "no_price": 82,
            "taker_side": "no"
        },
        {
            "trade_id": "d657f976-deae-4412-a3f0-5051cc5305ed",
            "ticker": "KXHIGHNY-25FEB28-B48.5",
            "count": 1,
            "created_time": "2025-02-28T19:47:53.25344Z",
            "yes_price": 15,
            "no_price": 85,
            "taker_side": "no"
        },
        {
            "trade_id": "a62e71fb-5087-454e-bdc5-6ea9a1162a03",
            "ticker": "KXHIGHNY-25FEB28-B48.5",
            "count": 136,
            "created_time": "2025-02-28T19:47:53.25344Z",
            "yes_price": 14,
            "no_price": 86,
            "taker_side": "no"
        },
        {
            "trade_id": "a28496f2-33dd-4eea-8928-03b2402b1894",
            "ticker": "KXHIGHNY-25FEB28-B48.5",
            "count": 1,
            "created_time": "2025-02-28T19:47:53.25344Z",
            "yes_price": 15,
            "no_price": 85,
            "taker_side": "no"
        },
        {
            "trade_id": "4cbf5d8b-325e-42a5-98e6-39a4fcfe019e",
            "ticker": "KXHIGHNY-25FEB28-B48.5",
            "count": 11,
            "created_time": "2025-02-28T19:47:53.25344Z",
            "yes_price": 15,
            "no_price": 85,
            "taker_side": "no"
        },
        {
            "trade_id": "267fa482-0e86-48af-ab20-768af0b057e5",
            "ticker": "KXHIGHNY-25FEB28-B48.5",
            "count": 95,
            "created_time": "2025-02-28T19:47:53.25344Z",
            "yes_price": 17,
            "no_price": 83,
            "taker_side": "no"
        },
        {
            "trade_id": "c7ce705a-fc34-4ca6-a7b9-8a37b4e65cba",
            "ticker": "KXHIGHNY-25FEB28-B48.5",
            "count": 38,
            "created_time": "2025-02-28T19:47:45.69643Z",
            "yes_price": 20,
            "no_price": 80,
            "taker_side": "no"
        },
        {
            "trade_id": "560587a4-a0a4-4ed0-99a9-f7f3078ce97a",
            "ticker": "KXHIGHNY-25FEB28-B48.5",
            "count": 50,
            "created_time": "2025-02-28T19:46:14.068406Z",
            "yes_price": 26,
            "no_price": 74,
            "taker_side": "yes"
        },
        {
            "trade_id": "306d378e-8aa1-4155-9224-683d27f57e20",
            "ticker": "KXHIGHNY-25FEB28-B48.5",
            "count": 300,
            "created_time": "2025-02-28T19:46:14.068406Z",
            "yes_price": 26,
            "no_price": 74,
            "taker_side": "yes"
        },
        {
            "trade_id": "35cb0787-3bb3-4c6c-ae83-873883cad7e4",
            "ticker": "KXHIGHNY-25FEB28-B48.5",
            "count": 36,
            "created_time": "2025-02-28T19:43:54.972178Z",
            "yes_price": 18,
            "no_price": 82,
            "taker_side": "no"
        },
        {
            "trade_id": "9a67bf37-2da1-4f20-b971-8d55e67566cc",
            "ticker": "KXHIGHNY-25FEB28-B48.5",
            "count": 84,
            "created_time": "2025-02-28T19:42:59.722284Z",
            "yes_price": 23,
            "no_price": 77,
            "taker_side": "yes"
        },
        {
            "trade_id": "66fa192c-5979-4553-b4fd-a7fe4a9a1d28",
            "ticker": "KXHIGHNY-25FEB28-B48.5",
            "count": 22,
            "created_time": "2025-02-28T19:42:54.446603Z",
            "yes_price": 23,
            "no_price": 77,
            "taker_side": "no"
        },
        {
            "trade_id": "06f71072-e437-4d72-9c46-bb1f313dce79",
            "ticker": "KXHIGHNY-25FEB28-B48.5",
            "count": 4,
            "created_time": "2025-02-28T19:42:54.446603Z",
            "yes_price": 24,
            "no_price": 76,
            "taker_side": "no"
        },
        {
            "trade_id": "7454fed3-6c8b-49ef-a8c5-3d9bc9f560d4",
            "ticker": "KXHIGHNY-25FEB28-B48.5",
            "count": 121,
            "created_time": "2025-02-28T19:42:44.922044Z",
            "yes_price": 25,
            "no_price": 75,
            "taker_side": "yes"
        },
        {
            "trade_id": "b7289f6e-24a8-42ac-8434-a06f6fff839d",
            "ticker": "KXHIGHNY-25FEB28-B48.5",
            "count": 79,
            "created_time": "2025-02-28T19:42:37.022956Z",
            "yes_price": 25,
            "no_price": 75,
            "taker_side": "yes"
        },
        {
            "trade_id": "7e39a5df-8427-462e-8196-b9e0c7ee9f95",
            "ticker": "KXHIGHNY-25FEB28-B48.5",
            "count": 135,
            "created_time": "2025-02-28T19:41:56.911752Z",
            "yes_price": 28,
            "no_price": 72,
            "taker_side": "yes"
        },
        {
            "trade_id": "a1653c34-8bd3-4222-976a-aef2b56d6f52",
            "ticker": "KXHIGHNY-25FEB28-B48.5",
            "count": 135,
            "created_time": "2025-02-28T19:41:54.696023Z",
            "yes_price": 28,
            "no_price": 72,
            "taker_side": "yes"
        },
        {
            "trade_id": "80d1ffd3-d751-4fd2-b2f9-a0fa80bf8acd",
            "ticker": "KXHIGHNY-25FEB28-B48.5",
            "count": 163,
            "created_time": "2025-02-28T19:41:48.994016Z",
            "yes_price": 28,
            "no_price": 72,
            "taker_side": "yes"
        },
        {
            "trade_id": "40cc47c4-18be-4c8b-882e-09abd27abe7f",
            "ticker": "KXHIGHNY-25FEB28-B48.5",
            "count": 50,
            "created_time": "2025-02-28T19:41:36.145398Z",
            "yes_price": 30,
            "no_price": 70,
            "taker_side": "yes"
        },
        {
            "trade_id": "d5ac6e71-356f-4c14-a09c-8a9a8a191270",
            "ticker": "KXHIGHNY-25FEB28-B48.5",
            "count": 28,
            "created_time": "2025-02-28T19:41:31.572259Z",
            "yes_price": 28,
            "no_price": 72,
            "taker_side": "yes"
        },
        {
            "trade_id": "d46292e0-e7a6-4900-b062-055581f4497b",
            "ticker": "KXHIGHNY-25FEB28-B48.5",
            "count": 50,
            "created_time": "2025-02-28T19:41:30.55081Z",
            "yes_price": 28,
            "no_price": 72,
            "taker_side": "no"
        },
        {
            "trade_id": "fd927625-5768-4602-ab45-8c166ba00fe2",
            "ticker": "KXHIGHNY-25FEB28-B48.5",
            "count": 11,
            "created_time": "2025-02-28T19:41:12.578466Z",
            "yes_price": 59,
            "no_price": 41,
            "taker_side": "yes"
        },
        {
            "trade_id": "ef1ff6c0-6509-4a18-b59d-93d60e070b98",
            "ticker": "KXHIGHNY-25FEB28-B48.5",
            "count": 15,
            "created_time": "2025-02-28T19:41:12.578466Z",
            "yes_price": 26,
            "no_price": 74,
            "taker_side": "yes"
        },
        {
            "trade_id": "eddbfe66-fbb5-444e-b5ee-ba01ba661c86",
            "ticker": "KXHIGHNY-25FEB28-B48.5",
            "count": 5,
            "created_time": "2025-02-28T19:41:12.578466Z",
            "yes_price": 40,
            "no_price": 60,
            "taker_side": "yes"
        },
        {
            "trade_id": "eab2e660-1893-460c-b049-31d50bc504fb",
            "ticker": "KXHIGHNY-25FEB28-B48.5",
            "count": 22,
            "created_time": "2025-02-28T19:41:12.578466Z",
            "yes_price": 32,
            "no_price": 68,
            "taker_side": "yes"
        },
        {
            "trade_id": "d1ad7928-b852-417c-bc02-ee459c6111c8",
            "ticker": "KXHIGHNY-25FEB28-B48.5",
            "count": 10,
            "created_time": "2025-02-28T19:41:12.578466Z",
            "yes_price": 57,
            "no_price": 43,
            "taker_side": "yes"
        },
        {
            "trade_id": "bd22e79e-0034-49e0-9455-1259cbce171f",
            "ticker": "KXHIGHNY-25FEB28-B48.5",
            "count": 52,
            "created_time": "2025-02-28T19:41:12.578466Z",
            "yes_price": 25,
            "no_price": 75,
            "taker_side": "yes"
        },
        {
            "trade_id": "ba47f643-c0f0-4f4d-aa28-84f79d3399ab",
            "ticker": "KXHIGHNY-25FEB28-B48.5",
            "count": 7,
            "created_time": "2025-02-28T19:41:12.578466Z",
            "yes_price": 37,
            "no_price": 63,
            "taker_side": "yes"
        },
        {
            "trade_id": "b2196b4f-213d-457e-b612-3ea16f9c7b53",
            "ticker": "KXHIGHNY-25FEB28-B48.5",
            "count": 198,
            "created_time": "2025-02-28T19:41:12.578466Z",
            "yes_price": 27,
            "no_price": 73,
            "taker_side": "yes"
        },
        {
            "trade_id": "a5b0c184-4a03-45aa-be7b-908059a42976",
            "ticker": "KXHIGHNY-25FEB28-B48.5",
            "count": 20,
            "created_time": "2025-02-28T19:41:12.578466Z",
            "yes_price": 28,
            "no_price": 72,
            "taker_side": "yes"
        },
        {
            "trade_id": "961420f9-78d2-4ab8-ba4d-b4e78647a6a7",
            "ticker": "KXHIGHNY-25FEB28-B48.5",
            "count": 2,
            "created_time": "2025-02-28T19:41:12.578466Z",
            "yes_price": 49,
            "no_price": 51,
            "taker_side": "yes"
        },
        {
            "trade_id": "90f251fd-e214-4a83-8c68-4e28f1ce9764",
            "ticker": "KXHIGHNY-25FEB28-B48.5",
            "count": 122,
            "created_time": "2025-02-28T19:41:12.578466Z",
            "yes_price": 26,
            "no_price": 74,
            "taker_side": "yes"
        },
        {
            "trade_id": "90a6d308-504d-4fc3-8e11-29f0f3653bba",
            "ticker": "KXHIGHNY-25FEB28-B48.5",
            "count": 11,
            "created_time": "2025-02-28T19:41:12.578466Z",
            "yes_price": 50,
            "no_price": 50,
            "taker_side": "yes"
        },
        {
            "trade_id": "8460e84d-6d12-4f9f-a462-cc86fb733e76",
            "ticker": "KXHIGHNY-25FEB28-B48.5",
            "count": 2,
            "created_time": "2025-02-28T19:41:12.578466Z",
            "yes_price": 36,
            "no_price": 64,
            "taker_side": "yes"
        },
        {
            "trade_id": "7f3308f6-c0b4-4ddb-a08d-33d3357d36e6",
            "ticker": "KXHIGHNY-25FEB28-B48.5",
            "count": 40,
            "created_time": "2025-02-28T19:41:12.578466Z",
            "yes_price": 36,
            "no_price": 64,
            "taker_side": "yes"
        },
        {
            "trade_id": "753a78be-fbd2-4051-84c5-40a147682bb5",
            "ticker": "KXHIGHNY-25FEB28-B48.5",
            "count": 504,
            "created_time": "2025-02-28T19:41:12.578466Z",
            "yes_price": 60,
            "no_price": 40,
            "taker_side": "yes"
        },
        {
            "trade_id": "576fcd1b-f797-4696-b42c-536097af6a14",
            "ticker": "KXHIGHNY-25FEB28-B48.5",
            "count": 10,
            "created_time": "2025-02-28T19:41:12.578466Z",
            "yes_price": 45,
            "no_price": 55,
            "taker_side": "yes"
        },
        {
            "trade_id": "542175b2-3693-464b-8add-b39c6af57eda",
            "ticker": "KXHIGHNY-25FEB28-B48.5",
            "count": 31,
            "created_time": "2025-02-28T19:41:12.578466Z",
            "yes_price": 51,
            "no_price": 49,
            "taker_side": "yes"
        },
        {
            "trade_id": "49bcafbd-10d3-4e9c-98e0-903ab89d700a",
            "ticker": "KXHIGHNY-25FEB28-B48.5",
            "count": 1,
            "created_time": "2025-02-28T19:41:12.578466Z",
            "yes_price": 32,
            "no_price": 68,
            "taker_side": "yes"
        },
        {
            "trade_id": "0a5ce3da-91af-461c-bee9-265dd26c193f",
            "ticker": "KXHIGHNY-25FEB28-B48.5",
            "count": 1,
            "created_time": "2025-02-28T19:41:12.578466Z",
            "yes_price": 51,
            "no_price": 49,
            "taker_side": "yes"
        },
        {
            "trade_id": "f24989dd-be0e-49fc-964a-ebb93c19768d",
            "ticker": "KXHIGHNY-25FEB28-B48.5",
            "count": 290,
            "created_time": "2025-02-28T19:40:57.044502Z",
            "yes_price": 24,
            "no_price": 76,
            "taker_side": "yes"
        },
        {
            "trade_id": "5c5b3612-a981-4368-bf79-4e61f0ab6beb",
            "ticker": "KXHIGHNY-25FEB28-B48.5",
            "count": 300,
            "created_time": "2025-02-28T19:40:35.404909Z",
            "yes_price": 23,
            "no_price": 77,
            "taker_side": "yes"
        },
        {
            "trade_id": "a244db43-721a-4648-a1cb-3abe83bf20b8",
            "ticker": "KXHIGHNY-25FEB28-B48.5",
            "count": 3,
            "created_time": "2025-02-28T19:40:09.734199Z",
            "yes_price": 22,
            "no_price": 78,
            "taker_side": "no"
        },
        {
            "trade_id": "de53ac15-052f-4f4a-bf45-7d89ef32dd0f",
            "ticker": "KXHIGHNY-25FEB28-B48.5",
            "count": 99,
            "created_time": "2025-02-28T19:40:09.153435Z",
            "yes_price": 22,
            "no_price": 78,
            "taker_side": "yes"
        },
        {
            "trade_id": "7d333088-f265-491a-a5e7-1cf7d6a44ba0",
            "ticker": "KXHIGHNY-25FEB28-B48.5",
            "count": 18,
            "created_time": "2025-02-28T19:40:09.153435Z",
            "yes_price": 20,
            "no_price": 80,
            "taker_side": "yes"
        },
        {
            "trade_id": "63062ee9-9891-4bd0-9883-f7b1b2a2befd",
            "ticker": "KXHIGHNY-25FEB28-B48.5",
            "count": 300,
            "created_time": "2025-02-28T19:40:09.153435Z",
            "yes_price": 22,
            "no_price": 78,
            "taker_side": "yes"
        },
        {
            "trade_id": "1a8743ef-e7cb-4c08-ab36-9ebb97df1c15",
            "ticker": "KXHIGHNY-25FEB28-B48.5",
            "count": 50,
            "created_time": "2025-02-28T19:40:09.153435Z",
            "yes_price": 19,
            "no_price": 81,
            "taker_side": "yes"
        },
        {
            "trade_id": "c86daa67-a2e7-4c2b-ad7b-2c2341eae89f",
            "ticker": "KXHIGHNY-25FEB28-B48.5",
            "count": 5,
            "created_time": "2025-02-28T19:39:01.655472Z",
            "yes_price": 15,
            "no_price": 85,
            "taker_side": "no"
        },
        {
            "trade_id": "adc304e4-53f4-4daa-9766-1c9404839c8b",
            "ticker": "KXHIGHNY-25FEB28-B48.5",
            "count": 6,
            "created_time": "2025-02-28T19:33:47.445849Z",
            "yes_price": 16,
            "no_price": 84,
            "taker_side": "no"
        },
        {
            "trade_id": "6e54d30e-458b-485b-809b-00916996838e",
            "ticker": "KXHIGHNY-25FEB28-B48.5",
            "count": 102,
            "created_time": "2025-02-28T19:29:16.991148Z",
            "yes_price": 24,
            "no_price": 76,
            "taker_side": "yes"
        },
        {
            "trade_id": "45daf25b-2f7e-44a3-a413-21dbd90fca35",
            "ticker": "KXHIGHNY-25FEB28-B48.5",
            "count": 99,
            "created_time": "2025-02-28T19:29:16.991148Z",
            "yes_price": 23,
            "no_price": 77,
            "taker_side": "yes"
        },
        {
            "trade_id": "a582aaf0-dc22-47b4-bc7a-ee22476a2ad3",
            "ticker": "KXHIGHNY-25FEB28-B48.5",
            "count": 20,
            "created_time": "2025-02-28T19:28:47.538099Z",
            "yes_price": 22,
            "no_price": 78,
            "taker_side": "yes"
        },
        {
            "trade_id": "fbf9d224-f549-4a96-b2c4-816603d7a235",
            "ticker": "KXHIGHNY-25FEB28-B48.5",
            "count": 100,
            "created_time": "2025-02-28T19:26:33.738367Z",
            "yes_price": 12,
            "no_price": 88,
            "taker_side": "no"
        },
        {
            "trade_id": "b4e9713e-229c-44b4-8393-4e00f7c40d55",
            "ticker": "KXHIGHNY-25FEB28-B48.5",
            "count": 50,
            "created_time": "2025-02-28T19:26:32.577201Z",
            "yes_price": 20,
            "no_price": 80,
            "taker_side": "yes"
        },
        {
            "trade_id": "86027fdf-6d4e-493d-a8e8-ec3015d6f6c9",
            "ticker": "KXHIGHNY-25FEB28-B48.5",
            "count": 10,
            "created_time": "2025-02-28T19:26:32.577201Z",
            "yes_price": 15,
            "no_price": 85,
            "taker_side": "yes"
        },
        {
            "trade_id": "c8cf5ee8-fc4a-4c21-af90-8a4953186e2a",
            "ticker": "KXHIGHNY-25FEB28-B48.5",
            "count": 4,
            "created_time": "2025-02-28T19:26:07.903556Z",
            "yes_price": 15,
            "no_price": 85,
            "taker_side": "no"
        },
        {
            "trade_id": "ac56ac6f-4e17-4655-998f-eae38dfb0e5d",
            "ticker": "KXHIGHNY-25FEB28-B48.5",
            "count": 50,
            "created_time": "2025-02-28T19:26:00.554598Z",
            "yes_price": 16,
            "no_price": 84,
            "taker_side": "no"
        },
        {
            "trade_id": "841ed6d9-ad77-49ef-b033-d977d29b324e",
            "ticker": "KXHIGHNY-25FEB28-B48.5",
            "count": 300,
            "created_time": "2025-02-28T19:26:00.554598Z",
            "yes_price": 16,
            "no_price": 84,
            "taker_side": "no"
        },
        {
            "trade_id": "3958c52e-33b4-4ad3-876a-c75389bfb33d",
            "ticker": "KXHIGHNY-25FEB28-B48.5",
            "count": 96,
            "created_time": "2025-02-28T19:26:00.554598Z",
            "yes_price": 15,
            "no_price": 85,
            "taker_side": "no"
        },
        {
            "trade_id": "2ca5b22f-5386-490c-831d-69d37ec0648d",
            "ticker": "KXHIGHNY-25FEB28-B48.5",
            "count": 50,
            "created_time": "2025-02-28T19:22:53.453759Z",
            "yes_price": 26,
            "no_price": 74,
            "taker_side": "yes"
        },
        {
            "trade_id": "248f6cfe-b035-42db-a892-aa8907921d39",
            "ticker": "KXHIGHNY-25FEB28-B48.5",
            "count": 50,
            "created_time": "2025-02-28T19:22:53.453759Z",
            "yes_price": 25,
            "no_price": 75,
            "taker_side": "yes"
        },
        {
            "trade_id": "94fec96f-1881-4606-b248-1d1e85479159",
            "ticker": "KXHIGHNY-25FEB28-B48.5",
            "count": 50,
            "created_time": "2025-02-28T19:21:00.479849Z",
            "yes_price": 26,
            "no_price": 74,
            "taker_side": "yes"
        },
        {
            "trade_id": "46670110-fa25-4838-afa1-b0ba0fde2f91",
            "ticker": "KXHIGHNY-25FEB28-B48.5",
            "count": 17,
            "created_time": "2025-02-28T19:21:00.479849Z",
            "yes_price": 27,
            "no_price": 73,
            "taker_side": "yes"
        },
        {
            "trade_id": "59e4959b-7d4f-47a1-96ed-d9aa83f3e8c5",
            "ticker": "KXHIGHNY-25FEB28-B48.5",
            "count": 11,
            "created_time": "2025-02-28T19:19:23.960155Z",
            "yes_price": 26,
            "no_price": 74,
            "taker_side": "no"
        },
        {
            "trade_id": "d7847f38-ae16-42e4-ba01-698bb0995226",
            "ticker": "KXHIGHNY-25FEB28-B48.5",
            "count": 18,
            "created_time": "2025-02-28T19:19:23.880236Z",
            "yes_price": 25,
            "no_price": 75,
            "taker_side": "yes"
        },
        {
            "trade_id": "696b2fe0-c953-4a12-820f-3ad510317d58",
            "ticker": "KXHIGHNY-25FEB28-B48.5",
            "count": 104,
            "created_time": "2025-02-28T19:19:23.880236Z",
            "yes_price": 26,
            "no_price": 74,
            "taker_side": "yes"
        },
        {
            "trade_id": "0b5b348f-f63a-49b0-8dd4-bf082b83e208",
            "ticker": "KXHIGHNY-25FEB28-B48.5",
            "count": 99,
            "created_time": "2025-02-28T19:19:23.880236Z",
            "yes_price": 25,
            "no_price": 75,
            "taker_side": "yes"
        },
        {
            "trade_id": "83bd07f4-18f0-4d46-9376-c35bcb9e3741",
            "ticker": "KXHIGHNY-25FEB28-B48.5",
            "count": 8,
            "created_time": "2025-02-28T19:19:15.973898Z",
            "yes_price": 22,
            "no_price": 78,
            "taker_side": "yes"
        },
        {
            "trade_id": "99ef6ccf-00f2-4f23-ae58-e23fb2159fca",
            "ticker": "KXHIGHNY-25FEB28-B48.5",
            "count": 20,
            "created_time": "2025-02-28T19:18:22.26196Z",
            "yes_price": 14,
            "no_price": 86,
            "taker_side": "no"
        },
        {
            "trade_id": "3f57c788-97fa-4605-8eb8-267956f4a108",
            "ticker": "KXHIGHNY-25FEB28-B48.5",
            "count": 5,
            "created_time": "2025-02-28T19:18:22.26196Z",
            "yes_price": 14,
            "no_price": 86,
            "taker_side": "no"
        },
        {
            "trade_id": "5a0a3dcb-a4b0-4919-8183-957f7153d2d2",
            "ticker": "KXHIGHNY-25FEB28-B48.5",
            "count": 50,
            "created_time": "2025-02-28T19:16:30.934622Z",
            "yes_price": 20,
            "no_price": 80,
            "taker_side": "yes"
        },
        {
            "trade_id": "a0d6b01e-7e41-4d47-8a82-2d35d913b490",
            "ticker": "KXHIGHNY-25FEB28-B48.5",
            "count": 141,
            "created_time": "2025-02-28T19:14:50.657542Z",
            "yes_price": 15,
            "no_price": 85,
            "taker_side": "no"
        },
        {
            "trade_id": "555b4499-1f3e-4966-81a1-64472c7935de",
            "ticker": "KXHIGHNY-25FEB28-B48.5",
            "count": 50,
            "created_time": "2025-02-28T19:14:50.657542Z",
            "yes_price": 16,
            "no_price": 84,
            "taker_side": "no"
        },
        {
            "trade_id": "ed8e9d86-ca39-474e-bb15-a73c04e944d0",
            "ticker": "KXHIGHNY-25FEB28-B48.5",
            "count": 2,
            "created_time": "2025-02-28T19:13:52.708288Z",
            "yes_price": 16,
            "no_price": 84,
            "taker_side": "no"
        },
        {
            "trade_id": "5221cc7f-7d2d-4fc5-9a3b-6c3ef4b49b2b",
            "ticker": "KXHIGHNY-25FEB28-B48.5",
            "count": 15,
