{
    "KXHIGHNY-25APR13-T53": [
        {
            "trade_id": "62e994c5-2b56-4ddd-b29c-9c3d788f70f9",
            "ticker": "KXHIGHNY-25APR13-T53",
            "count": 5,
            "created_time": "2025-04-13T22:02:24.559708Z",
            "yes_price": 1,
            "no_price": 99,
            "taker_side": "yes"
        },
        {
            "trade_id": "7740d097-9a64-4eee-bd74-e263b658f756",
            "ticker": "KXHIGHNY-25APR13-T53",
            "count": 27,
            "created_time": "2025-04-13T16:45:57.511145Z",
            "yes_price": 1,
            "no_price": 99,
            "taker_side": "yes"
        },
        {
            "trade_id": "66d63b50-6c3e-47e3-8331-b0c9abb94f16",
            "ticker": "KXHIGHNY-25APR13-T53",
            "count": 7,
            "created_time": "2025-04-13T16:44:51.037852Z",
            "yes_price": 1,
            "no_price": 99,
            "taker_side": "yes"
        },
        {
            "trade_id": "c009b238-18bf-422c-a489-2525cf7f456d",
            "ticker": "KXHIGHNY-25APR13-T53",
            "count": 60,
            "created_time": "2025-04-13T16:42:40.381575Z",
            "yes_price": 1,
            "no_price": 99,
            "taker_side": "yes"
        },
        {
            "trade_id": "53aa5702-cdd1-455c-9796-ddef72b86284",
            "ticker": "KXHIGHNY-25APR13-T53",
            "count": 9,
            "created_time": "2025-04-13T16:42:14.207147Z",
            "yes_price": 1,
            "no_price": 99,
            "taker_side": "yes"
        },
        {
            "trade_id": "f8b9d725-90ff-4c31-8e8f-a44a8e7460c9",
            "ticker": "KXHIGHNY-25APR13-T53",
            "count": 4,
            "created_time": "2025-04-13T16:41:32.211432Z",
            "yes_price": 1,
            "no_price": 99,
            "taker_side": "yes"
        },
        {
            "trade_id": "ae3f99c6-2b65-41bf-8ce0-abb804a3bed9",
            "ticker": "KXHIGHNY-25APR13-T53",
            "count": 2,
            "created_time": "2025-04-13T16:40:03.012005Z",
            "yes_price": 1,
            "no_price": 99,
            "taker_side": "yes"
        },
        {
            "trade_id": "bff5b5c2-59db-4df5-af54-65fdf82cb865",
            "ticker": "KXHIGHNY-25APR13-T53",
            "count": 7,
            "created_time": "2025-04-13T16:39:43.725626Z",
            "yes_price": 1,
            "no_price": 99,
            "taker_side": "yes"
        },
        {
            "trade_id": "8ca2df01-bbee-4ed6-9b13-9b35b01c95fa",
            "ticker": "KXHIGHNY-25APR13-T53",
            "count": 2,
            "created_time": "2025-04-13T16:37:45.816702Z",
            "yes_price": 1,
            "no_price": 99,
            "taker_side": "yes"
        },
        {
            "trade_id": "9bc709ee-5a35-4b41-bd78-a75de723fc10",
            "ticker": "KXHIGHNY-25APR13-T53",
            "count": 12,
            "created_time": "2025-04-13T16:37:35.42862Z",
            "yes_price": 1,
            "no_price": 99,
            "taker_side": "yes"
        },
        {
            "trade_id": "0e7153d6-e65f-4912-b1dc-9b3c95262c25",
            "ticker": "KXHIGHNY-25APR13-T53",
            "count": 93,
            "created_time": "2025-04-13T16:36:54.265887Z",
            "yes_price": 1,
            "no_price": 99,
            "taker_side": "yes"
        },
        {
            "trade_id": "592117cf-a49c-44b7-a22a-bd29ba6d30c5",
            "ticker": "KXHIGHNY-25APR13-T53",
            "count": 8,
            "created_time": "2025-04-13T16:24:44.794108Z",
            "yes_price": 1,
            "no_price": 99,
            "taker_side": "yes"
        },
        {
            "trade_id": "91b5b5ea-9c46-4247-9e45-9d4e5a9a82c5",
            "ticker": "KXHIGHNY-25APR13-T53",
            "count": 40,
            "created_time": "2025-04-13T16:21:38.3175Z",
            "yes_price": 1,
            "no_price": 99,
            "taker_side": "yes"
        },
        {
            "trade_id": "cdc4a828-60ec-4d31-a424-7f4f888cac57",
            "ticker": "KXHIGHNY-25APR13-T53",
            "count": 1,
            "created_time": "2025-04-13T16:19:39.969602Z",
            "yes_price": 1,
            "no_price": 99,
            "taker_side": "yes"
        },
        {
            "trade_id": "407b0d8f-9294-478f-8c08-7693aa9c1049",
            "ticker": "KXHIGHNY-25APR13-T53",
            "count": 99,
            "created_time": "2025-04-13T16:18:42.182492Z",
            "yes_price": 1,
            "no_price": 99,
            "taker_side": "yes"
        },
        {
            "trade_id": "bb9d02ab-ccb0-4b3f-bd24-414d03d9ea2f",
            "ticker": "KXHIGHNY-25APR13-T53",
            "count": 22,
            "created_time": "2025-04-13T16:18:39.66015Z",
            "yes_price": 1,
            "no_price": 99,
            "taker_side": "yes"
        },
        {
            "trade_id": "0f53a484-b00f-4e4b-b110-81b7224c473e",
            "ticker": "KXHIGHNY-25APR13-T53",
            "count": 4,
            "created_time": "2025-04-13T16:16:57.4901Z",
            "yes_price": 1,
            "no_price": 99,
            "taker_side": "yes"
        },
        {
            "trade_id": "6eae46e4-edd1-4e29-a8ad-d5a961209d85",
            "ticker": "KXHIGHNY-25APR13-T53",
            "count": 35,
            "created_time": "2025-04-13T16:15:52.716272Z",
            "yes_price": 1,
            "no_price": 99,
            "taker_side": "yes"
        },
        {
            "trade_id": "005e75aa-38de-4fd7-a8fb-f7cc05dafad0",
            "ticker": "KXHIGHNY-25APR13-T53",
            "count": 8,
            "created_time": "2025-04-13T16:15:52.025251Z",
            "yes_price": 1,
            "no_price": 99,
            "taker_side": "yes"
        },
        {
            "trade_id": "5bf7c4e3-e953-493f-b231-bef009be9cde",
            "ticker": "KXHIGHNY-25APR13-T53",
            "count": 200,
            "created_time": "2025-04-13T16:15:51.960783Z",
            "yes_price": 1,
            "no_price": 99,
            "taker_side": "yes"
        },
        {
            "trade_id": "be492953-3e13-4b94-a212-5ab3f80fd04f",
            "ticker": "KXHIGHNY-25APR13-T53",
            "count": 50,
            "created_time": "2025-04-13T16:09:33.842142Z",
            "yes_price": 1,
            "no_price": 99,
            "taker_side": "no"
        },
        {
            "trade_id": "c98946d4-2387-4cc2-aa0f-81d1b35c0103",
            "ticker": "KXHIGHNY-25APR13-T53",
            "count": 50,
            "created_time": "2025-04-13T16:09:27.617437Z",
            "yes_price": 2,
            "no_price": 98,
            "taker_side": "no"
        },
        {
            "trade_id": "0d928ef3-0753-4c8b-b8a0-92966550217d",
            "ticker": "KXHIGHNY-25APR13-T53",
            "count": 26,
            "created_time": "2025-04-13T16:09:15.179325Z",
            "yes_price": 3,
            "no_price": 97,
            "taker_side": "no"
        },
        {
            "trade_id": "7098a6dc-a7f4-4e1c-88fd-c8a694a3ff71",
            "ticker": "KXHIGHNY-25APR13-T53",
            "count": 104,
            "created_time": "2025-04-13T16:00:03.790249Z",
            "yes_price": 3,
            "no_price": 97,
            "taker_side": "no"
        },
        {
            "trade_id": "140553bd-ea4a-4e07-b62f-5c5fa9138e68",
            "ticker": "KXHIGHNY-25APR13-T53",
            "count": 78,
            "created_time": "2025-04-13T16:00:03.790249Z",
            "yes_price": 4,
            "no_price": 96,
            "taker_side": "no"
        },
        {
            "trade_id": "ab14a3a0-26fb-4444-9006-323bd78d1b6c",
            "ticker": "KXHIGHNY-25APR13-T53",
            "count": 24,
            "created_time": "2025-04-13T15:48:57.332374Z",
            "yes_price": 4,
            "no_price": 96,
            "taker_side": "no"
        },
        {
            "trade_id": "777f3709-506c-43ab-aba3-caa03e9239a1",
            "ticker": "KXHIGHNY-25APR13-T53",
            "count": 20,
            "created_time": "2025-04-13T15:48:57.332374Z",
            "yes_price": 5,
            "no_price": 95,
            "taker_side": "no"
        },
        {
            "trade_id": "98eec75b-d022-4457-8a0b-097946b09320",
            "ticker": "KXHIGHNY-25APR13-T53",
            "count": 39,
            "created_time": "2025-04-13T15:46:11.435544Z",
            "yes_price": 5,
            "no_price": 95,
            "taker_side": "yes"
        },
        {
            "trade_id": "9472c515-30cd-4865-b974-a6879a913ccd",
            "ticker": "KXHIGHNY-25APR13-T53",
            "count": 21,
            "created_time": "2025-04-13T15:46:11.435544Z",
            "yes_price": 6,
            "no_price": 94,
            "taker_side": "yes"
        },
        {
            "trade_id": "270d0a09-1125-4415-b074-4729fc31cbab",
            "ticker": "KXHIGHNY-25APR13-T53",
            "count": 50,
            "created_time": "2025-04-13T15:46:11.435544Z",
            "yes_price": 6,
            "no_price": 94,
            "taker_side": "yes"
        },
        {
            "trade_id": "8e58e9b9-bb93-46fc-8a82-a6713a1790c3",
            "ticker": "KXHIGHNY-25APR13-T53",
            "count": 40,
            "created_time": "2025-04-13T15:38:47.351706Z",
            "yes_price": 4,
            "no_price": 96,
            "taker_side": "no"
        },
        {
            "trade_id": "b4f2dd45-deba-4636-bc4d-5dec3fe417c5",
            "ticker": "KXHIGHNY-25APR13-T53",
            "count": 11,
            "created_time": "2025-04-13T15:37:19.579943Z",
            "yes_price": 5,
            "no_price": 95,
            "taker_side": "no"
        },
        {
            "trade_id": "ad2cac72-e1e0-4bcf-bee5-d2d56cbb8433",
            "ticker": "KXHIGHNY-25APR13-T53",
            "count": 200,
            "created_time": "2025-04-13T15:37:19.579943Z",
            "yes_price": 3,
            "no_price": 97,
            "taker_side": "no"
        },
        {
            "trade_id": "7be56144-096d-494a-b3d7-1054d6e151c5",
            "ticker": "KXHIGHNY-25APR13-T53",
            "count": 41,
            "created_time": "2025-04-13T15:37:19.579943Z",
            "yes_price": 5,
            "no_price": 95,
            "taker_side": "no"
        },
        {
            "trade_id": "23211c45-2709-443d-b89a-cc8e4d0513d2",
            "ticker": "KXHIGHNY-25APR13-T53",
            "count": 3,
            "created_time": "2025-04-13T15:24:33.839383Z",
            "yes_price": 6,
            "no_price": 94,
            "taker_side": "yes"
        },
        {
            "trade_id": "ffbee321-d994-427e-86b9-a94812ecd9cb",
            "ticker": "KXHIGHNY-25APR13-T53",
            "count": 1,
            "created_time": "2025-04-13T15:24:03.165316Z",
            "yes_price": 5,
            "no_price": 95,
            "taker_side": "no"
        },
        {
            "trade_id": "baa4ee85-82c0-4b33-b6c2-f89e1c1df4d2",
            "ticker": "KXHIGHNY-25APR13-T53",
            "count": 87,
            "created_time": "2025-04-13T15:24:03.165316Z",
            "yes_price": 5,
            "no_price": 95,
            "taker_side": "no"
        },
        {
            "trade_id": "4b8f853c-9cc1-4756-bbb8-d0879b2aa53e",
            "ticker": "KXHIGHNY-25APR13-T53",
            "count": 45,
            "created_time": "2025-04-13T15:24:03.165316Z",
            "yes_price": 5,
            "no_price": 95,
            "taker_side": "no"
        },
        {
            "trade_id": "00e7560b-18a8-43ea-86a7-0cd7f7349f2f",
            "ticker": "KXHIGHNY-25APR13-T53",
            "count": 29,
            "created_time": "2025-04-13T15:24:03.165316Z",
            "yes_price": 6,
            "no_price": 94,
            "taker_side": "no"
        },
        {
            "trade_id": "ad35c211-71f8-4e98-9a67-600a1cfb8ca7",
            "ticker": "KXHIGHNY-25APR13-T53",
            "count": 29,
            "created_time": "2025-04-13T15:13:32.477688Z",
            "yes_price": 6,
            "no_price": 94,
            "taker_side": "no"
        },
        {
            "trade_id": "aa91a01e-5094-47b5-84b1-590911ada784",
            "ticker": "KXHIGHNY-25APR13-T53",
            "count": 21,
            "created_time": "2025-04-13T15:13:32.477688Z",
            "yes_price": 6,
            "no_price": 94,
            "taker_side": "no"
        },
        {
            "trade_id": "d098a6c4-5b82-4821-8fb3-8ae290a16bda",
            "ticker": "KXHIGHNY-25APR13-T53",
            "count": 7,
            "created_time": "2025-04-13T14:37:21.625737Z",
            "yes_price": 7,
            "no_price": 93,
            "taker_side": "no"
        },
        {
            "trade_id": "39d59bb0-c6c5-43cf-b340-dc1be6fa698d",
            "ticker": "KXHIGHNY-25APR13-T53",
            "count": 27,
            "created_time": "2025-04-13T14:37:21.625737Z",
            "yes_price": 7,
            "no_price": 93,
            "taker_side": "no"
        },
        {
            "trade_id": "22decc32-a48b-408c-bdc4-ed59e17ed5d0",
            "ticker": "KXHIGHNY-25APR13-T53",
            "count": 16,
            "created_time": "2025-04-13T14:33:35.26074Z",
            "yes_price": 7,
            "no_price": 93,
            "taker_side": "no"
        },
        {
            "trade_id": "807d9100-eaca-4a3f-a427-8fbe4777d693",
            "ticker": "KXHIGHNY-25APR13-T53",
            "count": 4,
            "created_time": "2025-04-13T14:31:21.539672Z",
            "yes_price": 8,
            "no_price": 92,
            "taker_side": "no"
        },
        {
            "trade_id": "75442d71-53ac-44e0-8a8f-20eef309acdc",
            "ticker": "KXHIGHNY-25APR13-T53",
            "count": 16,
            "created_time": "2025-04-13T14:19:04.513371Z",
            "yes_price": 9,
            "no_price": 91,
            "taker_side": "no"
        },
        {
            "trade_id": "46ed1136-ba19-47bf-a64a-b41300961d7d",
            "ticker": "KXHIGHNY-25APR13-T53",
            "count": 17,
            "created_time": "2025-04-13T14:19:04.513371Z",
            "yes_price": 8,
            "no_price": 92,
            "taker_side": "no"
        },
        {
            "trade_id": "37fb6a91-5719-4120-80c7-bdefb711dcc3",
            "ticker": "KXHIGHNY-25APR13-T53",
            "count": 8,
            "created_time": "2025-04-13T14:19:04.513371Z",
            "yes_price": 10,
            "no_price": 90,
            "taker_side": "no"
        },
        {
            "trade_id": "3605049d-6c86-4899-85c4-61bab546a602",
            "ticker": "KXHIGHNY-25APR13-T53",
            "count": 50,
            "created_time": "2025-04-13T14:19:04.513371Z",
            "yes_price": 8,
            "no_price": 92,
            "taker_side": "no"
        },
        {
            "trade_id": "4a8a9e33-e806-4195-b0aa-edc7c8c33964",
            "ticker": "KXHIGHNY-25APR13-T53",
            "count": 5,
            "created_time": "2025-04-13T14:09:03.252978Z",
            "yes_price": 11,
            "no_price": 89,
            "taker_side": "no"
        },
        {
            "trade_id": "3e7b3ffc-6fdf-4200-8fe8-636c7d3bb0f0",
            "ticker": "KXHIGHNY-25APR13-T53",
            "count": 5,
            "created_time": "2025-04-13T14:09:03.252978Z",
            "yes_price": 11,
            "no_price": 89,
            "taker_side": "no"
        },
        {
            "trade_id": "f85e9177-6b86-410d-8ff8-abf66fe5f5b0",
            "ticker": "KXHIGHNY-25APR13-T53",
            "count": 200,
            "created_time": "2025-04-13T14:01:08.587521Z",
            "yes_price": 11,
            "no_price": 89,
            "taker_side": "no"
        },
        {
            "trade_id": "d2830ca1-589e-45c6-939f-a5a6073a2f3f",
            "ticker": "KXHIGHNY-25APR13-T53",
            "count": 5,
            "created_time": "2025-04-13T13:54:14.006044Z",
            "yes_price": 12,
            "no_price": 88,
            "taker_side": "no"
        },
        {
            "trade_id": "c37920fe-a774-43a4-9d48-9db4c3dcd57f",
            "ticker": "KXHIGHNY-25APR13-T53",
            "count": 295,
            "created_time": "2025-04-13T13:54:14.006044Z",
            "yes_price": 11,
            "no_price": 89,
            "taker_side": "no"
        },
        {
            "trade_id": "ac0cfcca-4341-4cc4-835e-87772a027e05",
            "ticker": "KXHIGHNY-25APR13-T53",
            "count": 11,
            "created_time": "2025-04-13T13:53:33.764258Z",
            "yes_price": 12,
            "no_price": 88,
            "taker_side": "no"
        },
        {
            "trade_id": "3d5ffb22-25d7-48e2-96ab-c4d3401d4c9a",
            "ticker": "KXHIGHNY-25APR13-T53",
            "count": 5,
            "created_time": "2025-04-13T13:53:33.764258Z",
            "yes_price": 12,
            "no_price": 88,
            "taker_side": "no"
        },
        {
            "trade_id": "bfcb61fa-e4b0-44c0-98c6-762a07228284",
            "ticker": "KXHIGHNY-25APR13-T53",
            "count": 5,
            "created_time": "2025-04-13T13:53:23.516679Z",
            "yes_price": 13,
            "no_price": 87,
            "taker_side": "no"
        },
        {
            "trade_id": "59d3a8e2-f39c-4b47-baf7-0fbc68b35a12",
            "ticker": "KXHIGHNY-25APR13-T53",
            "count": 8,
            "created_time": "2025-04-13T13:53:23.516679Z",
            "yes_price": 13,
            "no_price": 87,
            "taker_side": "no"
        },
        {
            "trade_id": "f4214e5e-4915-41bb-aef4-9e5bac16bc5e",
            "ticker": "KXHIGHNY-25APR13-T53",
            "count": 5,
            "created_time": "2025-04-13T13:47:53.946485Z",
            "yes_price": 14,
            "no_price": 86,
            "taker_side": "no"
        },
        {
            "trade_id": "4e5863ff-bdec-4b68-aad2-b059815c4e78",
            "ticker": "KXHIGHNY-25APR13-T53",
            "count": 1,
            "created_time": "2025-04-13T13:47:53.946485Z",
            "yes_price": 13,
            "no_price": 87,
            "taker_side": "no"
        },
        {
            "trade_id": "0ca61dcb-2511-4f63-9def-44f0e4eebd88",
            "ticker": "KXHIGHNY-25APR13-T53",
            "count": 2,
            "created_time": "2025-04-13T13:47:53.946485Z",
            "yes_price": 14,
            "no_price": 86,
            "taker_side": "no"
        },
        {
            "trade_id": "e5a71e1f-076c-4633-9c0d-7cab29bd2bfc",
            "ticker": "KXHIGHNY-25APR13-T53",
            "count": 5,
            "created_time": "2025-04-13T13:47:07.20856Z",
            "yes_price": 14,
            "no_price": 86,
            "taker_side": "yes"
        },
        {
            "trade_id": "ee485381-1d3e-4e12-a1d9-12c72506d1e8",
            "ticker": "KXHIGHNY-25APR13-T53",
            "count": 5,
            "created_time": "2025-04-13T13:47:05.663815Z",
            "yes_price": 13,
            "no_price": 87,
            "taker_side": "yes"
        },
        {
            "trade_id": "fedb5e8a-ddb8-4593-93c0-1011b3673f81",
            "ticker": "KXHIGHNY-25APR13-T53",
            "count": 5,
            "created_time": "2025-04-13T13:46:31.83492Z",
            "yes_price": 16,
            "no_price": 84,
            "taker_side": "no"
        },
        {
            "trade_id": "3c01a10a-8e06-4725-8630-4ba409979d53",
            "ticker": "KXHIGHNY-25APR13-T53",
            "count": 87,
            "created_time": "2025-04-13T13:46:31.83492Z",
            "yes_price": 16,
            "no_price": 84,
            "taker_side": "no"
        },
        {
            "trade_id": "71554754-ed74-4e44-b4c3-79e9a9f78860",
            "ticker": "KXHIGHNY-25APR13-T53",
            "count": 100,
            "created_time": "2025-04-13T13:44:15.447993Z",
            "yes_price": 16,
            "no_price": 84,
            "taker_side": "no"
        },
        {
            "trade_id": "6fd02f11-845a-4b64-81b6-29cf542c435e",
            "ticker": "KXHIGHNY-25APR13-T53",
            "count": 9,
            "created_time": "2025-04-13T13:39:41.340331Z",
            "yes_price": 16,
            "no_price": 84,
            "taker_side": "no"
        },
        {
            "trade_id": "8e4438d7-f968-4654-bd08-8d83c279664a",
            "ticker": "KXHIGHNY-25APR13-T53",
            "count": 5,
            "created_time": "2025-04-13T13:39:34.261312Z",
            "yes_price": 16,
            "no_price": 84,
            "taker_side": "no"
        },
        {
            "trade_id": "3ab3360f-3588-48df-b758-18b92548fab3",
            "ticker": "KXHIGHNY-25APR13-T53",
            "count": 35,
            "created_time": "2025-04-13T13:38:57.7115Z",
            "yes_price": 16,
            "no_price": 84,
            "taker_side": "no"
        },
        {
            "trade_id": "05d8628c-c5e1-4da0-9948-8f0583daaa90",
            "ticker": "KXHIGHNY-25APR13-T53",
            "count": 5,
            "created_time": "2025-04-13T13:36:49.201907Z",
            "yes_price": 16,
            "no_price": 84,
            "taker_side": "no"
        },
        {
            "trade_id": "dad75ddb-b8bb-459b-a170-3bca93a5d627",
            "ticker": "KXHIGHNY-25APR13-T53",
            "count": 13,
            "created_time": "2025-04-13T13:33:38.868412Z",
            "yes_price": 16,
            "no_price": 84,
            "taker_side": "no"
        },
        {
            "trade_id": "b9fe930f-44b1-4dbf-ba35-e46f172078e8",
            "ticker": "KXHIGHNY-25APR13-T53",
            "count": 33,
            "created_time": "2025-04-13T13:30:48.163231Z",
            "yes_price": 16,
            "no_price": 84,
            "taker_side": "no"
        },
        {
            "trade_id": "8be54869-2031-44c7-b969-6defb657f297",
            "ticker": "KXHIGHNY-25APR13-T53",
            "count": 100,
            "created_time": "2025-04-13T13:29:14.726883Z",
            "yes_price": 16,
            "no_price": 84,
            "taker_side": "no"
        },
        {
            "trade_id": "bd6f553d-e5f2-4a7e-bba1-d8207fcd7996",
            "ticker": "KXHIGHNY-25APR13-T53",
            "count": 5,
            "created_time": "2025-04-13T13:28:11.300942Z",
            "yes_price": 16,
            "no_price": 84,
            "taker_side": "no"
        },
        {
            "trade_id": "c9e4b0d0-bd13-4a62-825c-55692b23710c",
            "ticker": "KXHIGHNY-25APR13-T53",
            "count": 5,
            "created_time": "2025-04-13T13:28:04.759555Z",
            "yes_price": 16,
            "no_price": 84,
            "taker_side": "no"
        },
        {
            "trade_id": "522ef953-ed96-4183-adbd-593d8260983a",
            "ticker": "KXHIGHNY-25APR13-T53",
            "count": 57,
            "created_time": "2025-04-13T13:27:40.652217Z",
            "yes_price": 16,
            "no_price": 84,
            "taker_side": "no"
        },
        {
            "trade_id": "2343386c-24d0-406d-85ac-3c7910efd0fb",
            "ticker": "KXHIGHNY-25APR13-T53",
            "count": 92,
            "created_time": "2025-04-13T13:24:40.811625Z",
            "yes_price": 16,
            "no_price": 84,
            "taker_side": "no"
        },
        {
            "trade_id": "d6f98cb8-ab1e-4126-99f3-154f3ca87dbf",
            "ticker": "KXHIGHNY-25APR13-T53",
            "count": 28,
            "created_time": "2025-04-13T13:22:47.69693Z",
            "yes_price": 16,
            "no_price": 84,
            "taker_side": "no"
        },
        {
            "trade_id": "276fb4a3-06f9-4240-b8cb-31a5b4dfa16d",
            "ticker": "KXHIGHNY-25APR13-T53",
            "count": 5,
            "created_time": "2025-04-13T13:22:42.639454Z",
            "yes_price": 16,
            "no_price": 84,
            "taker_side": "no"
        },
        {
            "trade_id": "f9a678b5-051d-4725-9bb5-170672c39d38",
            "ticker": "KXHIGHNY-25APR13-T53",
            "count": 14,
            "created_time": "2025-04-13T13:22:38.059195Z",
            "yes_price": 14,
            "no_price": 86,
            "taker_side": "yes"
        },
        {
            "trade_id": "f5c3e0b3-80ee-47ab-a5cd-79018d731020",
            "ticker": "KXHIGHNY-25APR13-T53",
            "count": 9,
            "created_time": "2025-04-13T13:22:38.059195Z",
            "yes_price": 12,
            "no_price": 88,
            "taker_side": "yes"
        },
        {
            "trade_id": "d818437c-0562-41ac-bbb2-effed21e60b2",
            "ticker": "KXHIGHNY-25APR13-T53",
            "count": 200,
            "created_time": "2025-04-13T13:22:38.059195Z",
            "yes_price": 16,
            "no_price": 84,
            "taker_side": "yes"
        },
        {
            "trade_id": "8222bddb-24ca-4d99-8729-3894e7e10f47",
            "ticker": "KXHIGHNY-25APR13-T53",
            "count": 25,
            "created_time": "2025-04-13T13:22:38.059195Z",
            "yes_price": 15,
            "no_price": 85,
            "taker_side": "yes"
        },
        {
            "trade_id": "5fa77b65-04a3-4e97-b293-66f72edd9c8b",
            "ticker": "KXHIGHNY-25APR13-T53",
            "count": 18,
            "created_time": "2025-04-13T13:22:38.059195Z",
            "yes_price": 14,
            "no_price": 86,
            "taker_side": "yes"
        },
        {
            "trade_id": "4caba3be-ad42-411b-bb0a-ab719d0205ce",
            "ticker": "KXHIGHNY-25APR13-T53",
            "count": 25,
            "created_time": "2025-04-13T13:22:38.059195Z",
            "yes_price": 16,
            "no_price": 84,
            "taker_side": "yes"
        },
        {
            "trade_id": "06d53bba-a133-4400-abb4-bae5c31e8594",
            "ticker": "KXHIGHNY-25APR13-T53",
            "count": 8,
            "created_time": "2025-04-13T13:22:38.059195Z",
            "yes_price": 16,
            "no_price": 84,
            "taker_side": "yes"
        },
        {
            "trade_id": "8c08a74a-a5e8-4eae-afbc-f2a05b3a248f",
            "ticker": "KXHIGHNY-25APR13-T53",
            "count": 5,
            "created_time": "2025-04-13T13:11:23.242159Z",
            "yes_price": 12,
            "no_price": 88,
            "taker_side": "yes"
        },
        {
            "trade_id": "27bbd18b-6e7a-4f00-b391-78fad92e8992",
            "ticker": "KXHIGHNY-25APR13-T53",
            "count": 7,
            "created_time": "2025-04-13T13:11:23.242159Z",
            "yes_price": 12,
            "no_price": 88,
            "taker_side": "yes"
        },
        {
            "trade_id": "2182f35e-3dd7-4530-8bb6-2c06fd6b3efa",
            "ticker": "KXHIGHNY-25APR13-T53",
            "count": 25,
            "created_time": "2025-04-13T13:11:23.242159Z",
            "yes_price": 14,
            "no_price": 86,
            "taker_side": "yes"
        },
        {
            "trade_id": "0e30fc23-dbe2-440b-84f8-f413b39bebc4",
            "ticker": "KXHIGHNY-25APR13-T53",
            "count": 90,
            "created_time": "2025-04-13T13:11:23.242159Z",
            "yes_price": 14,
            "no_price": 86,
            "taker_side": "yes"
        },
        {
            "trade_id": "b4d3872b-a947-42b9-86f6-866c39110154",
            "ticker": "KXHIGHNY-25APR13-T53",
            "count": 246,
            "created_time": "2025-04-13T13:11:04.936118Z",
            "yes_price": 11,
            "no_price": 89,
            "taker_side": "yes"
        },
        {
            "trade_id": "505d8916-6605-41df-8c90-ac1795996091",
            "ticker": "KXHIGHNY-25APR13-T53",
            "count": 181,
            "created_time": "2025-04-13T13:11:04.936118Z",
            "yes_price": 12,
            "no_price": 88,
            "taker_side": "yes"
        },
        {
            "trade_id": "3644d339-3332-4684-8e53-ad29b5830944",
            "ticker": "KXHIGHNY-25APR13-T53",
            "count": 5,
            "created_time": "2025-04-13T13:11:04.936118Z",
            "yes_price": 11,
            "no_price": 89,
            "taker_side": "yes"
        },
        {
            "trade_id": "2ba5e756-c600-4af4-b022-93d42f1a47ef",
            "ticker": "KXHIGHNY-25APR13-T53",
            "count": 18,
            "created_time": "2025-04-13T13:11:04.936118Z",
            "yes_price": 12,
            "no_price": 88,
            "taker_side": "yes"
        },
        {
            "trade_id": "8bec9fb8-e2e8-45ea-9a1e-d3c57f4d6bbe",
            "ticker": "KXHIGHNY-25APR13-T53",
            "count": 100,
            "created_time": "2025-04-13T13:08:34.993682Z",
            "yes_price": 11,
            "no_price": 89,
            "taker_side": "yes"
        },
        {
            "trade_id": "9cf43dae-a0c9-4d96-90db-5e2119996b40",
            "ticker": "KXHIGHNY-25APR13-T53",
            "count": 85,
            "created_time": "2025-04-13T13:00:58.584307Z",
            "yes_price": 9,
            "no_price": 91,
            "taker_side": "no"
        },
        {
            "trade_id": "242445c8-e591-4300-b05d-3e6f8b81a3ea",
            "ticker": "KXHIGHNY-25APR13-T53",
            "count": 5,
            "created_time": "2025-04-13T13:00:42.635761Z",
            "yes_price": 10,
            "no_price": 90,
            "taker_side": "no"
        },
        {
            "trade_id": "11c140c7-2f4e-4930-b297-7100d7a2b35a",
            "ticker": "KXHIGHNY-25APR13-T53",
            "count": 11,
            "created_time": "2025-04-13T13:00:42.635761Z",
            "yes_price": 10,
            "no_price": 90,
            "taker_side": "no"
        },
        {
            "trade_id": "224bf15d-e265-40c5-ac65-9a2d1c268a5f",
            "ticker": "KXHIGHNY-25APR13-T53",
            "count": 440,
            "created_time": "2025-04-13T12:59:50.899103Z",
            "yes_price": 10,
            "no_price": 90,
            "taker_side": "no"
        },
        {
            "trade_id": "cb19a3bb-7978-44d3-93f8-688406de9a08",
            "ticker": "KXHIGHNY-25APR13-T53",
            "count": 25,
            "created_time": "2025-04-13T12:53:33.754881Z",
            "yes_price": 10,
            "no_price": 90,
            "taker_side": "no"
        },
        {
            "trade_id": "605e13e8-0f8f-499d-b61c-1b642dbf2aac",
            "ticker": "KXHIGHNY-25APR13-T53",
            "count": 100,
            "created_time": "2025-04-13T12:43:51.81994Z",
            "yes_price": 11,
            "no_price": 89,
            "taker_side": "yes"
        },
        {
            "trade_id": "2aed8d55-473d-4b33-ae6d-c7a32b5c3c47",
            "ticker": "KXHIGHNY-25APR13-T53",
            "count": 25,
            "created_time": "2025-04-13T12:43:28.740891Z",
            "yes_price": 10,
            "no_price": 90,
            "taker_side": "no"
        },
        {
            "trade_id": "ca12c644-f140-4420-97f7-19b064b202a0",
            "ticker": "KXHIGHNY-25APR13-T53",
            "count": 3,
            "created_time": "2025-04-13T12:41:47.887788Z",
            "yes_price": 10,
            "no_price": 90,
            "taker_side": "no"
        },
        {
            "trade_id": "5c6516ff-3648-4a68-aa24-c54fcadca63f",
            "ticker": "KXHIGHNY-25APR13-T53",
            "count": 55,
            "created_time": "2025-04-13T12:29:18.84957Z",
            "yes_price": 10,
            "no_price": 90,
            "taker_side": "no"
        },
        {
            "trade_id": "93226910-9937-4499-9b9a-b73aaa7e853c",
            "ticker": "KXHIGHNY-25APR13-T53",
            "count": 25,
            "created_time": "2025-04-13T12:27:35.126191Z",
            "yes_price": 11,
            "no_price": 89,
            "taker_side": "yes"
        },
        {
            "trade_id": "30be11c3-d1e3-4fc4-b238-2448bd15a149",
            "ticker": "KXHIGHNY-25APR13-T53",
            "count": 2,
            "created_time": "2025-04-13T12:20:04.640377Z",
            "yes_price": 11,
            "no_price": 89,
            "taker_side": "yes"
        },
        {
            "trade_id": "72d11bce-74e3-4465-b888-bdaf036968e8",
            "ticker": "KXHIGHNY-25APR13-T53",
            "count": 23,
            "created_time": "2025-04-13T12:18:49.736386Z",
            "yes_price": 11,
            "no_price": 89,
            "taker_side": "yes"
        },
        {
            "trade_id": "6ae2e324-e0aa-494a-8aac-d2dc8ac1d58e",
            "ticker": "KXHIGHNY-25APR13-T53",
            "count": 4,
            "created_time": "2025-04-13T12:18:27.936328Z",
            "yes_price": 11,
            "no_price": 89,
            "taker_side": "yes"
        },
        {
            "trade_id": "b4abe682-8234-4758-a5cd-6ce17110437a",
            "ticker": "KXHIGHNY-25APR13-T53",
            "count": 10,
            "created_time": "2025-04-13T12:13:30.585831Z",
            "yes_price": 12,
            "no_price": 88,
            "taker_side": "no"
        },
        {
            "trade_id": "7d372e7d-11ab-4b67-b9e0-c729793e97bd",
            "ticker": "KXHIGHNY-25APR13-T53",
            "count": 9,
            "created_time": "2025-04-13T12:13:30.585831Z",
            "yes_price": 13,
            "no_price": 87,
            "taker_side": "no"
        },
        {
            "trade_id": "290f2bd3-9618-438e-a9d2-d390384cbf4d",
            "ticker": "KXHIGHNY-25APR13-T53",
            "count": 1,
            "created_time": "2025-04-13T12:09:47.148448Z",
            "yes_price": 14,
            "no_price": 86,
            "taker_side": "yes"
        },
        {
            "trade_id": "8bf68d1f-1ace-4de0-af65-7d96d609e24f",
            "ticker": "KXHIGHNY-25APR13-T53",
            "count": 12,
            "created_time": "2025-04-13T12:09:40.169219Z",
            "yes_price": 14,
            "no_price": 86,
            "taker_side": "yes"
        },
        {
            "trade_id": "d4b67ab7-f856-4f43-b132-77b4f1234a3e",
            "ticker": "KXHIGHNY-25APR13-T53",
            "count": 1,
            "created_time": "2025-04-13T12:09:10.796229Z",
            "yes_price": 14,
            "no_price": 86,
            "taker_side": "yes"
        },
        {
            "trade_id": "c91e89ac-f1c8-4fa8-b01a-e831ed94c2f1",
            "ticker": "KXHIGHNY-25APR13-T53",
            "count": 34,
            "created_time": "2025-04-13T12:09:10.796229Z",
            "yes_price": 14,
            "no_price": 86,
            "taker_side": "yes"
        },
        {
            "trade_id": "bec0a343-f5cc-442e-b052-d2226e3fe92a",
            "ticker": "KXHIGHNY-25APR13-T53",
            "count": 42,
            "created_time": "2025-04-13T12:08:28.986249Z",
            "yes_price": 14,
            "no_price": 86,
            "taker_side": "yes"
        },
        {
            "trade_id": "eb937470-8ec3-423c-a381-97eb270ea6e9",
            "ticker": "KXHIGHNY-25APR13-T53",
            "count": 9,
            "created_time": "2025-04-13T12:07:50.693003Z",
            "yes_price": 14,
            "no_price": 86,
            "taker_side": "yes"
        },
        {
            "trade_id": "3bca66ea-295b-4425-8925-336a2d77b567",
            "ticker": "KXHIGHNY-25APR13-T53",
            "count": 24,
            "created_time": "2025-04-13T12:07:50.693003Z",
            "yes_price": 14,
            "no_price": 86,
            "taker_side": "yes"
        },
        {
            "trade_id": "289a4249-b62f-496a-a79e-e3370fda67d0",
            "ticker": "KXHIGHNY-25APR13-T53",
            "count": 6,
            "created_time": "2025-04-13T12:07:50.693003Z",
            "yes_price": 14,
            "no_price": 86,
            "taker_side": "yes"
        },
        {
            "trade_id": "097f9878-a314-4491-adb4-3cacefc5c204",
            "ticker": "KXHIGHNY-25APR13-T53",
            "count": 1,
            "created_time": "2025-04-13T12:06:29.196795Z",
            "yes_price": 14,
            "no_price": 86,
            "taker_side": "yes"
        },
        {
            "trade_id": "b82b1173-a5c6-4f78-91a2-67b1fa151a0f",
            "ticker": "KXHIGHNY-25APR13-T53",
            "count": 17,
            "created_time": "2025-04-13T12:06:16.291571Z",
            "yes_price": 13,
            "no_price": 87,
            "taker_side": "yes"
        },
        {
            "trade_id": "2335124c-e185-4f56-bcb9-b1202ec374f3",
            "ticker": "KXHIGHNY-25APR13-T53",
            "count": 9,
            "created_time": "2025-04-13T12:06:15.401147Z",
            "yes_price": 13,
            "no_price": 87,
            "taker_side": "no"
        },
        {
            "trade_id": "a7e7fd38-5005-4a8f-a780-2a6e5f515d9b",
            "ticker": "KXHIGHNY-25APR13-T53",
            "count": 10,
            "created_time": "2025-04-13T12:04:54.558201Z",
            "yes_price": 14,
            "no_price": 86,
            "taker_side": "yes"
        },
        {
            "trade_id": "8186a03e-21fa-442e-805a-b7352e519991",
            "ticker": "KXHIGHNY-25APR13-T53",
            "count": 3,
            "created_time": "2025-04-13T12:04:54.558201Z",
            "yes_price": 14,
            "no_price": 86,
            "taker_side": "yes"
        },
        {
            "trade_id": "b175e818-2e7c-40d0-a7ae-96472c459a9c",
            "ticker": "KXHIGHNY-25APR13-T53",
            "count": 4,
            "created_time": "2025-04-13T12:03:48.696034Z",
            "yes_price": 14,
            "no_price": 86,
            "taker_side": "yes"
        },
        {
            "trade_id": "fc2935ba-0580-4a0f-b6ef-213f322ffa64",
            "ticker": "KXHIGHNY-25APR13-T53",
            "count": 1,
            "created_time": "2025-04-13T12:01:59.800238Z",
            "yes_price": 11,
            "no_price": 89,
            "taker_side": "no"
        },
        {
            "trade_id": "97d936ea-841c-4486-96c9-5e45af682b29",
            "ticker": "KXHIGHNY-25APR13-T53",
            "count": 1,
            "created_time": "2025-04-13T12:01:37.477556Z",
            "yes_price": 11,
            "no_price": 89,
            "taker_side": "no"
        },
        {
            "trade_id": "5a73205e-557a-4d97-a9e0-43293db390d9",
            "ticker": "KXHIGHNY-25APR13-T53",
            "count": 4,
            "created_time": "2025-04-13T12:01:37.477556Z",
            "yes_price": 12,
            "no_price": 88,
            "taker_side": "no"
        },
        {
            "trade_id": "e16a65d5-29bd-4d54-a8f1-046c119f0b03",
            "ticker": "KXHIGHNY-25APR13-T53",
            "count": 6,
            "created_time": "2025-04-13T12:01:21.538114Z",
            "yes_price": 13,
            "no_price": 87,
            "taker_side": "yes"
        },
        {
            "trade_id": "66d24a74-4f64-405f-a0d8-78e4f0dd9ef1",
            "ticker": "KXHIGHNY-25APR13-T53",
            "count": 8,
            "created_time": "2025-04-13T12:01:21.538114Z",
            "yes_price": 14,
            "no_price": 86,
            "taker_side": "yes"
        },
        {
            "trade_id": "63621079-7cf4-47e1-85d9-fc6c884dd865",
            "ticker": "KXHIGHNY-25APR13-T53",
            "count": 8,
            "created_time": "2025-04-13T12:01:21.538114Z",
            "yes_price": 14,
            "no_price": 86,
            "taker_side": "yes"
        },
        {
            "trade_id": "47ad9a5b-4603-4654-8157-c455e7587f00",
            "ticker": "KXHIGHNY-25APR13-T53",
            "count": 144,
            "created_time": "2025-04-13T12:01:21.538114Z",
            "yes_price": 16,
            "no_price": 84,
            "taker_side": "yes"
        },
        {
            "trade_id": "3041c405-a80f-4071-b3c1-83ae384737b5",
            "ticker": "KXHIGHNY-25APR13-T53",
            "count": 25,
            "created_time": "2025-04-13T12:01:21.538114Z",
            "yes_price": 16,
            "no_price": 84,
            "taker_side": "yes"
        },
        {
            "trade_id": "0d710adc-9f91-4c17-a4c2-cc72a81a9d10",
            "ticker": "KXHIGHNY-25APR13-T53",
            "count": 9,
            "created_time": "2025-04-13T12:01:21.538114Z",
            "yes_price": 14,
            "no_price": 86,
            "taker_side": "yes"
        },
        {
            "trade_id": "f6ff18aa-ebbf-4edb-8c38-9f69018d6749",
            "ticker": "KXHIGHNY-25APR13-T53",
            "count": 7,
            "created_time": "2025-04-13T12:00:57.25604Z",
            "yes_price": 14,
            "no_price": 86,
            "taker_side": "yes"
        },
        {
            "trade_id": "b32762a6-286a-4887-86c4-b5916a1143db",
            "ticker": "KXHIGHNY-25APR13-T53",
            "count": 1,
            "created_time": "2025-04-13T06:59:59.422151Z",
            "yes_price": 12,
            "no_price": 88,
            "taker_side": "no"
        },
        {
            "trade_id": "21546743-084b-4fe2-93eb-a5f6cc09ea8d",
            "ticker": "KXHIGHNY-25APR13-T53",
            "count": 9,
            "created_time": "2025-04-13T06:59:46.508302Z",
            "yes_price": 13,
            "no_price": 87,
            "taker_side": "no"
        },
        {
            "trade_id": "cd3e0596-e8e4-4cdf-a5bc-4e87ab3b0d69",
            "ticker": "KXHIGHNY-25APR13-T53",
            "count": 7,
            "created_time": "2025-04-13T06:58:41.174303Z",
            "yes_price": 14,
            "no_price": 86,
            "taker_side": "no"
        },
        {
            "trade_id": "1ff473d5-fac0-4f3e-b76a-321a21fdb332",
            "ticker": "KXHIGHNY-25APR13-T53",
            "count": 20,
            "created_time": "2025-04-13T06:49:28.880917Z",
            "yes_price": 15,
            "no_price": 85,
            "taker_side": "yes"
        },
        {
            "trade_id": "e99c7d8f-657d-433b-9aaf-67745d056f4f",
            "ticker": "KXHIGHNY-25APR13-T53",
            "count": 92,
            "created_time": "2025-04-13T06:48:42.669616Z",
            "yes_price": 14,
            "no_price": 86,
            "taker_side": "yes"
        },
        {
            "trade_id": "cd2bccbb-3ff2-406b-be74-1adfb89ff571",
            "ticker": "KXHIGHNY-25APR13-T53",
            "count": 1,
            "created_time": "2025-04-13T06:48:42.669616Z",
            "yes_price": 14,
            "no_price": 86,
            "taker_side": "yes"
        },
        {
            "trade_id": "0617eaee-69e6-4fc3-a011-06affbe539c3",
            "ticker": "KXHIGHNY-25APR13-T53",
            "count": 7,
            "created_time": "2025-04-13T06:46:49.512294Z",
            "yes_price": 14,
            "no_price": 86,
            "taker_side": "no"
        },
        {
            "trade_id": "0b1cabc5-211f-489a-ac4f-b4c86efb2779",
            "ticker": "KXHIGHNY-25APR13-T53",
            "count": 1,
            "created_time": "2025-04-13T06:46:45.915826Z",
            "yes_price": 15,
            "no_price": 85,
            "taker_side": "yes"
        },
        {
            "trade_id": "7acca1b3-9a4a-45e2-b9f8-87384d7a36a4",
            "ticker": "KXHIGHNY-25APR13-T53",
            "count": 2,
            "created_time": "2025-04-13T06:45:52.771464Z",
            "yes_price": 13,
            "no_price": 87,
            "taker_side": "no"
        },
        {
            "trade_id": "b6b4766a-0749-46a5-ba8b-4615ff16bc6c",
            "ticker": "KXHIGHNY-25APR13-T53",
            "count": 4,
            "created_time": "2025-04-13T06:33:06.540963Z",
            "yes_price": 14,
            "no_price": 86,
            "taker_side": "yes"
        },
        {
            "trade_id": "7fe8052a-2793-4ffd-911e-f42ae6422842",
            "ticker": "KXHIGHNY-25APR13-T53",
            "count": 25,
            "created_time": "2025-04-13T06:31:05.359367Z",
            "yes_price": 14,
            "no_price": 86,
            "taker_side": "yes"
        },
        {
            "trade_id": "f1c78694-022d-49b2-8dac-687b18176254",
            "ticker": "KXHIGHNY-25APR13-T53",
            "count": 6,
            "created_time": "2025-04-13T06:30:55.872932Z",
            "yes_price": 14,
            "no_price": 86,
            "taker_side": "yes"
        },
        {
            "trade_id": "ee344b29-0b6e-4293-b816-09652b8e932c",
            "ticker": "KXHIGHNY-25APR13-T53",
            "count": 10,
            "created_time": "2025-04-13T06:30:32.118076Z",
            "yes_price": 13,
            "no_price": 87,
            "taker_side": "yes"
        },
        {
            "trade_id": "e3cc5907-9f68-4050-9e32-39c84396b3cb",
            "ticker": "KXHIGHNY-25APR13-T53",
            "count": 11,
            "created_time": "2025-04-13T06:30:24.236391Z",
            "yes_price": 12,
            "no_price": 88,
            "taker_side": "yes"
        },
        {
            "trade_id": "b2155f6f-5e16-49aa-9f28-77d80a987669",
            "ticker": "KXHIGHNY-25APR13-T53",
            "count": 200,
            "created_time": "2025-04-13T06:13:45.117536Z",
            "yes_price": 13,
            "no_price": 87,
            "taker_side": "yes"
        },
        {
            "trade_id": "7e7d6504-fafc-4880-b279-d6aba5101e89",
            "ticker": "KXHIGHNY-25APR13-T53",
            "count": 13,
            "created_time": "2025-04-13T06:13:45.117536Z",
            "yes_price": 11,
            "no_price": 89,
            "taker_side": "yes"
        },
        {
            "trade_id": "7318fb5d-7d7e-4fce-8e6f-78c27055f8dc",
            "ticker": "KXHIGHNY-25APR13-T53",
            "count": 200,
            "created_time": "2025-04-13T06:13:45.117536Z",
            "yes_price": 15,
            "no_price": 85,
            "taker_side": "yes"
        },
        {
            "trade_id": "3ae0dcc0-69b9-4fcf-afed-a05c3a72484b",
            "ticker": "KXHIGHNY-25APR13-T53",
            "count": 80,
            "created_time": "2025-04-13T06:13:45.117536Z",
            "yes_price": 11,
            "no_price": 89,
            "taker_side": "yes"
        },
        {
            "trade_id": "ef9dc0b5-82b5-408b-9da6-8a26edf34bc9",
            "ticker": "KXHIGHNY-25APR13-T53",
            "count": 1,
            "created_time": "2025-04-13T06:13:21.890719Z",
            "yes_price": 10,
            "no_price": 90,
            "taker_side": "no"
        },
        {
            "trade_id": "cc41bc65-a36b-43bb-809e-e0785a17e3ed",
            "ticker": "KXHIGHNY-25APR13-T53",
            "count": 9,
            "created_time": "2025-04-13T06:10:09.297659Z",
            "yes_price": 10,
            "no_price": 90,
            "taker_side": "no"
        },
        {
            "trade_id": "0cb31340-b6d7-4223-8fc9-8906907e5dcf",
            "ticker": "KXHIGHNY-25APR13-T53",
            "count": 110,
            "created_time": "2025-04-13T06:09:40.013103Z",
            "yes_price": 10,
            "no_price": 90,
            "taker_side": "no"
        },
        {
            "trade_id": "b25b12d5-4194-4288-a9c5-110a7b30947f",
            "ticker": "KXHIGHNY-25APR13-T53",
            "count": 2,
            "created_time": "2025-04-13T06:07:25.386728Z",
            "yes_price": 10,
            "no_price": 90,
            "taker_side": "no"
        },
        {
            "trade_id": "a5fbd516-891b-47f3-aa16-cca9e7e62312",
            "ticker": "KXHIGHNY-25APR13-T53",
            "count": 10,
            "created_time": "2025-04-13T06:06:51.750869Z",
            "yes_price": 9,
            "no_price": 91,
            "taker_side": "no"
        },
        {
            "trade_id": "abd77399-136b-4070-8de4-8fd9fca73e77",
            "ticker": "KXHIGHNY-25APR13-T53",
            "count": 12,
            "created_time": "2025-04-13T06:06:50.897551Z",
            "yes_price": 9,
            "no_price": 91,
            "taker_side": "no"
        },
        {
            "trade_id": "7ba1c0fb-bb74-44ed-b408-c8b10c19dc5e",
            "ticker": "KXHIGHNY-25APR13-T53",
            "count": 4,
            "created_time": "2025-04-13T06:06:50.045968Z",
            "yes_price": 9,
            "no_price": 91,
            "taker_side": "no"
        },
        {
            "trade_id": "8d03f498-99d6-49d6-8f42-89b76b56349e",
            "ticker": "KXHIGHNY-25APR13-T53",
            "count": 1,
            "created_time": "2025-04-13T06:06:49.148413Z",
            "yes_price": 10,
            "no_price": 90,
            "taker_side": "no"
        },
        {
            "trade_id": "f0608ef1-02d4-4b09-ab7c-e1012ffb2557",
            "ticker": "KXHIGHNY-25APR13-T53",
            "count": 13,
            "created_time": "2025-04-13T06:05:06.963756Z",
            "yes_price": 10,
            "no_price": 90,
            "taker_side": "no"
        },
        {
            "trade_id": "61f640b2-716b-4f7f-a634-e41c1268165c",
            "ticker": "KXHIGHNY-25APR13-T53",
            "count": 11,
            "created_time": "2025-04-13T06:04:58.472954Z",
            "yes_price": 11,
            "no_price": 89,
            "taker_side": "no"
        },
        {
            "trade_id": "7d5508f7-8768-45ac-a6bf-66990cdda097",
            "ticker": "KXHIGHNY-25APR13-T53",
            "count": 1,
            "created_time": "2025-04-13T05:57:36.471854Z",
            "yes_price": 12,
            "no_price": 88,
            "taker_side": "no"
        },
        {
            "trade_id": "c855ae30-49d3-49a3-babc-55d77a9bcd3d",
            "ticker": "KXHIGHNY-25APR13-T53",
            "count": 2,
            "created_time": "2025-04-13T05:55:02.78969Z",
            "yes_price": 12,
            "no_price": 88,
            "taker_side": "no"
        },
        {
            "trade_id": "704483d6-9b8d-42bb-9eba-4b4f1cc524f5",
            "ticker": "KXHIGHNY-25APR13-T53",
            "count": 7,
            "created_time": "2025-04-13T05:35:14.244534Z",
            "yes_price": 12,
            "no_price": 88,
            "taker_side": "no"
        },
        {
            "trade_id": "5980fb23-0e2c-48ec-90b6-73ca66f5e08f",
            "ticker": "KXHIGHNY-25APR13-T53",
            "count": 33,
            "created_time": "2025-04-13T05:33:58.982389Z",
            "yes_price": 12,
            "no_price": 88,
            "taker_side": "yes"
        },
        {
            "trade_id": "4e523222-6930-4627-98e4-b1de4765206b",
            "ticker": "KXHIGHNY-25APR13-T53",
            "count": 700,
            "created_time": "2025-04-13T05:33:58.982389Z",
            "yes_price": 13,
            "no_price": 87,
            "taker_side": "yes"
        },
        {
            "trade_id": "3b342c20-7ea1-48ad-acef-ea7e69004430",
            "ticker": "KXHIGHNY-25APR13-T53",
            "count": 34,
            "created_time": "2025-04-13T05:33:58.982389Z",
            "yes_price": 12,
            "no_price": 88,
            "taker_side": "yes"
        },
        {
            "trade_id": "353733fd-3806-418c-a36b-00d1521083aa",
            "ticker": "KXHIGHNY-25APR13-T53",
            "count": 200,
            "created_time": "2025-04-13T05:33:58.982389Z",
            "yes_price": 14,
            "no_price": 86,
            "taker_side": "yes"
        },
        {
            "trade_id": "0fd7bb54-a0d7-4040-b00e-6443f3743ff4",
            "ticker": "KXHIGHNY-25APR13-T53",
            "count": 2,
            "created_time": "2025-04-13T05:33:58.982389Z",
            "yes_price": 12,
            "no_price": 88,
            "taker_side": "yes"
        },
        {
            "trade_id": "9fc57ed9-a935-44e5-968c-db7e7acc6dd0",
            "ticker": "KXHIGHNY-25APR13-T53",
            "count": 4,
            "created_time": "2025-04-13T05:33:09.553019Z",
            "yes_price": 12,
            "no_price": 88,
            "taker_side": "no"
        },
        {
            "trade_id": "2d24e59b-792c-45a0-97dd-2ff60eac4a3f",
            "ticker": "KXHIGHNY-25APR13-T53",
            "count": 15,
            "created_time": "2025-04-13T05:33:08.660076Z",
            "yes_price": 12,
            "no_price": 88,
            "taker_side": "no"
        },
        {
            "trade_id": "6b2a72c1-7cdf-4974-a393-e6d7234c0547",
            "ticker": "KXHIGHNY-25APR13-T53",
            "count": 14,
            "created_time": "2025-04-13T05:33:07.728007Z",
            "yes_price": 12,
            "no_price": 88,
            "taker_side": "no"
        },
        {
            "trade_id": "39f944ff-f285-46e7-87f4-c1c00a21ade1",
            "ticker": "KXHIGHNY-25APR13-T53",
            "count": 10,
            "created_time": "2025-04-13T05:32:17.671383Z",
            "yes_price": 12,
            "no_price": 88,
            "taker_side": "no"
        },
        {
            "trade_id": "27153654-9a23-4222-a3b9-eda87b554379",
            "ticker": "KXHIGHNY-25APR13-T53",
            "count": 6,
            "created_time": "2025-04-13T05:32:16.268409Z",
            "yes_price": 12,
            "no_price": 88,
            "taker_side": "no"
        },
        {
            "trade_id": "9c669bc4-6368-4a21-b0da-42e2326ea7d3",
            "ticker": "KXHIGHNY-25APR13-T53",
            "count": 25,
            "created_time": "2025-04-13T05:32:16.160848Z",
            "yes_price": 12,
            "no_price": 88,
            "taker_side": "yes"
        },
        {
            "trade_id": "8ff2f20b-bd61-4139-aa93-49726bb882e9",
            "ticker": "KXHIGHNY-25APR13-T53",
            "count": 2,
            "created_time": "2025-04-13T05:32:16.160848Z",
            "yes_price": 12,
            "no_price": 88,
            "taker_side": "yes"
        },
        {
            "trade_id": "13d4eabf-a9d9-460a-9895-19dfc3102e82",
            "ticker": "KXHIGHNY-25APR13-T53",
            "count": 7,
            "created_time": "2025-04-13T05:32:16.160848Z",
            "yes_price": 12,
            "no_price": 88,
            "taker_side": "yes"
        },
        {
            "trade_id": "081447f5-0625-450c-a5bd-5ac11573cd01",
            "ticker": "KXHIGHNY-25APR13-T53",
            "count": 6,
            "created_time": "2025-04-13T05:32:16.160848Z",
            "yes_price": 11,
            "no_price": 89,
            "taker_side": "yes"
        },
        {
            "trade_id": "fe8c7be2-59b5-43d5-b978-ea07fd7c21e6",
            "ticker": "KXHIGHNY-25APR13-T53",
            "count": 5,
            "created_time": "2025-04-13T04:13:00.126952Z",
            "yes_price": 7,
            "no_price": 93,
            "taker_side": "no"
        },
        {
            "trade_id": "6aadd5e1-4cc0-4d07-9e8a-7ec9dedc59a6",
            "ticker": "KXHIGHNY-25APR13-T53",
            "count": 5,
            "created_time": "2025-04-13T04:13:00.126952Z",
            "yes_price": 7,
            "no_price": 93,
            "taker_side": "no"
        },
        {
            "trade_id": "1ab95b91-ffab-4115-a0f0-da197069e1cd",
            "ticker": "KXHIGHNY-25APR13-T53",
            "count": 5,
            "created_time": "2025-04-13T04:13:00.126952Z",
            "yes_price": 7,
            "no_price": 93,
            "taker_side": "no"
        },
        {
            "trade_id": "d0f34c3c-79e9-4e3d-b8c7-4f55620574fd",
            "ticker": "KXHIGHNY-25APR13-T53",
            "count": 5,
            "created_time": "2025-04-13T04:12:49.611765Z",
            "yes_price": 8,
            "no_price": 92,
            "taker_side": "yes"
        },
        {
            "trade_id": "fe9596bd-9072-4353-8105-04980442377e",
            "ticker": "KXHIGHNY-25APR13-T53",
            "count": 5,
            "created_time": "2025-04-13T04:07:34.405771Z",
            "yes_price": 7,
            "no_price": 93,
            "taker_side": "no"
        },
        {
            "trade_id": "04083e7c-2663-40c1-bf02-a19348eb2b0c",
            "ticker": "KXHIGHNY-25APR13-T53",
            "count": 5,
            "created_time": "2025-04-13T04:07:34.405771Z",
            "yes_price": 7,
            "no_price": 93,
            "taker_side": "no"
        },
        {
            "trade_id": "b3054dc0-4d0f-43d5-8fa1-abb63cbafa07",
            "ticker": "KXHIGHNY-25APR13-T53",
            "count": 5,
            "created_time": "2025-04-13T04:07:08.024069Z",
            "yes_price": 8,
            "no_price": 92,
            "taker_side": "yes"
        },
        {
            "trade_id": "a0b59eb4-b6b5-4445-bd35-7feac49bfa08",
            "ticker": "KXHIGHNY-25APR13-T53",
            "count": 5,
            "created_time": "2025-04-13T03:49:24.847224Z",
            "yes_price": 9,
            "no_price": 91,
            "taker_side": "yes"
        },
        {
            "trade_id": "df3ca913-8fa5-4d43-8451-7d398c9fc002",
            "ticker": "KXHIGHNY-25APR13-T53",
            "count": 17,
            "created_time": "2025-04-13T03:49:24.626345Z",
            "yes_price": 9,
            "no_price": 91,
            "taker_side": "no"
        },
        {
            "trade_id": "650d1651-7938-4ca4-8001-2600af9b6f8d",
            "ticker": "KXHIGHNY-25APR13-T53",
            "count": 5,
            "created_time": "2025-04-13T03:49:24.626345Z",
            "yes_price": 9,
            "no_price": 91,
            "taker_side": "no"
        },
        {
            "trade_id": "db0abef8-7c9c-4857-a2c0-2567acdc3dda",
            "ticker": "KXHIGHNY-25APR13-T53",
            "count": 5,
            "created_time": "2025-04-13T03:48:39.516189Z",
            "yes_price": 10,
            "no_price": 90,
            "taker_side": "no"
        },
        {
            "trade_id": "5d7487c7-6028-4bb3-89fe-b1d175eb84cb",
            "ticker": "KXHIGHNY-25APR13-T53",
            "count": 30,
            "created_time": "2025-04-13T03:39:54.377062Z",
            "yes_price": 13,
            "no_price": 87,
            "taker_side": "yes"
        },
        {
            "trade_id": "37b026fe-fe5b-4bfa-885d-e9081bbca560",
            "ticker": "KXHIGHNY-25APR13-T53",
            "count": 2,
            "created_time": "2025-04-13T03:39:42.928679Z",
            "yes_price": 13,
            "no_price": 87,
            "taker_side": "yes"
        },
        {
            "trade_id": "8dc611c4-1847-488a-a3f9-a2620b51e26f",
            "ticker": "KXHIGHNY-25APR13-T53",
            "count": 11,
            "created_time": "2025-04-13T03:39:01.56643Z",
            "yes_price": 13,
            "no_price": 87,
            "taker_side": "yes"
        },
        {
            "trade_id": "8e087059-1707-4c9f-86e6-2cb15cd1434b",
            "ticker": "KXHIGHNY-25APR13-T53",
            "count": 98,
            "created_time": "2025-04-13T03:37:48.417056Z",
            "yes_price": 13,
            "no_price": 87,
            "taker_side": "yes"
        },
        {
            "trade_id": "874f6dfd-313b-4914-873a-3f1ee714db95",
            "ticker": "KXHIGHNY-25APR13-T53",
            "count": 2,
            "created_time": "2025-04-13T03:37:48.417056Z",
            "yes_price": 13,
            "no_price": 87,
            "taker_side": "yes"
        },
        {
            "trade_id": "31b50ed8-9a74-420c-8e5c-060264dec7cb",
            "ticker": "KXHIGHNY-25APR13-T53",
            "count": 1,
            "created_time": "2025-04-13T03:37:48.417056Z",
            "yes_price": 13,
            "no_price": 87,
            "taker_side": "yes"
        },
        {
            "trade_id": "7c77eee5-092c-49ce-a0c7-2cc048ec613d",
            "ticker": "KXHIGHNY-25APR13-T53",
            "count": 66,
            "created_time": "2025-04-13T03:36:45.077071Z",
            "yes_price": 12,
            "no_price": 88,
            "taker_side": "yes"
        },
        {
            "trade_id": "2a3decbf-30f6-4fe4-8f85-e95b44329266",
            "ticker": "KXHIGHNY-25APR13-T53",
            "count": 8,
            "created_time": "2025-04-13T03:35:36.547815Z",
            "yes_price": 12,
            "no_price": 88,
            "taker_side": "yes"
        },
        {
            "trade_id": "67e4339b-ec06-4007-b9a0-3d00bcdfcd53",
            "ticker": "KXHIGHNY-25APR13-T53",
            "count": 19,
            "created_time": "2025-04-13T03:35:12.839487Z",
            "yes_price": 12,
            "no_price": 88,
            "taker_side": "yes"
        },
        {
            "trade_id": "f6741507-3c67-4224-ae62-d7eb4810b27f",
            "ticker": "KXHIGHNY-25APR13-T53",
            "count": 18,
            "created_time": "2025-04-13T03:34:24.658149Z",
            "yes_price": 12,
            "no_price": 88,
            "taker_side": "yes"
        },
        {
            "trade_id": "b056ffbf-86ef-4c02-af46-a87d38df3fe8",
            "ticker": "KXHIGHNY-25APR13-T53",
            "count": 15,
            "created_time": "2025-04-13T03:33:50.291599Z",
            "yes_price": 12,
            "no_price": 88,
            "taker_side": "yes"
        },
        {
            "trade_id": "e214ecf0-5052-4faa-b862-3f68adf46a4f",
            "ticker": "KXHIGHNY-25APR13-T53",
            "count": 7,
            "created_time": "2025-04-13T03:33:15.90224Z",
            "yes_price": 12,
            "no_price": 88,
            "taker_side": "yes"
        },
        {
            "trade_id": "db6fcbfa-f6e7-403f-85dc-7968dc213a99",
            "ticker": "KXHIGHNY-25APR13-T53",
            "count": 10,
            "created_time": "2025-04-13T03:32:45.449199Z",
            "yes_price": 13,
            "no_price": 87,
            "taker_side": "yes"
        },
        {
            "trade_id": "880ba66b-8f8c-4837-af16-a793b1d87df2",
            "ticker": "KXHIGHNY-25APR13-T53",
            "count": 16,
            "created_time": "2025-04-13T03:32:38.604867Z",
            "yes_price": 12,
            "no_price": 88,
            "taker_side": "yes"
        },
        {
            "trade_id": "4ca24a22-1baa-4d9c-a6f5-cc4f0934a402",
            "ticker": "KXHIGHNY-25APR13-T53",
            "count": 1,
            "created_time": "2025-04-13T03:32:38.604867Z",
            "yes_price": 12,
            "no_price": 88,
            "taker_side": "yes"
        },
        {
            "trade_id": "d7d634d7-04a1-43a5-bdb1-444ef52fb832",
            "ticker": "KXHIGHNY-25APR13-T53",
            "count": 28,
            "created_time": "2025-04-13T03:31:41.889308Z",
            "yes_price": 12,
            "no_price": 88,
            "taker_side": "yes"
        },
        {
            "trade_id": "a25eb73a-8649-46c5-887f-ac835070b2bf",
            "ticker": "KXHIGHNY-25APR13-T53",
            "count": 3,
            "created_time": "2025-04-13T03:31:41.889308Z",
            "yes_price": 12,
            "no_price": 88,
            "taker_side": "yes"
        },
        {
            "trade_id": "c75397de-8eeb-4f13-bbb3-1b93d35bffac",
            "ticker": "KXHIGHNY-25APR13-T53",
            "count": 1,
            "created_time": "2025-04-13T03:19:44.156194Z",
            "yes_price": 5,
            "no_price": 95,
            "taker_side": "no"
        },
        {
            "trade_id": "e6e5251b-773f-4270-b86d-934782c6e05c",
            "ticker": "KXHIGHNY-25APR13-T53",
            "count": 25,
            "created_time": "2025-04-13T03:19:33.158531Z",
            "yes_price": 9,
            "no_price": 91,
            "taker_side": "yes"
        },
        {
            "trade_id": "9a8fa4a3-fe3a-47c0-aa85-6989feb64bc6",
            "ticker": "KXHIGHNY-25APR13-T53",
            "count": 10,
            "created_time": "2025-04-13T03:19:33.158531Z",
            "yes_price": 11,
            "no_price": 89,
            "taker_side": "yes"
        },
        {
            "trade_id": "68615de7-cf01-4898-bb71-984f0df20a28",
            "ticker": "KXHIGHNY-25APR13-T53",
            "count": 1,
            "created_time": "2025-04-13T03:19:33.158531Z",
            "yes_price": 9,
            "no_price": 91,
            "taker_side": "yes"
        },
        {
            "trade_id": "49d927a2-fd1b-4566-afd9-e1b503bcdcda",
            "ticker": "KXHIGHNY-25APR13-T53",
            "count": 200,
            "created_time": "2025-04-13T03:19:33.158531Z",
            "yes_price": 11,
            "no_price": 89,
            "taker_side": "yes"
        },
        {
            "trade_id": "41c6bf59-d92d-47b8-a148-48e5c751cf3d",
            "ticker": "KXHIGHNY-25APR13-T53",
            "count": 200,
            "created_time": "2025-04-13T03:19:33.158531Z",
            "yes_price": 13,
            "no_price": 87,
            "taker_side": "yes"
        },
        {
            "trade_id": "95695a8b-2839-4cfd-ad4a-219b5fd6d513",
            "ticker": "KXHIGHNY-25APR13-T53",
            "count": 99,
            "created_time": "2025-04-13T00:04:44.187452Z",
            "yes_price": 10,
            "no_price": 90,
            "taker_side": "yes"
        },
        {
            "trade_id": "edbd768f-7094-4a33-b692-2e1c6be5f315",
            "ticker": "KXHIGHNY-25APR13-T53",
            "count": 38,
            "created_time": "2025-04-13T00:04:03.303647Z",
            "yes_price": 9,
            "no_price": 91,
            "taker_side": "yes"
        },
        {
            "trade_id": "b4408177-18f4-4d11-a0fd-35e98ef71581",
            "ticker": "KXHIGHNY-25APR13-T53",
            "count": 98,
            "created_time": "2025-04-13T00:03:28.813353Z",
            "yes_price": 10,
            "no_price": 90,
            "taker_side": "yes"
        },
        {
            "trade_id": "3b08092f-413c-4577-a019-4157ca1172e7",
            "ticker": "KXHIGHNY-25APR13-T53",
            "count": 98,
            "created_time": "2025-04-13T00:03:09.036683Z",
            "yes_price": 9,
            "no_price": 91,
            "taker_side": "yes"
        },
        {
            "trade_id": "74e28e67-9c61-43c9-87b3-667da189cdc7",
            "ticker": "KXHIGHNY-25APR13-T53",
            "count": 98,
            "created_time": "2025-04-13T00:02:50.712104Z",
            "yes_price": 8,
            "no_price": 92,
            "taker_side": "yes"
        },
        {
            "trade_id": "0e6c8dba-5bb0-4705-8bc2-865646467e60",
            "ticker": "KXHIGHNY-25APR13-T53",
            "count": 98,
            "created_time": "2025-04-13T00:02:29.208461Z",
            "yes_price": 7,
            "no_price": 93,
            "taker_side": "yes"
        },
        {
            "trade_id": "ea19285f-5ea2-45ff-8fea-5f418088e443",
            "ticker": "KXHIGHNY-25APR13-T53",
            "count": 98,
            "created_time": "2025-04-13T00:02:00.372369Z",
            "yes_price": 6,
            "no_price": 94,
            "taker_side": "yes"
        },
        {
            "trade_id": "d8ae7251-01ff-4f47-9c3d-b579c82cb1be",
            "ticker": "KXHIGHNY-25APR13-T53",
            "count": 95,
            "created_time": "2025-04-13T00:01:32.209336Z",
            "yes_price": 5,
            "no_price": 95,
            "taker_side": "yes"
        }
    ],
    "KXHIGHNY-25APR13-B53.5": [
        {
            "trade_id": "a9e72019-9889-44e9-b940-2b870c7147ea",
            "ticker": "KXHIGHNY-25APR13-B53.5",
            "count": 5,
            "created_time": "2025-04-13T22:02:43.757783Z",
            "yes_price": 1,
            "no_price": 99,
            "taker_side": "yes"
        },
        {
            "trade_id": "8cc88cf0-796b-4d79-9e33-d186c96cd096",
            "ticker": "KXHIGHNY-25APR13-B53.5",
            "count": 1,
            "created_time": "2025-04-13T20:19:47.729092Z",
            "yes_price": 1,
            "no_price": 99,
            "taker_side": "yes"
        },
        {
            "trade_id": "34741fbf-429f-42b6-9af6-320ec146628b",
            "ticker": "KXHIGHNY-25APR13-B53.5",
            "count": 6,
            "created_time": "2025-04-13T20:04:36.296298Z",
            "yes_price": 1,
            "no_price": 99,
            "taker_side": "yes"
        },
        {
            "trade_id": "fa2f13d5-a8f6-44f3-af9c-f79e9e5691cb",
            "ticker": "KXHIGHNY-25APR13-B53.5",
            "count": 319,
            "created_time": "2025-04-13T19:49:13.004968Z",
            "yes_price": 1,
            "no_price": 99,
            "taker_side": "yes"
        },
        {
            "trade_id": "f2ebbf81-cf91-4d21-9cf0-f4422c2ff905",
            "ticker": "KXHIGHNY-25APR13-B53.5",
            "count": 3,
            "created_time": "2025-04-13T19:47:23.055341Z",
            "yes_price": 1,
            "no_price": 99,
            "taker_side": "yes"
        },
        {
            "trade_id": "48a1cee0-b7cc-45e6-8831-32b8085d906e",
            "ticker": "KXHIGHNY-25APR13-B53.5",
            "count": 20,
            "created_time": "2025-04-13T17:48:16.587085Z",
            "yes_price": 1,
            "no_price": 99,
            "taker_side": "yes"
        },
        {
            "trade_id": "1f21b38d-6fcd-4262-9444-f13fbdf7bb58",
            "ticker": "KXHIGHNY-25APR13-B53.5",
            "count": 127,
            "created_time": "2025-04-13T17:45:49.573869Z",
            "yes_price": 1,
            "no_price": 99,
            "taker_side": "yes"
        },
        {
            "trade_id": "67edb506-74de-45f2-807b-1ea8881d8680",
            "ticker": "KXHIGHNY-25APR13-B53.5",
            "count": 5517,
            "created_time": "2025-04-13T17:38:32.424297Z",
            "yes_price": 1,
            "no_price": 99,
            "taker_side": "yes"
        },
        {
            "trade_id": "278b022b-1bd8-40e5-927e-cfb5e8c4e9f1",
            "ticker": "KXHIGHNY-25APR13-B53.5",
            "count": 293,
            "created_time": "2025-04-13T17:17:04.507528Z",
            "yes_price": 1,
            "no_price": 99,
            "taker_side": "yes"
        },
        {
            "trade_id": "97e539b6-a5d5-4549-be7d-4f3f10d6640d",
            "ticker": "KXHIGHNY-25APR13-B53.5",
            "count": 187,
            "created_time": "2025-04-13T17:13:44.967945Z",
            "yes_price": 1,
            "no_price": 99,
            "taker_side": "yes"
        },
        {
            "trade_id": "3847f897-887f-4d83-b199-1f79291f5fe2",
            "ticker": "KXHIGHNY-25APR13-B53.5",
            "count": 467,
            "created_time": "2025-04-13T17:13:35.120695Z",
            "yes_price": 1,
            "no_price": 99,
            "taker_side": "yes"
        },
        {
            "trade_id": "e384c1c3-f412-4923-badf-fee846c343ba",
            "ticker": "KXHIGHNY-25APR13-B53.5",
            "count": 100,
            "created_time": "2025-04-13T17:02:23.057673Z",
            "yes_price": 1,
            "no_price": 99,
            "taker_side": "yes"
        },
        {
            "trade_id": "20cf161a-0f7a-4c1a-93f0-67190ef11dc4",
            "ticker": "KXHIGHNY-25APR13-B53.5",
            "count": 119,
            "created_time": "2025-04-13T16:59:00.581789Z",
            "yes_price": 1,
            "no_price": 99,
            "taker_side": "yes"
        },
        {
            "trade_id": "d28f7af5-8d98-4626-b3cf-dd3661a22316",
            "ticker": "KXHIGHNY-25APR13-B53.5",
            "count": 2,
            "created_time": "2025-04-13T16:57:44.537708Z",
            "yes_price": 1,
            "no_price": 99,
            "taker_side": "yes"
        },
        {
            "trade_id": "cc91382a-bdbc-4d63-8e13-a0e99dfd8097",
            "ticker": "KXHIGHNY-25APR13-B53.5",
            "count": 66,
            "created_time": "2025-04-13T16:53:09.931942Z",
            "yes_price": 1,
            "no_price": 99,
            "taker_side": "yes"
        },
        {
            "trade_id": "0eaa43fe-c98f-4a5c-ac2a-bfe235da2827",
            "ticker": "KXHIGHNY-25APR13-B53.5",
            "count": 24,
            "created_time": "2025-04-13T16:53:09.883025Z",
            "yes_price": 1,
            "no_price": 99,
            "taker_side": "yes"
        },
        {
            "trade_id": "90bc180b-2e77-406c-8c6d-9835d3f28c91",
            "ticker": "KXHIGHNY-25APR13-B53.5",
            "count": 66,
            "created_time": "2025-04-13T16:53:09.821068Z",
            "yes_price": 1,
            "no_price": 99,
            "taker_side": "yes"
        },
        {
            "trade_id": "4641268e-0f34-437e-b531-6f023368ea11",
            "ticker": "KXHIGHNY-25APR13-B53.5",
            "count": 150,
            "created_time": "2025-04-13T16:53:09.033145Z",
            "yes_price": 1,
            "no_price": 99,
            "taker_side": "yes"
        },
        {
            "trade_id": "a40f0e51-5b90-430a-8e3d-4fb996716a23",
            "ticker": "KXHIGHNY-25APR13-B53.5",
            "count": 50,
            "created_time": "2025-04-13T16:53:08.895191Z",
            "yes_price": 1,
            "no_price": 99,
            "taker_side": "yes"
        },
        {
            "trade_id": "0b45d2cb-835e-4148-a681-42a1fb1300f0",
            "ticker": "KXHIGHNY-25APR13-B53.5",
            "count": 50,
            "created_time": "2025-04-13T16:53:08.733512Z",
            "yes_price": 1,
            "no_price": 99,
            "taker_side": "yes"
        },
        {
            "trade_id": "feae072b-6da4-4cc0-ae64-02f3c7bbf20f",
            "ticker": "KXHIGHNY-25APR13-B53.5",
            "count": 25,
            "created_time": "2025-04-13T16:53:06.851965Z",
            "yes_price": 9,
            "no_price": 91,
            "taker_side": "no"
        },
        {
            "trade_id": "e863cfd2-dc52-4999-8ae4-2ef3b2eeaad0",
            "ticker": "KXHIGHNY-25APR13-B53.5",
            "count": 150,
            "created_time": "2025-04-13T16:53:06.851965Z",
            "yes_price": 1,
            "no_price": 99,
            "taker_side": "no"
        },
        {
            "trade_id": "de61ddda-a6b8-456b-a6e7-9f87dd79cc20",
            "ticker": "KXHIGHNY-25APR13-B53.5",
            "count": 50,
            "created_time": "2025-04-13T16:53:06.851965Z",
            "yes_price": 2,
            "no_price": 98,
            "taker_side": "no"
        },
        {
            "trade_id": "d1883692-94dd-488e-a34a-eb7af53a7043",
            "ticker": "KXHIGHNY-25APR13-B53.5",
            "count": 200,
            "created_time": "2025-04-13T16:53:06.851965Z",
            "yes_price": 10,
            "no_price": 90,
            "taker_side": "no"
        },
        {
            "trade_id": "cbb7709c-a02e-40ea-9804-ddec80a5898e",
            "ticker": "KXHIGHNY-25APR13-B53.5",
            "count": 14,
            "created_time": "2025-04-13T16:53:06.851965Z",
            "yes_price": 7,
            "no_price": 93,
            "taker_side": "no"
        },
        {
            "trade_id": "a7c46002-e08b-4b29-8c1d-987220923be3",
            "ticker": "KXHIGHNY-25APR13-B53.5",
            "count": 40,
            "created_time": "2025-04-13T16:53:06.851965Z",
            "yes_price": 6,
            "no_price": 94,
            "taker_side": "no"
        },
        {
            "trade_id": "a3da9e86-ef6e-4a46-9341-ddbaf302cd87",
            "ticker": "KXHIGHNY-25APR13-B53.5",
            "count": 50,
            "created_time": "2025-04-13T16:53:06.851965Z",
            "yes_price": 5,
            "no_price": 95,
            "taker_side": "no"
        },
        {
            "trade_id": "9b52caf2-e8b2-40c9-b5a9-64c9e6860445",
            "ticker": "KXHIGHNY-25APR13-B53.5",
            "count": 10,
            "created_time": "2025-04-13T16:53:06.851965Z",
            "yes_price": 12,
            "no_price": 88,
            "taker_side": "no"
        },
        {
            "trade_id": "8c650563-c639-4e76-88b2-e2cc1a097cf5",
            "ticker": "KXHIGHNY-25APR13-B53.5",
            "count": 15,
            "created_time": "2025-04-13T16:53:06.851965Z",
            "yes_price": 6,
            "no_price": 94,
            "taker_side": "no"
        },
        {
            "trade_id": "719e053b-cfa4-4bfd-bf8d-a55f539f0098",
            "ticker": "KXHIGHNY-25APR13-B53.5",
            "count": 10,
            "created_time": "2025-04-13T16:53:06.851965Z",
            "yes_price": 10,
            "no_price": 90,
            "taker_side": "no"
        },
        {
            "trade_id": "54d3c645-f007-4e26-b601-21397d10d3f0",
            "ticker": "KXHIGHNY-25APR13-B53.5",
            "count": 11,
            "created_time": "2025-04-13T16:53:06.851965Z",
            "yes_price": 4,
            "no_price": 96,
            "taker_side": "no"
        },
        {
            "trade_id": "323c0532-f8cc-488d-b8e7-7c0a777263b7",
            "ticker": "KXHIGHNY-25APR13-B53.5",
            "count": 8,
            "created_time": "2025-04-13T16:53:06.851965Z",
            "yes_price": 1,
            "no_price": 99,
            "taker_side": "no"
        },
        {
            "trade_id": "22d0ffd1-aea2-41a3-9a74-116f9a02e28d",
            "ticker": "KXHIGHNY-25APR13-B53.5",
            "count": 200,
            "created_time": "2025-04-13T16:53:06.851965Z",
            "yes_price": 8,
            "no_price": 92,
            "taker_side": "no"
        },
        {
            "trade_id": "16b9ce57-c520-460d-bcc8-f2e160c48695",
            "ticker": "KXHIGHNY-25APR13-B53.5",
            "count": 50,
            "created_time": "2025-04-13T16:53:06.851965Z",
            "yes_price": 3,
            "no_price": 97,
            "taker_side": "no"
        },
        {
            "trade_id": "703ea782-1584-4ec4-b039-6d6075602508",
            "ticker": "KXHIGHNY-25APR13-B53.5",
            "count": 20,
            "created_time": "2025-04-13T16:52:40.91727Z",
            "yes_price": 17,
            "no_price": 83,
            "taker_side": "yes"
        },
        {
            "trade_id": "a76e344c-4983-4fde-bb27-1387cb6bc0a1",
            "ticker": "KXHIGHNY-25APR13-B53.5",
            "count": 11,
            "created_time": "2025-04-13T16:50:53.934323Z",
            "yes_price": 16,
            "no_price": 84,
            "taker_side": "yes"
        },
        {
            "trade_id": "37483232-886f-4325-9e75-3958de54fda1",
            "ticker": "KXHIGHNY-25APR13-B53.5",
            "count": 4,
            "created_time": "2025-04-13T16:49:26.174612Z",
            "yes_price": 11,
            "no_price": 89,
            "taker_side": "no"
        },
        {
            "trade_id": "f8e06097-5a85-4814-a67c-d5fa4c8b0aed",
            "ticker": "KXHIGHNY-25APR13-B53.5",
            "count": 50,
            "created_time": "2025-04-13T16:49:16.734582Z",
            "yes_price": 12,
            "no_price": 88,
            "taker_side": "no"
        },
        {
            "trade_id": "ef242ebb-af61-4ede-a74e-ae2c28868040",
            "ticker": "KXHIGHNY-25APR13-B53.5",
            "count": 100,
            "created_time": "2025-04-13T16:49:16.734582Z",
            "yes_price": 12,
            "no_price": 88,
            "taker_side": "no"
        },
        {
            "trade_id": "cf963acc-b12a-4d30-be5b-4eddc2dee954",
            "ticker": "KXHIGHNY-25APR13-B53.5",
            "count": 94,
            "created_time": "2025-04-13T16:49:16.734582Z",
            "yes_price": 12,
            "no_price": 88,
            "taker_side": "no"
        },
        {
            "trade_id": "81124a3a-263f-4c8a-9349-dfb69d246049",
            "ticker": "KXHIGHNY-25APR13-B53.5",
            "count": 50,
            "created_time": "2025-04-13T16:49:16.734582Z",
            "yes_price": 11,
            "no_price": 89,
            "taker_side": "no"
        },
        {
            "trade_id": "a5cadd9d-a1ce-4f4c-982e-7c1f44dde8ea",
            "ticker": "KXHIGHNY-25APR13-B53.5",
            "count": 2,
            "created_time": "2025-04-13T16:48:54.146487Z",
            "yes_price": 13,
            "no_price": 87,
            "taker_side": "no"
        },
        {
            "trade_id": "3f791b55-bdad-488b-a4fc-11aacee014da",
            "ticker": "KXHIGHNY-25APR13-B53.5",
            "count": 198,
            "created_time": "2025-04-13T16:48:54.146487Z",
            "yes_price": 13,
            "no_price": 87,
            "taker_side": "no"
        },
        {
            "trade_id": "26071779-5ca1-46e5-bae6-27dc9aadcb62",
            "ticker": "KXHIGHNY-25APR13-B53.5",
            "count": 89,
            "created_time": "2025-04-13T16:48:54.146487Z",
            "yes_price": 15,
            "no_price": 85,
            "taker_side": "no"
        },
        {
            "trade_id": "8001accb-fe6e-4be2-a79e-312742c5010a",
            "ticker": "KXHIGHNY-25APR13-B53.5",
            "count": 50,
            "created_time": "2025-04-13T16:48:28.648674Z",
            "yes_price": 13,
            "no_price": 87,
            "taker_side": "no"
        },
        {
            "trade_id": "96b6b93d-cf21-425c-971b-4851f390c006",
            "ticker": "KXHIGHNY-25APR13-B53.5",
            "count": 5,
            "created_time": "2025-04-13T16:47:44.185614Z",
            "yes_price": 15,
            "no_price": 85,
            "taker_side": "no"
        },
        {
            "trade_id": "0afa2ebb-3cef-48da-832f-082f44a183a8",
            "ticker": "KXHIGHNY-25APR13-B53.5",
            "count": 66,
            "created_time": "2025-04-13T16:47:44.185614Z",
            "yes_price": 13,
            "no_price": 87,
            "taker_side": "no"
        },
        {
            "trade_id": "488acddd-fc3b-4b90-89db-d8aab3846ce9",
            "ticker": "KXHIGHNY-25APR13-B53.5",
            "count": 96,
            "created_time": "2025-04-13T16:45:57.582247Z",
            "yes_price": 19,
            "no_price": 81,
            "taker_side": "yes"
        },
        {
            "trade_id": "7e481b5d-5029-474b-918c-16fbec53af09",
            "ticker": "KXHIGHNY-25APR13-B53.5",
            "count": 200,
            "created_time": "2025-04-13T16:45:56.80825Z",
            "yes_price": 16,
            "no_price": 84,
            "taker_side": "no"
        },
        {
            "trade_id": "28d86e15-4bc0-442d-89e3-0abdda64ef3a",
            "ticker": "KXHIGHNY-25APR13-B53.5",
            "count": 35,
            "created_time": "2025-04-13T16:45:56.80825Z",
            "yes_price": 18,
            "no_price": 82,
            "taker_side": "no"
        },
        {
            "trade_id": "3a100609-200b-49b4-bc1f-cec9c4f38cbe",
            "ticker": "KXHIGHNY-25APR13-B53.5",
            "count": 7,
            "created_time": "2025-04-13T16:45:46.179222Z",
            "yes_price": 19,
            "no_price": 81,
            "taker_side": "no"
        },
        {
            "trade_id": "e6a0f1aa-4555-4de2-a1c7-8701a9973348",
            "ticker": "KXHIGHNY-25APR13-B53.5",
            "count": 50,
            "created_time": "2025-04-13T16:44:45.887327Z",
            "yes_price": 20,
            "no_price": 80,
            "taker_side": "no"
        },
        {
            "trade_id": "7a247599-614a-4a46-b1b2-575a753c3f73",
            "ticker": "KXHIGHNY-25APR13-B53.5",
            "count": 188,
            "created_time": "2025-04-13T16:44:45.887327Z",
            "yes_price": 19,
            "no_price": 81,
            "taker_side": "no"
        },
        {
            "trade_id": "68acb7b2-0376-4f66-ae95-8348e2173f1f",
            "ticker": "KXHIGHNY-25APR13-B53.5",
            "count": 12,
            "created_time": "2025-04-13T16:44:45.887327Z",
            "yes_price": 19,
            "no_price": 81,
            "taker_side": "no"
        },
        {
            "trade_id": "3c615109-89a2-4bd3-8f96-521fa29dbc89",
            "ticker": "KXHIGHNY-25APR13-B53.5",
            "count": 39,
            "created_time": "2025-04-13T16:44:45.887327Z",
            "yes_price": 21,
            "no_price": 79,
            "taker_side": "no"
        },
        {
            "trade_id": "d13156a6-de11-4206-82b5-cd97439532b7",
            "ticker": "KXHIGHNY-25APR13-B53.5",
            "count": 200,
            "created_time": "2025-04-13T16:42:08.217763Z",
            "yes_price": 22,
            "no_price": 78,
            "taker_side": "no"
        },
        {
            "trade_id": "9e765199-7950-4342-bbdc-78cdaff70c9e",
            "ticker": "KXHIGHNY-25APR13-B53.5",
            "count": 13,
            "created_time": "2025-04-13T16:42:08.217763Z",
            "yes_price": 22,
            "no_price": 78,
            "taker_side": "no"
        },
        {
            "trade_id": "8f9988d5-e0cc-4de8-8143-e620c556663d",
            "ticker": "KXHIGHNY-25APR13-B53.5",
            "count": 1,
            "created_time": "2025-04-13T16:42:08.217763Z",
            "yes_price": 24,
            "no_price": 76,
            "taker_side": "no"
        },
        {
            "trade_id": "473d432c-bd21-4e01-a1de-cdd75e74539a",
            "ticker": "KXHIGHNY-25APR13-B53.5",
            "count": 12,
            "created_time": "2025-04-13T16:42:08.217763Z",
            "yes_price": 24,
            "no_price": 76,
            "taker_side": "no"
        },
        {
            "trade_id": "28627190-92d5-4e85-8002-4775e362df79",
            "ticker": "KXHIGHNY-25APR13-B53.5",
            "count": 200,
            "created_time": "2025-04-13T16:42:08.217763Z",
            "yes_price": 20,
            "no_price": 80,
            "taker_side": "no"
        },
        {
            "trade_id": "8a99eb73-607e-4520-98c8-c0dce200d4b5",
            "ticker": "KXHIGHNY-25APR13-B53.5",
            "count": 64,
            "created_time": "2025-04-13T16:41:25.93188Z",
            "yes_price": 24,
            "no_price": 76,
            "taker_side": "no"
        },
        {
            "trade_id": "f565917d-f808-4bdb-8320-d445e282aef3",
            "ticker": "KXHIGHNY-25APR13-B53.5",
            "count": 2,
            "created_time": "2025-04-13T16:40:01.85917Z",
            "yes_price": 25,
            "no_price": 75,
            "taker_side": "no"
        },
        {
            "trade_id": "869db595-9168-434c-a9df-8a3281763321",
            "ticker": "KXHIGHNY-25APR13-B53.5",
            "count": 23,
            "created_time": "2025-04-13T16:40:01.85917Z",
            "yes_price": 23,
            "no_price": 77,
            "taker_side": "no"
        },
        {
            "trade_id": "646fee1a-8eb0-4639-b1dd-95e1ac7aa34e",
            "ticker": "KXHIGHNY-25APR13-B53.5",
            "count": 7,
            "created_time": "2025-04-13T16:40:01.85917Z",
            "yes_price": 25,
            "no_price": 75,
            "taker_side": "no"
        },
        {
            "trade_id": "30d74e1f-1a8a-417c-b55b-c1c7c3a62b04",
            "ticker": "KXHIGHNY-25APR13-B53.5",
            "count": 29,
            "created_time": "2025-04-13T16:37:41.83916Z",
            "yes_price": 23,
            "no_price": 77,
            "taker_side": "no"
        },
        {
            "trade_id": "f598eafe-16a5-40e5-b3ff-640fb972a641",
            "ticker": "KXHIGHNY-25APR13-B53.5",
            "count": 68,
            "created_time": "2025-04-13T16:37:29.420592Z",
            "yes_price": 28,
            "no_price": 72,
            "taker_side": "no"
        },
        {
            "trade_id": "c9d11731-63c9-4417-afbb-8e427a17d128",
            "ticker": "KXHIGHNY-25APR13-B53.5",
            "count": 200,
            "created_time": "2025-04-13T16:37:29.420592Z",
            "yes_price": 24,
            "no_price": 76,
            "taker_side": "no"
        },
        {
            "trade_id": "b7c258fe-fc50-4533-98bd-f74b2ed5a3f9",
            "ticker": "KXHIGHNY-25APR13-B53.5",
            "count": 2,
            "created_time": "2025-04-13T16:37:29.420592Z",
            "yes_price": 29,
            "no_price": 71,
            "taker_side": "no"
        },
        {
            "trade_id": "4f055046-2c6e-4aea-a151-454e8cf5dd86",
            "ticker": "KXHIGHNY-25APR13-B53.5",
            "count": 200,
            "created_time": "2025-04-13T16:37:29.420592Z",
            "yes_price": 26,
            "no_price": 74,
            "taker_side": "no"
        },
        {
            "trade_id": "1fd84bdd-5b83-41f2-a1eb-cc12a9858ed5",
            "ticker": "KXHIGHNY-25APR13-B53.5",
            "count": 1,
            "created_time": "2025-04-13T16:37:29.420592Z",
            "yes_price": 28,
            "no_price": 72,
            "taker_side": "no"
        },
        {
            "trade_id": "b4934bba-e3df-4324-9ec8-8cb67b462eba",
            "ticker": "KXHIGHNY-25APR13-B53.5",
            "count": 1,
            "created_time": "2025-04-13T16:35:59.537263Z",
            "yes_price": 34,
            "no_price": 66,
            "taker_side": "yes"
        },
        {
            "trade_id": "ff253164-70e5-468c-b1a9-354b55e303d9",
            "ticker": "KXHIGHNY-25APR13-B53.5",
            "count": 7,
            "created_time": "2025-04-13T16:35:07.264954Z",
            "yes_price": 34,
            "no_price": 66,
            "taker_side": "yes"
        },
        {
            "trade_id": "bbe0d1e3-97f3-4f42-8904-c8ddbfa14076",
            "ticker": "KXHIGHNY-25APR13-B53.5",
            "count": 1,
            "created_time": "2025-04-13T16:35:07.264954Z",
            "yes_price": 33,
            "no_price": 67,
            "taker_side": "yes"
        },
        {
            "trade_id": "85ca01f5-a5e6-4e74-a3ee-3ad7628c28a9",
            "ticker": "KXHIGHNY-25APR13-B53.5",
            "count": 13,
            "created_time": "2025-04-13T16:32:10.971144Z",
            "yes_price": 34,
            "no_price": 66,
            "taker_side": "yes"
        },
        {
            "trade_id": "78be5bc3-32e8-4988-b107-9c6f82a36bb8",
            "ticker": "KXHIGHNY-25APR13-B53.5",
            "count": 1,
            "created_time": "2025-04-13T16:32:10.971144Z",
            "yes_price": 33,
            "no_price": 67,
            "taker_side": "yes"
        },
        {
            "trade_id": "7347eee8-63a6-4f00-b955-30c9e67ca9a9",
            "ticker": "KXHIGHNY-25APR13-B53.5",
            "count": 10,
            "created_time": "2025-04-13T16:32:10.971144Z",
            "yes_price": 33,
            "no_price": 67,
            "taker_side": "yes"
        },
        {
            "trade_id": "18581921-f42e-4fe5-94d8-69f26c9484f4",
            "ticker": "KXHIGHNY-25APR13-B53.5",
            "count": 10,
            "created_time": "2025-04-13T16:32:10.971144Z",
            "yes_price": 34,
            "no_price": 66,
            "taker_side": "yes"
        },
        {
            "trade_id": "facfcd3b-b4f6-46be-aedc-29acd58354c4",
            "ticker": "KXHIGHNY-25APR13-B53.5",
            "count": 28,
            "created_time": "2025-04-13T16:23:45.696777Z",
            "yes_price": 34,
            "no_price": 66,
            "taker_side": "yes"
        },
        {
            "trade_id": "f19d6f00-7998-4097-9c3a-3f7593626b0f",
            "ticker": "KXHIGHNY-25APR13-B53.5",
            "count": 28,
            "created_time": "2025-04-13T16:20:54.566131Z",
            "yes_price": 35,
            "no_price": 65,
            "taker_side": "yes"
        },
        {
            "trade_id": "9b743ff2-96e9-481a-ad4f-4f0ee53c1bda",
            "ticker": "KXHIGHNY-25APR13-B53.5",
            "count": 18,
            "created_time": "2025-04-13T16:20:54.566131Z",
            "yes_price": 33,
            "no_price": 67,
            "taker_side": "yes"
        },
        {
            "trade_id": "9268c65a-e276-4823-901a-17c4ecfa2302",
            "ticker": "KXHIGHNY-25APR13-B53.5",
            "count": 2,
            "created_time": "2025-04-13T16:20:54.566131Z",
            "yes_price": 34,
            "no_price": 66,
            "taker_side": "yes"
        },
        {
            "trade_id": "7dd85eb0-6bef-4b6d-b6f6-7efea4231fe9",
            "ticker": "KXHIGHNY-25APR13-B53.5",
            "count": 8,
            "created_time": "2025-04-13T16:20:54.566131Z",
            "yes_price": 31,
            "no_price": 69,
            "taker_side": "yes"
        },
        {
            "trade_id": "f2a1bf1b-200a-4ca6-b94a-a68fa3d2575d",
            "ticker": "KXHIGHNY-25APR13-B53.5",
            "count": 7,
            "created_time": "2025-04-13T16:19:37.134658Z",
            "yes_price": 28,
            "no_price": 72,
            "taker_side": "no"
        },
        {
            "trade_id": "a1717df7-2586-47f8-9e63-acd57149e15e",
            "ticker": "KXHIGHNY-25APR13-B53.5",
            "count": 2,
            "created_time": "2025-04-13T16:19:37.134658Z",
            "yes_price": 28,
            "no_price": 72,
            "taker_side": "no"
        },
        {
            "trade_id": "7b4702dc-72b8-4d9f-821a-bb39891aa0eb",
            "ticker": "KXHIGHNY-25APR13-B53.5",
            "count": 35,
            "created_time": "2025-04-13T16:19:37.134658Z",
            "yes_price": 28,
            "no_price": 72,
            "taker_side": "no"
        },
        {
            "trade_id": "477db67f-b9e0-4018-9604-dc0cea1b59c8",
            "ticker": "KXHIGHNY-25APR13-B53.5",
            "count": 66,
            "created_time": "2025-04-13T16:16:52.154696Z",
            "yes_price": 24,
            "no_price": 76,
            "taker_side": "no"
        },
        {
            "trade_id": "df9cc09c-c39e-41a8-b497-e01f5649905c",
            "ticker": "KXHIGHNY-25APR13-B53.5",
            "count": 2,
            "created_time": "2025-04-13T16:16:42.046387Z",
            "yes_price": 25,
            "no_price": 75,
            "taker_side": "no"
        },
        {
            "trade_id": "a0043dc1-aa46-47b2-bab9-a6d9beb887a7",
            "ticker": "KXHIGHNY-25APR13-B53.5",
            "count": 12,
            "created_time": "2025-04-13T16:16:42.046387Z",
            "yes_price": 26,
            "no_price": 74,
            "taker_side": "no"
        },
        {
            "trade_id": "fe2250c3-6f9e-4035-8a6b-9fcec34782fa",
            "ticker": "KXHIGHNY-25APR13-B53.5",
            "count": 13,
            "created_time": "2025-04-13T16:16:32.660699Z",
            "yes_price": 27,
            "no_price": 73,
            "taker_side": "no"
        },
        {
            "trade_id": "ad158d90-6b88-4591-9232-d4cab66692a5",
            "ticker": "KXHIGHNY-25APR13-B53.5",
            "count": 16,
            "created_time": "2025-04-13T16:16:32.660699Z",
            "yes_price": 26,
            "no_price": 74,
            "taker_side": "no"
        },
        {
            "trade_id": "9dc43657-c918-4d29-acbc-8de3d747bf8c",
            "ticker": "KXHIGHNY-25APR13-B53.5",
            "count": 22,
            "created_time": "2025-04-13T16:15:52.716126Z",
            "yes_price": 20,
            "no_price": 80,
            "taker_side": "yes"
        },
        {
            "trade_id": "f023102b-bac7-4333-a750-31461599fd18",
            "ticker": "KXHIGHNY-25APR13-B53.5",
            "count": 50,
            "created_time": "2025-04-13T16:15:52.684938Z",
            "yes_price": 20,
            "no_price": 80,
            "taker_side": "yes"
        },
        {
            "trade_id": "bcf96943-affb-44bf-840b-c9d841506179",
            "ticker": "KXHIGHNY-25APR13-B53.5",
            "count": 26,
            "created_time": "2025-04-13T16:15:52.202405Z",
            "yes_price": 26,
            "no_price": 74,
            "taker_side": "yes"
        },
        {
            "trade_id": "1be816da-7b2e-49ec-abce-e6bfa48b1d51",
            "ticker": "KXHIGHNY-25APR13-B53.5",
            "count": 49,
            "created_time": "2025-04-13T16:15:52.16201Z",
            "yes_price": 24,
            "no_price": 76,
            "taker_side": "yes"
        },
        {
            "trade_id": "17adfedb-81fe-4259-82bc-6634fe3661be",
            "ticker": "KXHIGHNY-25APR13-B53.5",
            "count": 13,
            "created_time": "2025-04-13T16:15:52.16201Z",
            "yes_price": 26,
            "no_price": 74,
            "taker_side": "yes"
        },
        {
            "trade_id": "1483b506-558a-4c02-87bf-b624cc8bc656",
            "ticker": "KXHIGHNY-25APR13-B53.5",
            "count": 138,
            "created_time": "2025-04-13T16:15:52.16201Z",
            "yes_price": 26,
            "no_price": 74,
            "taker_side": "yes"
        },
        {
            "trade_id": "f9e0fb1e-e5e0-4e1c-9b0e-f27959cc00ab",
            "ticker": "KXHIGHNY-25APR13-B53.5",
            "count": 93,
            "created_time": "2025-04-13T16:15:52.110556Z",
            "yes_price": 22,
            "no_price": 78,
            "taker_side": "yes"
        },
        {
            "trade_id": "adc66a71-3531-4a8e-a21b-1ed54e81fd30",
            "ticker": "KXHIGHNY-25APR13-B53.5",
            "count": 1,
            "created_time": "2025-04-13T16:15:52.110556Z",
            "yes_price": 24,
            "no_price": 76,
            "taker_side": "yes"
        },
        {
            "trade_id": "833ad3c6-7837-43b3-bc77-d0226b4206ab",
            "ticker": "KXHIGHNY-25APR13-B53.5",
            "count": 106,
            "created_time": "2025-04-13T16:15:52.110556Z",
            "yes_price": 21,
            "no_price": 79,
            "taker_side": "yes"
        },
        {
            "trade_id": "c3425276-11f9-4e57-a412-a0094c1453f0",
            "ticker": "KXHIGHNY-25APR13-B53.5",
            "count": 25,
            "created_time": "2025-04-13T16:15:47.287637Z",
            "yes_price": 13,
            "no_price": 87,
            "taker_side": "no"
        },
        {
            "trade_id": "d489752b-c912-4211-9956-2a1f28e602fb",
            "ticker": "KXHIGHNY-25APR13-B53.5",
            "count": 17,
            "created_time": "2025-04-13T16:11:10.903331Z",
            "yes_price": 21,
            "no_price": 79,
            "taker_side": "yes"
        },
        {
            "trade_id": "6445c9d5-2ac0-489c-83b7-5f0139f32bb3",
            "ticker": "KXHIGHNY-25APR13-B53.5",
            "count": 5,
            "created_time": "2025-04-13T16:11:10.903331Z",
            "yes_price": 22,
            "no_price": 78,
            "taker_side": "yes"
        },
        {
            "trade_id": "cc6995a9-3451-4ab8-8327-b417a6c5339b",
            "ticker": "KXHIGHNY-25APR13-B53.5",
            "count": 1,
            "created_time": "2025-04-13T16:09:48.412087Z",
            "yes_price": 21,
            "no_price": 79,
            "taker_side": "yes"
        },
        {
            "trade_id": "c1c8e670-3552-4413-a3eb-db4153f3ebbe",
            "ticker": "KXHIGHNY-25APR13-B53.5",
            "count": 3,
            "created_time": "2025-04-13T16:07:42.169834Z",
            "yes_price": 21,
            "no_price": 79,
            "taker_side": "no"
        },
        {
            "trade_id": "a0e112c6-c3cb-4994-8359-2b5ecaa7efbb",
            "ticker": "KXHIGHNY-25APR13-B53.5",
            "count": 58,
            "created_time": "2025-04-13T16:07:42.169834Z",
            "yes_price": 18,
            "no_price": 82,
            "taker_side": "no"
        },
        {
            "trade_id": "94584f3a-9f40-4ada-9f83-e846a88dba47",
            "ticker": "KXHIGHNY-25APR13-B53.5",
            "count": 11,
            "created_time": "2025-04-13T16:07:42.169834Z",
            "yes_price": 13,
            "no_price": 87,
            "taker_side": "no"
        },
        {
            "trade_id": "44bcde1e-930b-4f0a-9271-c14526b40480",
            "ticker": "KXHIGHNY-25APR13-B53.5",
            "count": 11,
            "created_time": "2025-04-13T16:07:42.169834Z",
            "yes_price": 14,
            "no_price": 86,
            "taker_side": "no"
        },
        {
            "trade_id": "3e07ea79-db0e-4ef4-9a7e-cde352ffec33",
            "ticker": "KXHIGHNY-25APR13-B53.5",
            "count": 7,
            "created_time": "2025-04-13T16:07:42.169834Z",
            "yes_price": 16,
            "no_price": 84,
            "taker_side": "no"
        },
        {
            "trade_id": "09add586-2c8d-43a8-bbd2-22a1facf8de7",
