{
    "KXHIGHNY-25MAR10-T59": [
        {
            "trade_id": "32de98de-822c-4fba-b62c-ed873c9b7052",
            "ticker": "KXHIGHNY-25MAR10-T59",
            "count": 1,
            "created_time": "2025-03-11T02:05:03.312441Z",
            "yes_price": 1,
            "no_price": 99,
            "taker_side": "yes"
        },
        {
            "trade_id": "10c4a257-9939-4dd3-b18e-81c4102b900a",
            "ticker": "KXHIGHNY-25MAR10-T59",
            "count": 2,
            "created_time": "2025-03-10T21:52:42.997645Z",
            "yes_price": 1,
            "no_price": 99,
            "taker_side": "yes"
        },
        {
            "trade_id": "64b0c3de-8f4e-4bc7-98ca-f3489a51f6a1",
            "ticker": "KXHIGHNY-25MAR10-T59",
            "count": 2,
            "created_time": "2025-03-10T15:44:21.178192Z",
            "yes_price": 1,
            "no_price": 99,
            "taker_side": "yes"
        },
        {
            "trade_id": "6960a0b9-2fe0-4f64-b11d-71c8762d1623",
            "ticker": "KXHIGHNY-25MAR10-T59",
            "count": 33,
            "created_time": "2025-03-10T12:13:09.333396Z",
            "yes_price": 1,
            "no_price": 99,
            "taker_side": "no"
        },
        {
            "trade_id": "d2608c70-d09d-46fe-95ac-a257bfd6e18f",
            "ticker": "KXHIGHNY-25MAR10-T59",
            "count": 33,
            "created_time": "2025-03-10T06:29:52.482325Z",
            "yes_price": 1,
            "no_price": 99,
            "taker_side": "no"
        },
        {
            "trade_id": "37f2cf14-95a9-439c-98a7-0e778c9aef47",
            "ticker": "KXHIGHNY-25MAR10-T59",
            "count": 67,
            "created_time": "2025-03-10T06:29:52.482325Z",
            "yes_price": 1,
            "no_price": 99,
            "taker_side": "no"
        },
        {
            "trade_id": "0837edda-7dad-4b2a-834e-7ceee68507d6",
            "ticker": "KXHIGHNY-25MAR10-T59",
            "count": 942,
            "created_time": "2025-03-10T06:16:31.32384Z",
            "yes_price": 1,
            "no_price": 99,
            "taker_side": "no"
        },
        {
            "trade_id": "72398b0d-2a90-42b5-b4d4-507160289ac5",
            "ticker": "KXHIGHNY-25MAR10-T59",
            "count": 50,
            "created_time": "2025-03-10T05:11:51.363476Z",
            "yes_price": 1,
            "no_price": 99,
            "taker_side": "no"
        },
        {
            "trade_id": "8714d6e0-0bef-482d-91c5-8cf1bddf8406",
            "ticker": "KXHIGHNY-25MAR10-T59",
            "count": 38,
            "created_time": "2025-03-10T05:01:04.861957Z",
            "yes_price": 1,
            "no_price": 99,
            "taker_side": "no"
        },
        {
            "trade_id": "6fbd1e19-1c01-4e88-a68d-41da5df8696b",
            "ticker": "KXHIGHNY-25MAR10-T59",
            "count": 47,
            "created_time": "2025-03-10T05:01:04.861957Z",
            "yes_price": 1,
            "no_price": 99,
            "taker_side": "no"
        },
        {
            "trade_id": "cc57930c-e60b-491a-b80c-290df7269b46",
            "ticker": "KXHIGHNY-25MAR10-T59",
            "count": 102,
            "created_time": "2025-03-10T05:00:38.434793Z",
            "yes_price": 4,
            "no_price": 96,
            "taker_side": "yes"
        },
        {
            "trade_id": "c7831007-f79f-4e02-8347-28102f13b594",
            "ticker": "KXHIGHNY-25MAR10-T59",
            "count": 1,
            "created_time": "2025-03-10T05:00:38.434793Z",
            "yes_price": 4,
            "no_price": 96,
            "taker_side": "yes"
        },
        {
            "trade_id": "11943d90-be93-43ba-af5b-062af3ceeec5",
            "ticker": "KXHIGHNY-25MAR10-T59",
            "count": 1,
            "created_time": "2025-03-10T05:00:38.434793Z",
            "yes_price": 3,
            "no_price": 97,
            "taker_side": "yes"
        },
        {
            "trade_id": "02a87188-eb7c-40f4-899c-1346f951a9b5",
            "ticker": "KXHIGHNY-25MAR10-T59",
            "count": 1,
            "created_time": "2025-03-10T05:00:38.434793Z",
            "yes_price": 3,
            "no_price": 97,
            "taker_side": "yes"
        },
        {
            "trade_id": "c913d9d1-1fbd-4a9e-a571-99d25f32f379",
            "ticker": "KXHIGHNY-25MAR10-T59",
            "count": 1,
            "created_time": "2025-03-10T04:58:44.881639Z",
            "yes_price": 2,
            "no_price": 98,
            "taker_side": "yes"
        },
        {
            "trade_id": "5243ee03-7c83-4a15-8057-e9d3aa4b48f0",
            "ticker": "KXHIGHNY-25MAR10-T59",
            "count": 73,
            "created_time": "2025-03-10T04:58:44.881639Z",
            "yes_price": 3,
            "no_price": 97,
            "taker_side": "yes"
        },
        {
            "trade_id": "4197f64b-88eb-4d10-9f1e-0f8408dc63db",
            "ticker": "KXHIGHNY-25MAR10-T59",
            "count": 426,
            "created_time": "2025-03-10T04:58:44.881639Z",
            "yes_price": 2,
            "no_price": 98,
            "taker_side": "yes"
        },
        {
            "trade_id": "383ae4c0-ccde-4c44-a593-31505e3e0e6f",
            "ticker": "KXHIGHNY-25MAR10-T59",
            "count": 11,
            "created_time": "2025-03-10T04:58:24.560216Z",
            "yes_price": 1,
            "no_price": 99,
            "taker_side": "no"
        },
        {
            "trade_id": "f67f8a33-4aea-45d0-ab43-6e1e089a7ac5",
            "ticker": "KXHIGHNY-25MAR10-T59",
            "count": 225,
            "created_time": "2025-03-10T04:58:19.246008Z",
            "yes_price": 2,
            "no_price": 98,
            "taker_side": "yes"
        },
        {
            "trade_id": "4af03e33-8418-48f4-84c1-a14271361bbb",
            "ticker": "KXHIGHNY-25MAR10-T59",
            "count": 257,
            "created_time": "2025-03-10T04:56:59.738056Z",
            "yes_price": 1,
            "no_price": 99,
            "taker_side": "no"
        },
        {
            "trade_id": "2e208a6b-5389-44c5-8cd9-5e7c2c0ffcbb",
            "ticker": "KXHIGHNY-25MAR10-T59",
            "count": 112,
            "created_time": "2025-03-10T04:52:42.887319Z",
            "yes_price": 2,
            "no_price": 98,
            "taker_side": "yes"
        },
        {
            "trade_id": "fd055b10-64f6-4716-b8e7-b2d4457780b4",
            "ticker": "KXHIGHNY-25MAR10-T59",
            "count": 30,
            "created_time": "2025-03-10T04:50:30.634411Z",
            "yes_price": 1,
            "no_price": 99,
            "taker_side": "no"
        },
        {
            "trade_id": "16b70c42-f32c-4a47-bbf4-07e5a57235ac",
            "ticker": "KXHIGHNY-25MAR10-T59",
            "count": 185,
            "created_time": "2025-03-10T04:50:30.634411Z",
            "yes_price": 1,
            "no_price": 99,
            "taker_side": "no"
        },
        {
            "trade_id": "924a7fab-2b01-48a6-b00b-2d7b97c86f28",
            "ticker": "KXHIGHNY-25MAR10-T59",
            "count": 215,
            "created_time": "2025-03-10T04:47:20.293638Z",
            "yes_price": 2,
            "no_price": 98,
            "taker_side": "yes"
        },
        {
            "trade_id": "79b31d62-cef5-42b6-b739-18a46c52f8e7",
            "ticker": "KXHIGHNY-25MAR10-T59",
            "count": 10,
            "created_time": "2025-03-10T04:45:36.901992Z",
            "yes_price": 2,
            "no_price": 98,
            "taker_side": "yes"
        },
        {
            "trade_id": "8c57b3ee-61fd-4302-97cb-b44f84bcece5",
            "ticker": "KXHIGHNY-25MAR10-T59",
            "count": 5,
            "created_time": "2025-03-10T04:26:12.740277Z",
            "yes_price": 1,
            "no_price": 99,
            "taker_side": "no"
        },
        {
            "trade_id": "9f0a004e-7298-4c64-8deb-c9306b518ffe",
            "ticker": "KXHIGHNY-25MAR10-T59",
            "count": 100,
            "created_time": "2025-03-10T03:05:32.162034Z",
            "yes_price": 1,
            "no_price": 99,
            "taker_side": "no"
        },
        {
            "trade_id": "74596dea-6a18-415c-ab18-40e3ccf28263",
            "ticker": "KXHIGHNY-25MAR10-T59",
            "count": 2,
            "created_time": "2025-03-10T02:03:01.52306Z",
            "yes_price": 2,
            "no_price": 98,
            "taker_side": "yes"
        },
        {
            "trade_id": "42a54f53-8fb1-4507-9c21-f6476bfd6427",
            "ticker": "KXHIGHNY-25MAR10-T59",
            "count": 10,
            "created_time": "2025-03-10T01:41:42.924756Z",
            "yes_price": 1,
            "no_price": 99,
            "taker_side": "no"
        },
        {
            "trade_id": "e355e8c8-bc04-443a-ac32-f7bff4803b72",
            "ticker": "KXHIGHNY-25MAR10-T59",
            "count": 145,
            "created_time": "2025-03-09T23:29:51.241616Z",
            "yes_price": 3,
            "no_price": 97,
            "taker_side": "yes"
        },
        {
            "trade_id": "63bf21f2-60d9-4df4-a856-ad2034a50e58",
            "ticker": "KXHIGHNY-25MAR10-T59",
            "count": 15,
            "created_time": "2025-03-09T23:29:51.241616Z",
            "yes_price": 2,
            "no_price": 98,
            "taker_side": "yes"
        }
    ],
    "KXHIGHNY-25MAR10-B59.5": [
        {
            "trade_id": "5d90e00f-9eaa-4dce-b7a5-66f93a614fce",
            "ticker": "KXHIGHNY-25MAR10-B59.5",
            "count": 1,
            "created_time": "2025-03-10T21:52:51.331553Z",
            "yes_price": 1,
            "no_price": 99,
            "taker_side": "yes"
        },
        {
            "trade_id": "4236ab0e-08b0-444c-9f86-18aa3742069b",
            "ticker": "KXHIGHNY-25MAR10-B59.5",
            "count": 10,
            "created_time": "2025-03-10T15:48:47.884208Z",
            "yes_price": 1,
            "no_price": 99,
            "taker_side": "yes"
        },
        {
            "trade_id": "6651e263-79d2-4047-b00c-0cef94fd9e22",
            "ticker": "KXHIGHNY-25MAR10-B59.5",
            "count": 500,
            "created_time": "2025-03-10T15:43:32.195935Z",
            "yes_price": 1,
            "no_price": 99,
            "taker_side": "yes"
        },
        {
            "trade_id": "72f5f8e2-793d-4665-8a9a-d47afb8f6857",
            "ticker": "KXHIGHNY-25MAR10-B59.5",
            "count": 100,
            "created_time": "2025-03-10T06:29:52.544378Z",
            "yes_price": 1,
            "no_price": 99,
            "taker_side": "no"
        },
        {
            "trade_id": "89877272-d341-4b03-9206-2c2fa3aa398a",
            "ticker": "KXHIGHNY-25MAR10-B59.5",
            "count": 165,
            "created_time": "2025-03-10T05:14:29.387597Z",
            "yes_price": 1,
            "no_price": 99,
            "taker_side": "no"
        },
        {
            "trade_id": "70a4df4d-8c5b-4f4e-9a55-d8c7c1ced9af",
            "ticker": "KXHIGHNY-25MAR10-B59.5",
            "count": 49,
            "created_time": "2025-03-10T05:14:29.387597Z",
            "yes_price": 1,
            "no_price": 99,
            "taker_side": "no"
        },
        {
            "trade_id": "2841c2be-9668-4645-8cc3-bbba59c05ee9",
            "ticker": "KXHIGHNY-25MAR10-B59.5",
            "count": 50,
            "created_time": "2025-03-10T05:11:51.39933Z",
            "yes_price": 1,
            "no_price": 99,
            "taker_side": "no"
        },
        {
            "trade_id": "0288a130-68c9-41d0-85b4-b7c8c36363aa",
            "ticker": "KXHIGHNY-25MAR10-B59.5",
            "count": 9,
            "created_time": "2025-03-10T05:11:31.172561Z",
            "yes_price": 3,
            "no_price": 97,
            "taker_side": "yes"
        },
        {
            "trade_id": "8f8e993d-d25e-445a-bbbf-287322efeab6",
            "ticker": "KXHIGHNY-25MAR10-B59.5",
            "count": 9,
            "created_time": "2025-03-10T05:10:54.712697Z",
            "yes_price": 3,
            "no_price": 97,
            "taker_side": "yes"
        },
        {
            "trade_id": "67855806-ea6f-4c82-bb71-0565471191aa",
            "ticker": "KXHIGHNY-25MAR10-B59.5",
            "count": 16,
            "created_time": "2025-03-10T05:10:54.712697Z",
            "yes_price": 3,
            "no_price": 97,
            "taker_side": "yes"
        },
        {
            "trade_id": "e7b500f9-abf6-47b1-8504-7c773d8934c4",
            "ticker": "KXHIGHNY-25MAR10-B59.5",
            "count": 85,
            "created_time": "2025-03-10T05:01:04.862214Z",
            "yes_price": 1,
            "no_price": 99,
            "taker_side": "no"
        },
        {
            "trade_id": "f7c4ccfd-0f2c-4738-b9bb-2117884e12fb",
            "ticker": "KXHIGHNY-25MAR10-B59.5",
            "count": 11,
            "created_time": "2025-03-10T04:58:24.560032Z",
            "yes_price": 1,
            "no_price": 99,
            "taker_side": "no"
        },
        {
            "trade_id": "96f4f5e8-ba00-4c12-8a1a-69e53e355605",
            "ticker": "KXHIGHNY-25MAR10-B59.5",
            "count": 55,
            "created_time": "2025-03-10T04:52:01.002671Z",
            "yes_price": 4,
            "no_price": 96,
            "taker_side": "yes"
        },
        {
            "trade_id": "936dea8b-ce46-41a4-9bfa-412c56560091",
            "ticker": "KXHIGHNY-25MAR10-B59.5",
            "count": 1,
            "created_time": "2025-03-10T04:52:01.002671Z",
            "yes_price": 4,
            "no_price": 96,
            "taker_side": "yes"
        },
        {
            "trade_id": "05b65ff5-bcaa-4e78-9335-1bf633b68989",
            "ticker": "KXHIGHNY-25MAR10-B59.5",
            "count": 71,
            "created_time": "2025-03-10T04:52:01.002671Z",
            "yes_price": 6,
            "no_price": 94,
            "taker_side": "yes"
        },
        {
            "trade_id": "7086a3ac-cc8c-4317-a95e-7da8743db565",
            "ticker": "KXHIGHNY-25MAR10-B59.5",
            "count": 7,
            "created_time": "2025-03-10T04:40:01.605077Z",
            "yes_price": 4,
            "no_price": 96,
            "taker_side": "yes"
        },
        {
            "trade_id": "f860b825-4674-409a-baf5-c39852d377ac",
            "ticker": "KXHIGHNY-25MAR10-B59.5",
            "count": 73,
            "created_time": "2025-03-10T04:22:56.722888Z",
            "yes_price": 4,
            "no_price": 96,
            "taker_side": "yes"
        },
        {
            "trade_id": "6f8be93f-0a46-45da-bee2-4a3c6a30971b",
            "ticker": "KXHIGHNY-25MAR10-B59.5",
            "count": 2,
            "created_time": "2025-03-10T04:22:56.722888Z",
            "yes_price": 4,
            "no_price": 96,
            "taker_side": "yes"
        },
        {
            "trade_id": "0be8bfdb-243f-49cd-bcbb-1f3abc4eb4d2",
            "ticker": "KXHIGHNY-25MAR10-B59.5",
            "count": 80,
            "created_time": "2025-03-10T03:37:47.457579Z",
            "yes_price": 5,
            "no_price": 95,
            "taker_side": "yes"
        },
        {
            "trade_id": "a3901b3b-eb44-4953-b54f-24df4e7b27ad",
            "ticker": "KXHIGHNY-25MAR10-B59.5",
            "count": 2,
            "created_time": "2025-03-10T03:37:19.164037Z",
            "yes_price": 3,
            "no_price": 97,
            "taker_side": "yes"
        },
        {
            "trade_id": "99a8536f-dee9-4e3e-b8f9-fd3006bc1cb9",
            "ticker": "KXHIGHNY-25MAR10-B59.5",
            "count": 17,
            "created_time": "2025-03-10T03:37:19.164037Z",
            "yes_price": 3,
            "no_price": 97,
            "taker_side": "yes"
        },
        {
            "trade_id": "08d9e2a1-d631-4986-8c01-aad1646555c4",
            "ticker": "KXHIGHNY-25MAR10-B59.5",
            "count": 8,
            "created_time": "2025-03-10T02:03:17.992087Z",
            "yes_price": 3,
            "no_price": 97,
            "taker_side": "yes"
        },
        {
            "trade_id": "6bd77523-048f-47b5-8e85-e2ed15e64df8",
            "ticker": "KXHIGHNY-25MAR10-B59.5",
            "count": 50,
            "created_time": "2025-03-10T01:34:09.381573Z",
            "yes_price": 4,
            "no_price": 96,
            "taker_side": "yes"
        },
        {
            "trade_id": "a5f522ed-9946-482a-827b-7141e5f872c5",
            "ticker": "KXHIGHNY-25MAR10-B59.5",
            "count": 22,
            "created_time": "2025-03-10T01:34:05.223842Z",
            "yes_price": 3,
            "no_price": 97,
            "taker_side": "no"
        },
        {
            "trade_id": "49ce3896-297d-45fb-8e8c-05dfb5c53f42",
            "ticker": "KXHIGHNY-25MAR10-B59.5",
            "count": 50,
            "created_time": "2025-03-10T01:34:05.223842Z",
            "yes_price": 4,
            "no_price": 96,
            "taker_side": "no"
        },
        {
            "trade_id": "34143b63-999c-4597-bd10-165b35da02ac",
            "ticker": "KXHIGHNY-25MAR10-B59.5",
            "count": 10,
            "created_time": "2025-03-10T00:31:24.472536Z",
            "yes_price": 8,
            "no_price": 92,
            "taker_side": "no"
        },
        {
            "trade_id": "d1d2eca5-262e-46be-8137-9f17131529ab",
            "ticker": "KXHIGHNY-25MAR10-B59.5",
            "count": 20,
            "created_time": "2025-03-09T23:29:39.099437Z",
            "yes_price": 14,
            "no_price": 86,
            "taker_side": "yes"
        },
        {
            "trade_id": "51ed0c9b-5114-4aa1-a754-8c6975a2568a",
            "ticker": "KXHIGHNY-25MAR10-B59.5",
            "count": 11,
            "created_time": "2025-03-09T23:29:39.099437Z",
            "yes_price": 15,
            "no_price": 85,
            "taker_side": "yes"
        },
        {
            "trade_id": "06759c66-7697-40ae-b28c-62fe3dd2652a",
            "ticker": "KXHIGHNY-25MAR10-B59.5",
            "count": 1,
            "created_time": "2025-03-09T23:29:39.099437Z",
            "yes_price": 14,
            "no_price": 86,
            "taker_side": "yes"
        },
        {
            "trade_id": "fdfc7ca7-8a4c-47a0-b59c-10f2d083671b",
            "ticker": "KXHIGHNY-25MAR10-B59.5",
            "count": 47,
            "created_time": "2025-03-09T22:08:03.820275Z",
            "yes_price": 16,
            "no_price": 84,
            "taker_side": "yes"
        },
        {
            "trade_id": "d9322bd3-dff9-46ac-9fbe-12ebb1d889c1",
            "ticker": "KXHIGHNY-25MAR10-B59.5",
            "count": 47,
            "created_time": "2025-03-09T22:08:03.820275Z",
            "yes_price": 17,
            "no_price": 83,
            "taker_side": "yes"
        },
        {
            "trade_id": "ad936e93-6515-4283-a604-6df60a0f3b87",
            "ticker": "KXHIGHNY-25MAR10-B59.5",
            "count": 32,
            "created_time": "2025-03-09T22:08:03.820275Z",
            "yes_price": 17,
            "no_price": 83,
            "taker_side": "yes"
        },
        {
            "trade_id": "56675833-1756-46e2-8348-6a76abdcf520",
            "ticker": "KXHIGHNY-25MAR10-B59.5",
            "count": 11,
            "created_time": "2025-03-09T22:08:03.820275Z",
            "yes_price": 18,
            "no_price": 82,
            "taker_side": "yes"
        },
        {
            "trade_id": "01d4348e-00fb-45ad-a200-b350fcf5e461",
            "ticker": "KXHIGHNY-25MAR10-B59.5",
            "count": 3,
            "created_time": "2025-03-09T22:08:03.820275Z",
            "yes_price": 17,
            "no_price": 83,
            "taker_side": "yes"
        },
        {
            "trade_id": "f6981f56-e8cd-4a15-9822-a853ce2443eb",
            "ticker": "KXHIGHNY-25MAR10-B59.5",
            "count": 11,
            "created_time": "2025-03-09T21:49:47.578847Z",
            "yes_price": 12,
            "no_price": 88,
            "taker_side": "no"
        },
        {
            "trade_id": "655f46c6-1bb3-4769-bc2b-52cf2a33a5f0",
            "ticker": "KXHIGHNY-25MAR10-B59.5",
            "count": 5,
            "created_time": "2025-03-09T21:16:12.967051Z",
            "yes_price": 19,
            "no_price": 81,
            "taker_side": "yes"
        },
        {
            "trade_id": "4bcc553d-dbe4-4e2b-ac45-bda4640c9111",
            "ticker": "KXHIGHNY-25MAR10-B59.5",
            "count": 5,
            "created_time": "2025-03-09T21:16:12.967051Z",
            "yes_price": 18,
            "no_price": 82,
            "taker_side": "yes"
        },
        {
            "trade_id": "1c325c01-aa0d-4c46-9415-6a6f0fdfb6f7",
            "ticker": "KXHIGHNY-25MAR10-B59.5",
            "count": 38,
            "created_time": "2025-03-09T21:16:12.967051Z",
            "yes_price": 20,
            "no_price": 80,
            "taker_side": "yes"
        },
        {
            "trade_id": "ce9e2f56-ad8b-4e28-8f5a-09e586d76768",
            "ticker": "KXHIGHNY-25MAR10-B59.5",
            "count": 1,
            "created_time": "2025-03-09T21:07:10.70994Z",
            "yes_price": 12,
            "no_price": 88,
            "taker_side": "no"
        },
        {
            "trade_id": "b265824a-adf6-475c-ac99-2cc5d2a492c0",
            "ticker": "KXHIGHNY-25MAR10-B59.5",
            "count": 4,
            "created_time": "2025-03-09T21:06:27.261668Z",
            "yes_price": 12,
            "no_price": 88,
            "taker_side": "no"
        },
        {
            "trade_id": "7585fed0-766c-43e0-a6ea-4ff7b2642ad8",
            "ticker": "KXHIGHNY-25MAR10-B59.5",
            "count": 5,
            "created_time": "2025-03-09T20:13:32.056305Z",
            "yes_price": 12,
            "no_price": 88,
            "taker_side": "no"
        },
        {
            "trade_id": "a124c6eb-ff6b-4bb5-9624-515ec741cf42",
            "ticker": "KXHIGHNY-25MAR10-B59.5",
            "count": 20,
            "created_time": "2025-03-09T20:06:55.411872Z",
            "yes_price": 19,
            "no_price": 81,
            "taker_side": "yes"
        },
        {
            "trade_id": "d4c9ce0a-2026-4fbb-823a-c8e70379418f",
            "ticker": "KXHIGHNY-25MAR10-B59.5",
            "count": 25,
            "created_time": "2025-03-09T19:58:00.665059Z",
            "yes_price": 13,
            "no_price": 87,
            "taker_side": "no"
        },
        {
            "trade_id": "7bb3e675-daad-4021-a143-84d0434b449f",
            "ticker": "KXHIGHNY-25MAR10-B59.5",
            "count": 2,
            "created_time": "2025-03-09T19:46:09.039549Z",
            "yes_price": 19,
            "no_price": 81,
            "taker_side": "yes"
        },
        {
            "trade_id": "c47894a7-c3ee-407c-8402-66a883e92622",
            "ticker": "KXHIGHNY-25MAR10-B59.5",
            "count": 23,
            "created_time": "2025-03-09T19:45:56.272489Z",
            "yes_price": 19,
            "no_price": 81,
            "taker_side": "yes"
        },
        {
            "trade_id": "ddd0afc7-0463-4a1a-9b0b-448eee5cffe0",
            "ticker": "KXHIGHNY-25MAR10-B59.5",
            "count": 5,
            "created_time": "2025-03-09T17:31:33.176578Z",
            "yes_price": 12,
            "no_price": 88,
            "taker_side": "no"
        },
        {
            "trade_id": "4e2061d7-77c0-4872-a698-0f4e8580ef99",
            "ticker": "KXHIGHNY-25MAR10-B59.5",
            "count": 1,
            "created_time": "2025-03-09T17:30:24.017563Z",
            "yes_price": 12,
            "no_price": 88,
            "taker_side": "no"
        },
        {
            "trade_id": "08d12979-4ee4-42f5-8918-102812c411d8",
            "ticker": "KXHIGHNY-25MAR10-B59.5",
            "count": 5,
            "created_time": "2025-03-09T15:26:35.551672Z",
            "yes_price": 11,
            "no_price": 89,
            "taker_side": "no"
        },
        {
            "trade_id": "34bab134-3504-4ac6-b2e2-9b382f04de2e",
            "ticker": "KXHIGHNY-25MAR10-B59.5",
            "count": 40,
            "created_time": "2025-03-09T14:41:02.505482Z",
            "yes_price": 18,
            "no_price": 82,
            "taker_side": "no"
        },
        {
            "trade_id": "e72a5c85-7358-4851-9196-9bfbe504c972",
            "ticker": "KXHIGHNY-25MAR10-B59.5",
            "count": 10,
            "created_time": "2025-03-09T14:19:11.076809Z",
            "yes_price": 18,
            "no_price": 82,
            "taker_side": "no"
        },
        {
            "trade_id": "df031728-5764-4886-aa32-36cf62bc432b",
            "ticker": "KXHIGHNY-25MAR10-B59.5",
            "count": 10,
            "created_time": "2025-03-09T14:18:55.063094Z",
            "yes_price": 15,
            "no_price": 85,
            "taker_side": "yes"
        }
    ],
    "KXHIGHNY-25MAR10-B61.5": [
        {
            "trade_id": "6d15a61d-86ac-48db-ba0d-d67e741f559c",
            "ticker": "KXHIGHNY-25MAR10-B61.5",
            "count": 1827,
            "created_time": "2025-03-10T21:33:55.087622Z",
            "yes_price": 1,
            "no_price": 99,
            "taker_side": "yes"
        },
        {
            "trade_id": "27e138a3-5f1a-4c88-a0b6-b72113c82133",
            "ticker": "KXHIGHNY-25MAR10-B61.5",
            "count": 467,
            "created_time": "2025-03-10T20:06:05.605578Z",
            "yes_price": 1,
            "no_price": 99,
            "taker_side": "yes"
        },
        {
            "trade_id": "df96e327-d58a-4959-8961-04da90a7b75d",
            "ticker": "KXHIGHNY-25MAR10-B61.5",
            "count": 99,
            "created_time": "2025-03-10T19:26:51.438283Z",
            "yes_price": 1,
            "no_price": 99,
            "taker_side": "yes"
        },
        {
            "trade_id": "ab6b8bca-8ec5-4578-a123-4412ca381aaa",
            "ticker": "KXHIGHNY-25MAR10-B61.5",
            "count": 99,
            "created_time": "2025-03-10T19:26:41.480416Z",
            "yes_price": 1,
            "no_price": 99,
            "taker_side": "yes"
        },
        {
            "trade_id": "145c63c5-94ae-4b2f-95fe-1d6133451a53",
            "ticker": "KXHIGHNY-25MAR10-B61.5",
            "count": 99,
            "created_time": "2025-03-10T19:26:21.233841Z",
            "yes_price": 1,
            "no_price": 99,
            "taker_side": "yes"
        },
        {
            "trade_id": "3e60adfa-cf98-49fc-a18b-77ab1dfc9215",
            "ticker": "KXHIGHNY-25MAR10-B61.5",
            "count": 99,
            "created_time": "2025-03-10T19:14:41.813834Z",
            "yes_price": 1,
            "no_price": 99,
            "taker_side": "yes"
        },
        {
            "trade_id": "a7d75235-e140-411a-8886-4ad4138cb346",
            "ticker": "KXHIGHNY-25MAR10-B61.5",
            "count": 16,
            "created_time": "2025-03-10T18:35:15.182133Z",
            "yes_price": 1,
            "no_price": 99,
            "taker_side": "yes"
        },
        {
            "trade_id": "5068ffdf-c4c6-41f1-83f2-715464e52bc4",
            "ticker": "KXHIGHNY-25MAR10-B61.5",
            "count": 93,
            "created_time": "2025-03-10T18:15:57.205471Z",
            "yes_price": 1,
            "no_price": 99,
            "taker_side": "yes"
        },
        {
            "trade_id": "bf655607-b889-4737-afde-4f8abbc010da",
            "ticker": "KXHIGHNY-25MAR10-B61.5",
            "count": 49,
            "created_time": "2025-03-10T18:01:46.176432Z",
            "yes_price": 1,
            "no_price": 99,
            "taker_side": "yes"
        },
        {
            "trade_id": "f27a4c30-ba18-46c2-adfb-9e01b7567385",
            "ticker": "KXHIGHNY-25MAR10-B61.5",
            "count": 17,
            "created_time": "2025-03-10T17:58:08.835896Z",
            "yes_price": 1,
            "no_price": 99,
            "taker_side": "yes"
        },
        {
            "trade_id": "d68b2f4b-8daa-4159-bb8e-031e62a36d61",
            "ticker": "KXHIGHNY-25MAR10-B61.5",
            "count": 24,
            "created_time": "2025-03-10T17:57:08.778876Z",
            "yes_price": 1,
            "no_price": 99,
            "taker_side": "yes"
        },
        {
            "trade_id": "c5235a84-4a09-47b6-9086-6f74bffbbcb9",
            "ticker": "KXHIGHNY-25MAR10-B61.5",
            "count": 30,
            "created_time": "2025-03-10T17:56:09.461904Z",
            "yes_price": 1,
            "no_price": 99,
            "taker_side": "yes"
        },
        {
            "trade_id": "7984de8d-3777-4e3e-9af0-54110871cd7c",
            "ticker": "KXHIGHNY-25MAR10-B61.5",
            "count": 100,
            "created_time": "2025-03-10T17:55:30.362321Z",
            "yes_price": 1,
            "no_price": 99,
            "taker_side": "no"
        },
        {
            "trade_id": "6b610fc6-eda4-4748-9296-f3b200958260",
            "ticker": "KXHIGHNY-25MAR10-B61.5",
            "count": 50,
            "created_time": "2025-03-10T17:55:30.362321Z",
            "yes_price": 1,
            "no_price": 99,
            "taker_side": "no"
        },
        {
            "trade_id": "5d66ad01-0635-4a28-b048-528e828f07e1",
            "ticker": "KXHIGHNY-25MAR10-B61.5",
            "count": 20,
            "created_time": "2025-03-10T17:55:30.362321Z",
            "yes_price": 1,
            "no_price": 99,
            "taker_side": "no"
        },
        {
            "trade_id": "333ae5ae-567c-41f2-adb3-fc558c689229",
            "ticker": "KXHIGHNY-25MAR10-B61.5",
            "count": 222,
            "created_time": "2025-03-10T17:55:30.362321Z",
            "yes_price": 1,
            "no_price": 99,
            "taker_side": "no"
        },
        {
            "trade_id": "f8390f29-101d-456a-94bb-5ea56997d81c",
            "ticker": "KXHIGHNY-25MAR10-B61.5",
            "count": 35,
            "created_time": "2025-03-10T17:55:30.332906Z",
            "yes_price": 1,
            "no_price": 99,
            "taker_side": "no"
        },
        {
            "trade_id": "ded6d9c1-fd1a-45ef-8b4c-ebb023a657ab",
            "ticker": "KXHIGHNY-25MAR10-B61.5",
            "count": 234,
            "created_time": "2025-03-10T17:55:30.332906Z",
            "yes_price": 1,
            "no_price": 99,
            "taker_side": "no"
        },
        {
            "trade_id": "bba33d1a-867a-4d12-9f0e-4684d9dd09d6",
            "ticker": "KXHIGHNY-25MAR10-B61.5",
            "count": 9,
            "created_time": "2025-03-10T17:55:30.332906Z",
            "yes_price": 1,
            "no_price": 99,
            "taker_side": "no"
        },
        {
            "trade_id": "4e174f05-9d3a-43ee-8c64-87a18396e026",
            "ticker": "KXHIGHNY-25MAR10-B61.5",
            "count": 378,
            "created_time": "2025-03-10T17:55:30.332906Z",
            "yes_price": 1,
            "no_price": 99,
            "taker_side": "no"
        },
        {
            "trade_id": "38763975-3ac0-490b-95e3-db71886a0913",
            "ticker": "KXHIGHNY-25MAR10-B61.5",
            "count": 200,
            "created_time": "2025-03-10T17:55:30.332906Z",
            "yes_price": 1,
            "no_price": 99,
            "taker_side": "no"
        },
        {
            "trade_id": "1fa093a9-df86-44d5-bbc8-69a619333434",
            "ticker": "KXHIGHNY-25MAR10-B61.5",
            "count": 144,
            "created_time": "2025-03-10T17:55:30.332906Z",
            "yes_price": 1,
            "no_price": 99,
            "taker_side": "no"
        },
        {
            "trade_id": "65a9075a-e00a-4533-b36f-e6b75209e0cb",
            "ticker": "KXHIGHNY-25MAR10-B61.5",
            "count": 500,
            "created_time": "2025-03-10T17:52:01.057799Z",
            "yes_price": 2,
            "no_price": 98,
            "taker_side": "yes"
        },
        {
            "trade_id": "2a6c30fa-029a-4e8c-8c42-9f537b8fe9bc",
            "ticker": "KXHIGHNY-25MAR10-B61.5",
            "count": 149,
            "created_time": "2025-03-10T17:52:01.057799Z",
            "yes_price": 2,
            "no_price": 98,
            "taker_side": "yes"
        },
        {
            "trade_id": "a7947ad9-6a7c-475a-8d14-1c84994e9bea",
            "ticker": "KXHIGHNY-25MAR10-B61.5",
            "count": 16,
            "created_time": "2025-03-10T17:49:25.186375Z",
            "yes_price": 1,
            "no_price": 99,
            "taker_side": "no"
        },
        {
            "trade_id": "8e01bf39-001f-4f0c-be53-499fb6029e19",
            "ticker": "KXHIGHNY-25MAR10-B61.5",
            "count": 50,
            "created_time": "2025-03-10T17:49:25.186375Z",
            "yes_price": 1,
            "no_price": 99,
            "taker_side": "no"
        },
        {
            "trade_id": "841ae7d2-7173-48f4-9f8b-8ef96e1b3834",
            "ticker": "KXHIGHNY-25MAR10-B61.5",
            "count": 100,
            "created_time": "2025-03-10T17:48:31.347302Z",
            "yes_price": 1,
            "no_price": 99,
            "taker_side": "no"
        },
        {
            "trade_id": "c9c2e3c4-140b-4103-95af-e4a45b7c4324",
            "ticker": "KXHIGHNY-25MAR10-B61.5",
            "count": 20,
            "created_time": "2025-03-10T17:47:55.550112Z",
            "yes_price": 1,
            "no_price": 99,
            "taker_side": "no"
        },
        {
            "trade_id": "4a1c82b4-ca30-4323-9124-470da755f70e",
            "ticker": "KXHIGHNY-25MAR10-B61.5",
            "count": 47,
            "created_time": "2025-03-10T17:46:11.341119Z",
            "yes_price": 1,
            "no_price": 99,
            "taker_side": "no"
        },
        {
            "trade_id": "1d7445bf-c2da-4051-b2c1-f8f1ed182648",
            "ticker": "KXHIGHNY-25MAR10-B61.5",
            "count": 3,
            "created_time": "2025-03-10T17:40:14.012723Z",
            "yes_price": 7,
            "no_price": 93,
            "taker_side": "yes"
        },
        {
            "trade_id": "286d1bf4-86eb-4388-88de-8ab85f296d03",
            "ticker": "KXHIGHNY-25MAR10-B61.5",
            "count": 54,
            "created_time": "2025-03-10T17:27:51.193634Z",
            "yes_price": 5,
            "no_price": 95,
            "taker_side": "no"
        },
        {
            "trade_id": "90e88715-3d08-4587-8005-a9b5e2250a43",
            "ticker": "KXHIGHNY-25MAR10-B61.5",
            "count": 17,
            "created_time": "2025-03-10T17:25:33.929589Z",
            "yes_price": 10,
            "no_price": 90,
            "taker_side": "yes"
        },
        {
            "trade_id": "2fd0499b-b353-4659-b105-a0a594fa7632",
            "ticker": "KXHIGHNY-25MAR10-B61.5",
            "count": 38,
            "created_time": "2025-03-10T17:25:33.929589Z",
            "yes_price": 10,
            "no_price": 90,
            "taker_side": "yes"
        },
        {
            "trade_id": "0be348f3-c265-4079-8ea3-267fa4ecac6f",
            "ticker": "KXHIGHNY-25MAR10-B61.5",
            "count": 25,
            "created_time": "2025-03-10T17:25:33.929589Z",
            "yes_price": 9,
            "no_price": 91,
            "taker_side": "yes"
        },
        {
            "trade_id": "b85699b4-4726-4561-afb1-eecf88228a12",
            "ticker": "KXHIGHNY-25MAR10-B61.5",
            "count": 21,
            "created_time": "2025-03-10T17:25:18.318926Z",
            "yes_price": 5,
            "no_price": 95,
            "taker_side": "no"
        },
        {
            "trade_id": "9c24e04b-8d5a-4308-bf06-7e9fa36d21b7",
            "ticker": "KXHIGHNY-25MAR10-B61.5",
            "count": 25,
            "created_time": "2025-03-10T17:25:05.673177Z",
            "yes_price": 5,
            "no_price": 95,
            "taker_side": "no"
        },
        {
            "trade_id": "88fd397f-c32d-4e3d-9846-5d0510ff1d3c",
            "ticker": "KXHIGHNY-25MAR10-B61.5",
            "count": 229,
            "created_time": "2025-03-10T17:24:14.888505Z",
            "yes_price": 6,
            "no_price": 94,
            "taker_side": "yes"
        },
        {
            "trade_id": "9aa69101-f0a5-4b21-87f2-bfb2544a3d92",
            "ticker": "KXHIGHNY-25MAR10-B61.5",
            "count": 457,
            "created_time": "2025-03-10T17:22:03.979823Z",
            "yes_price": 1,
            "no_price": 99,
            "taker_side": "no"
        },
        {
            "trade_id": "f6de226a-8c06-425b-b5e8-dd0bbc80867d",
            "ticker": "KXHIGHNY-25MAR10-B61.5",
            "count": 13,
            "created_time": "2025-03-10T17:20:26.557349Z",
            "yes_price": 1,
            "no_price": 99,
            "taker_side": "no"
        },
        {
            "trade_id": "7fa347e8-336e-4c43-8ef6-3a3c7e5e3656",
            "ticker": "KXHIGHNY-25MAR10-B61.5",
            "count": 20,
            "created_time": "2025-03-10T17:17:16.298028Z",
            "yes_price": 2,
            "no_price": 98,
            "taker_side": "no"
        },
        {
            "trade_id": "e5b6e287-8021-4a31-80a9-8a6b603f37dd",
            "ticker": "KXHIGHNY-25MAR10-B61.5",
            "count": 200,
            "created_time": "2025-03-10T17:15:39.282439Z",
            "yes_price": 1,
            "no_price": 99,
            "taker_side": "no"
        },
        {
            "trade_id": "edebdd8b-3323-4926-b777-ab607a5e8e17",
            "ticker": "KXHIGHNY-25MAR10-B61.5",
            "count": 83,
            "created_time": "2025-03-10T17:14:29.334246Z",
            "yes_price": 1,
            "no_price": 99,
            "taker_side": "no"
        },
        {
            "trade_id": "8311dfe3-ec2c-4d74-9f0a-b24b7cbab84f",
            "ticker": "KXHIGHNY-25MAR10-B61.5",
            "count": 10,
            "created_time": "2025-03-10T17:04:41.793824Z",
            "yes_price": 1,
            "no_price": 99,
            "taker_side": "no"
        },
        {
            "trade_id": "4d96fc51-e583-4e8b-a424-43ed4c8781e8",
            "ticker": "KXHIGHNY-25MAR10-B61.5",
            "count": 100,
            "created_time": "2025-03-10T17:03:20.297151Z",
            "yes_price": 1,
            "no_price": 99,
            "taker_side": "no"
        },
        {
            "trade_id": "0b2e592d-797f-4763-9827-6db0fc891078",
            "ticker": "KXHIGHNY-25MAR10-B61.5",
            "count": 305,
            "created_time": "2025-03-10T17:03:11.615867Z",
            "yes_price": 1,
            "no_price": 99,
            "taker_side": "no"
        },
        {
            "trade_id": "f5c68f1d-382a-4d94-8cd3-e357871b2a3d",
            "ticker": "KXHIGHNY-25MAR10-B61.5",
            "count": 100,
            "created_time": "2025-03-10T17:02:19.376329Z",
            "yes_price": 1,
            "no_price": 99,
            "taker_side": "no"
        },
        {
            "trade_id": "ef6275bf-2095-44c2-a7d6-ae2661823fa9",
            "ticker": "KXHIGHNY-25MAR10-B61.5",
            "count": 38,
            "created_time": "2025-03-10T17:01:29.607591Z",
            "yes_price": 1,
            "no_price": 99,
            "taker_side": "no"
        },
        {
            "trade_id": "fec06917-c5d4-449f-ba34-b25075ad70c0",
            "ticker": "KXHIGHNY-25MAR10-B61.5",
            "count": 100,
            "created_time": "2025-03-10T17:00:09.84517Z",
            "yes_price": 3,
            "no_price": 97,
            "taker_side": "yes"
        },
        {
            "trade_id": "a6205a40-1f6d-412a-aa8c-03f148d7928b",
            "ticker": "KXHIGHNY-25MAR10-B61.5",
            "count": 162,
            "created_time": "2025-03-10T16:59:22.287664Z",
            "yes_price": 1,
            "no_price": 99,
            "taker_side": "no"
        },
        {
            "trade_id": "47ffed9c-14aa-400e-8ff5-e9544d833f1a",
            "ticker": "KXHIGHNY-25MAR10-B61.5",
            "count": 100,
            "created_time": "2025-03-10T16:59:22.287664Z",
            "yes_price": 1,
            "no_price": 99,
            "taker_side": "no"
        },
        {
            "trade_id": "878e20c1-922e-46bf-b481-9fc73376bed7",
            "ticker": "KXHIGHNY-25MAR10-B61.5",
            "count": 38,
            "created_time": "2025-03-10T16:58:52.60902Z",
            "yes_price": 2,
            "no_price": 98,
            "taker_side": "no"
        },
        {
            "trade_id": "f9184a20-e206-48f0-aab0-cf32da5ec744",
            "ticker": "KXHIGHNY-25MAR10-B61.5",
            "count": 8,
            "created_time": "2025-03-10T16:58:15.873953Z",
            "yes_price": 2,
            "no_price": 98,
            "taker_side": "no"
        },
        {
            "trade_id": "9f33ab28-c693-421a-a592-dbaee6b8cc24",
            "ticker": "KXHIGHNY-25MAR10-B61.5",
            "count": 13,
            "created_time": "2025-03-10T16:58:15.873953Z",
            "yes_price": 2,
            "no_price": 98,
            "taker_side": "no"
        },
        {
            "trade_id": "4a8c53e6-ffd2-45e3-939b-31df10e8b4b7",
            "ticker": "KXHIGHNY-25MAR10-B61.5",
            "count": 19,
            "created_time": "2025-03-10T16:57:54.213421Z",
            "yes_price": 2,
            "no_price": 98,
            "taker_side": "no"
        },
        {
            "trade_id": "4bbedc93-4e11-4805-b5d4-f020f3384660",
            "ticker": "KXHIGHNY-25MAR10-B61.5",
            "count": 251,
            "created_time": "2025-03-10T16:57:23.156318Z",
            "yes_price": 3,
            "no_price": 97,
            "taker_side": "no"
        },
        {
            "trade_id": "32f935ab-8a4e-45e8-ada5-e4d532639529",
            "ticker": "KXHIGHNY-25MAR10-B61.5",
            "count": 50,
            "created_time": "2025-03-10T16:57:07.674806Z",
            "yes_price": 3,
            "no_price": 97,
            "taker_side": "no"
        },
        {
            "trade_id": "694e361c-d1c6-4efe-af37-1f5674ed5162",
            "ticker": "KXHIGHNY-25MAR10-B61.5",
            "count": 10,
            "created_time": "2025-03-10T16:56:11.413802Z",
            "yes_price": 3,
            "no_price": 97,
            "taker_side": "no"
        },
        {
            "trade_id": "3123aa2a-e710-419b-af49-9dfcb1fbe1cd",
            "ticker": "KXHIGHNY-25MAR10-B61.5",
            "count": 42,
            "created_time": "2025-03-10T16:51:15.359667Z",
            "yes_price": 3,
            "no_price": 97,
            "taker_side": "no"
        },
        {
            "trade_id": "c6f238ab-ecdd-4c72-80d6-68a9cc9135b9",
            "ticker": "KXHIGHNY-25MAR10-B61.5",
            "count": 58,
            "created_time": "2025-03-10T16:51:14.517095Z",
            "yes_price": 3,
            "no_price": 97,
            "taker_side": "no"
        },
        {
            "trade_id": "f3cb6378-2fde-48bd-9685-985b9af1bb52",
            "ticker": "KXHIGHNY-25MAR10-B61.5",
            "count": 75,
            "created_time": "2025-03-10T16:50:54.376246Z",
            "yes_price": 3,
            "no_price": 97,
            "taker_side": "no"
        },
        {
            "trade_id": "42487ecc-3adc-4cfb-925e-9fe8724cd527",
            "ticker": "KXHIGHNY-25MAR10-B61.5",
            "count": 52,
            "created_time": "2025-03-10T16:41:10.24547Z",
            "yes_price": 3,
            "no_price": 97,
            "taker_side": "no"
        },
        {
            "trade_id": "dcf2889c-9c11-48e8-981c-018f08568794",
            "ticker": "KXHIGHNY-25MAR10-B61.5",
            "count": 75,
            "created_time": "2025-03-10T16:35:46.318596Z",
            "yes_price": 3,
            "no_price": 97,
            "taker_side": "no"
        },
        {
            "trade_id": "d3d75595-cd27-45ab-bfe8-e94ab1d5018a",
            "ticker": "KXHIGHNY-25MAR10-B61.5",
            "count": 25,
            "created_time": "2025-03-10T16:23:06.796227Z",
            "yes_price": 3,
            "no_price": 97,
            "taker_side": "no"
        },
        {
            "trade_id": "78ef0188-46a8-4edb-ac1e-0be299373ca5",
            "ticker": "KXHIGHNY-25MAR10-B61.5",
            "count": 166,
            "created_time": "2025-03-10T16:22:59.296176Z",
            "yes_price": 3,
            "no_price": 97,
            "taker_side": "no"
        },
        {
            "trade_id": "bf3e2ec1-3a6a-46fc-84fe-18781b3072ec",
            "ticker": "KXHIGHNY-25MAR10-B61.5",
            "count": 64,
            "created_time": "2025-03-10T16:21:39.232658Z",
            "yes_price": 3,
            "no_price": 97,
            "taker_side": "no"
        },
        {
            "trade_id": "66da3446-00a7-4a18-b714-7775db14d911",
            "ticker": "KXHIGHNY-25MAR10-B61.5",
            "count": 36,
            "created_time": "2025-03-10T16:20:42.797619Z",
            "yes_price": 3,
            "no_price": 97,
            "taker_side": "no"
        },
        {
            "trade_id": "ddf54420-4d6d-4480-a332-165970708161",
            "ticker": "KXHIGHNY-25MAR10-B61.5",
            "count": 1,
            "created_time": "2025-03-10T16:12:49.184384Z",
            "yes_price": 4,
            "no_price": 96,
            "taker_side": "no"
        },
        {
            "trade_id": "1df51e9d-728a-4ba9-b7a5-de09e68c4831",
            "ticker": "KXHIGHNY-25MAR10-B61.5",
            "count": 33,
            "created_time": "2025-03-10T16:07:21.138151Z",
            "yes_price": 14,
            "no_price": 86,
            "taker_side": "yes"
        },
        {
            "trade_id": "dcc19224-87c4-4fd7-8c4d-e5a41a7a05de",
            "ticker": "KXHIGHNY-25MAR10-B61.5",
            "count": 96,
            "created_time": "2025-03-10T16:05:15.424926Z",
            "yes_price": 3,
            "no_price": 97,
            "taker_side": "no"
        },
        {
            "trade_id": "270b960f-be85-41c0-b088-0afc254f7e3a",
            "ticker": "KXHIGHNY-25MAR10-B61.5",
            "count": 6,
            "created_time": "2025-03-10T16:05:15.424926Z",
            "yes_price": 4,
            "no_price": 96,
            "taker_side": "no"
        },
        {
            "trade_id": "9bba14dd-6e2d-49ff-acc3-b991a678735e",
            "ticker": "KXHIGHNY-25MAR10-B61.5",
            "count": 45,
            "created_time": "2025-03-10T16:04:19.485533Z",
            "yes_price": 4,
            "no_price": 96,
            "taker_side": "no"
        },
        {
            "trade_id": "5d18d741-b3ce-4351-84a1-bf4a1705c76b",
            "ticker": "KXHIGHNY-25MAR10-B61.5",
            "count": 161,
            "created_time": "2025-03-10T15:56:20.476271Z",
            "yes_price": 5,
            "no_price": 95,
            "taker_side": "yes"
        },
        {
            "trade_id": "a186b25a-b14f-4e35-afac-02b663433ab9",
            "ticker": "KXHIGHNY-25MAR10-B61.5",
            "count": 15,
            "created_time": "2025-03-10T15:53:05.883847Z",
            "yes_price": 5,
            "no_price": 95,
            "taker_side": "no"
        },
        {
            "trade_id": "607fec9f-a1a8-4f8b-ada0-1a08a0036079",
            "ticker": "KXHIGHNY-25MAR10-B61.5",
            "count": 4,
            "created_time": "2025-03-10T15:43:00.890057Z",
            "yes_price": 9,
            "no_price": 91,
            "taker_side": "yes"
        },
        {
            "trade_id": "313b617b-55be-4802-8ac9-2c23b07abd1b",
            "ticker": "KXHIGHNY-25MAR10-B61.5",
            "count": 4944,
            "created_time": "2025-03-10T15:43:00.890057Z",
            "yes_price": 12,
            "no_price": 88,
            "taker_side": "yes"
        },
        {
            "trade_id": "17e79cf1-59ce-4556-8f6e-542f2c28dfb8",
            "ticker": "KXHIGHNY-25MAR10-B61.5",
            "count": 20,
            "created_time": "2025-03-10T15:43:00.890057Z",
            "yes_price": 12,
            "no_price": 88,
            "taker_side": "yes"
        },
        {
            "trade_id": "e1d212bd-ff5e-4c7d-8d78-dea74ead7a18",
            "ticker": "KXHIGHNY-25MAR10-B61.5",
            "count": 1500,
            "created_time": "2025-03-10T15:40:16.547878Z",
            "yes_price": 7,
            "no_price": 93,
            "taker_side": "yes"
        },
        {
            "trade_id": "f51a088f-fa9f-4716-a755-1f65026db18e",
            "ticker": "KXHIGHNY-25MAR10-B61.5",
            "count": 36,
            "created_time": "2025-03-10T15:38:53.745288Z",
            "yes_price": 5,
            "no_price": 95,
            "taker_side": "no"
        },
        {
            "trade_id": "e18d9633-2878-4e5e-98e0-998aa6cf69d1",
            "ticker": "KXHIGHNY-25MAR10-B61.5",
            "count": 64,
            "created_time": "2025-03-10T15:38:53.745288Z",
            "yes_price": 6,
            "no_price": 94,
            "taker_side": "no"
        },
        {
            "trade_id": "1b8f532b-641c-49dd-a3a2-63b206f31b69",
            "ticker": "KXHIGHNY-25MAR10-B61.5",
            "count": 234,
            "created_time": "2025-03-10T15:38:18.407568Z",
            "yes_price": 6,
            "no_price": 94,
            "taker_side": "no"
        },
        {
            "trade_id": "3c2e11cf-6754-4678-88ee-05993e848232",
            "ticker": "KXHIGHNY-25MAR10-B61.5",
            "count": 25,
            "created_time": "2025-03-10T15:36:32.013289Z",
            "yes_price": 7,
            "no_price": 93,
            "taker_side": "no"
        },
        {
            "trade_id": "3cd6791c-6224-44f0-903a-8bbbc55bde81",
            "ticker": "KXHIGHNY-25MAR10-B61.5",
            "count": 1,
            "created_time": "2025-03-10T15:35:28.815716Z",
            "yes_price": 8,
            "no_price": 92,
            "taker_side": "no"
        },
        {
            "trade_id": "482ed460-c07a-478c-9a70-76b3b7273acc",
            "ticker": "KXHIGHNY-25MAR10-B61.5",
            "count": 1,
            "created_time": "2025-03-10T15:31:49.984074Z",
            "yes_price": 12,
            "no_price": 88,
            "taker_side": "yes"
        },
        {
            "trade_id": "f10e7452-024f-4e8e-b14c-ae0938dbb6ef",
            "ticker": "KXHIGHNY-25MAR10-B61.5",
            "count": 6,
            "created_time": "2025-03-10T15:30:58.948948Z",
            "yes_price": 10,
            "no_price": 90,
            "taker_side": "yes"
        },
        {
            "trade_id": "97c6d3e4-187d-4e2d-8530-0ce8111080a4",
            "ticker": "KXHIGHNY-25MAR10-B61.5",
            "count": 20,
            "created_time": "2025-03-10T15:30:58.948948Z",
            "yes_price": 11,
            "no_price": 89,
            "taker_side": "yes"
        },
        {
            "trade_id": "81e69c19-b58d-4f07-84d8-66e6e97b06ef",
            "ticker": "KXHIGHNY-25MAR10-B61.5",
            "count": 55,
            "created_time": "2025-03-10T15:30:58.948948Z",
            "yes_price": 12,
            "no_price": 88,
            "taker_side": "yes"
        },
        {
            "trade_id": "01f6f68d-5762-428f-9623-9c27f9ced736",
            "ticker": "KXHIGHNY-25MAR10-B61.5",
            "count": 10,
            "created_time": "2025-03-10T15:30:39.036138Z",
            "yes_price": 7,
            "no_price": 93,
            "taker_side": "no"
        },
        {
            "trade_id": "80e65e8e-0e2b-4b46-afb7-220c72680c4a",
            "ticker": "KXHIGHNY-25MAR10-B61.5",
            "count": 85,
            "created_time": "2025-03-10T15:26:41.794413Z",
            "yes_price": 8,
            "no_price": 92,
            "taker_side": "no"
        },
        {
            "trade_id": "512d7af6-9f3f-46fa-860a-ea8bbbd853c5",
            "ticker": "KXHIGHNY-25MAR10-B61.5",
            "count": 15,
            "created_time": "2025-03-10T15:26:41.794413Z",
            "yes_price": 7,
            "no_price": 93,
            "taker_side": "no"
        },
        {
            "trade_id": "9b49959e-b863-467a-baf9-159aa73e7a57",
            "ticker": "KXHIGHNY-25MAR10-B61.5",
            "count": 200,
            "created_time": "2025-03-10T15:21:57.118407Z",
            "yes_price": 8,
            "no_price": 92,
            "taker_side": "no"
        },
        {
            "trade_id": "3de64e9e-f351-41c4-9733-13bb9f545b9d",
            "ticker": "KXHIGHNY-25MAR10-B61.5",
            "count": 200,
            "created_time": "2025-03-10T15:20:27.126184Z",
            "yes_price": 8,
            "no_price": 92,
            "taker_side": "no"
        },
        {
            "trade_id": "62fc96db-53ef-4a5f-a65d-99c9da8551c6",
            "ticker": "KXHIGHNY-25MAR10-B61.5",
            "count": 3774,
            "created_time": "2025-03-10T15:16:50.181371Z",
            "yes_price": 9,
            "no_price": 91,
            "taker_side": "yes"
        },
        {
            "trade_id": "4fe19ba9-4ab0-4897-955e-e6b372b7b160",
            "ticker": "KXHIGHNY-25MAR10-B61.5",
            "count": 15,
            "created_time": "2025-03-10T15:13:04.479803Z",
            "yes_price": 8,
            "no_price": 92,
            "taker_side": "no"
        },
        {
            "trade_id": "ec0b66c4-2e9f-4c15-b19f-c1ac507535b0",
            "ticker": "KXHIGHNY-25MAR10-B61.5",
            "count": 1,
            "created_time": "2025-03-10T15:11:03.263506Z",
            "yes_price": 9,
            "no_price": 91,
            "taker_side": "yes"
        },
        {
            "trade_id": "6430ea9a-a522-4cb9-9fdd-cfe7207b7099",
            "ticker": "KXHIGHNY-25MAR10-B61.5",
            "count": 125,
            "created_time": "2025-03-10T14:46:48.380409Z",
            "yes_price": 9,
            "no_price": 91,
            "taker_side": "yes"
        },
        {
            "trade_id": "8a1282a9-9cca-4f19-a255-d247f36954f0",
            "ticker": "KXHIGHNY-25MAR10-B61.5",
            "count": 2,
            "created_time": "2025-03-10T14:45:52.799951Z",
            "yes_price": 6,
            "no_price": 94,
            "taker_side": "no"
        },
        {
            "trade_id": "3303a004-254e-40de-8731-dd20a5d4c50c",
            "ticker": "KXHIGHNY-25MAR10-B61.5",
            "count": 8,
            "created_time": "2025-03-10T14:45:52.799951Z",
            "yes_price": 7,
            "no_price": 93,
            "taker_side": "no"
        },
        {
            "trade_id": "e949f4e1-98df-472e-9c32-b16dda1b5c7f",
            "ticker": "KXHIGHNY-25MAR10-B61.5",
            "count": 10,
            "created_time": "2025-03-10T14:38:10.846562Z",
            "yes_price": 7,
            "no_price": 93,
            "taker_side": "no"
        },
        {
            "trade_id": "347a4800-a0cb-4372-b626-8a05a025aa77",
            "ticker": "KXHIGHNY-25MAR10-B61.5",
            "count": 2,
            "created_time": "2025-03-10T14:38:10.846562Z",
            "yes_price": 7,
            "no_price": 93,
            "taker_side": "no"
        },
        {
            "trade_id": "2ba17a63-2ab7-4ac5-a9e7-badde312fbf0",
            "ticker": "KXHIGHNY-25MAR10-B61.5",
            "count": 9,
            "created_time": "2025-03-10T14:33:40.129602Z",
            "yes_price": 9,
            "no_price": 91,
            "taker_side": "yes"
        },
        {
            "trade_id": "053fb16f-293b-4954-aef2-f5baddd00e41",
            "ticker": "KXHIGHNY-25MAR10-B61.5",
            "count": 1,
            "created_time": "2025-03-10T14:33:40.129602Z",
            "yes_price": 7,
            "no_price": 93,
            "taker_side": "yes"
        },
        {
            "trade_id": "1ba615d0-b83f-4949-ac06-d933cfcb6ebb",
            "ticker": "KXHIGHNY-25MAR10-B61.5",
            "count": 22,
            "created_time": "2025-03-10T14:27:09.792066Z",
            "yes_price": 7,
            "no_price": 93,
            "taker_side": "no"
        },
        {
            "trade_id": "efd907d5-d095-4806-8b54-167347a84cda",
            "ticker": "KXHIGHNY-25MAR10-B61.5",
            "count": 149,
            "created_time": "2025-03-10T14:19:35.55772Z",
            "yes_price": 9,
            "no_price": 91,
            "taker_side": "yes"
        },
        {
            "trade_id": "40b0c49b-aeaf-4706-89d7-3af75239721c",
            "ticker": "KXHIGHNY-25MAR10-B61.5",
            "count": 10,
            "created_time": "2025-03-10T14:13:51.07178Z",
            "yes_price": 9,
            "no_price": 91,
            "taker_side": "yes"
        },
        {
            "trade_id": "af440b83-541a-41af-b3fe-18f7664edd24",
            "ticker": "KXHIGHNY-25MAR10-B61.5",
            "count": 10,
            "created_time": "2025-03-10T14:06:51.767137Z",
            "yes_price": 9,
            "no_price": 91,
            "taker_side": "yes"
        },
        {
            "trade_id": "994e8984-880a-4163-9617-ee5ff09a05b7",
            "ticker": "KXHIGHNY-25MAR10-B61.5",
            "count": 35,
            "created_time": "2025-03-10T14:05:47.667226Z",
            "yes_price": 9,
            "no_price": 91,
            "taker_side": "yes"
        },
        {
            "trade_id": "46b1d175-12f4-44d1-8cbd-be774435009c",
            "ticker": "KXHIGHNY-25MAR10-B61.5",
            "count": 204,
            "created_time": "2025-03-10T14:05:43.197591Z",
            "yes_price": 9,
            "no_price": 91,
            "taker_side": "yes"
        },
        {
            "trade_id": "2a0ed42f-6f7f-47c4-8b8c-d0060b263bae",
            "ticker": "KXHIGHNY-25MAR10-B61.5",
            "count": 30,
            "created_time": "2025-03-10T14:00:47.064777Z",
            "yes_price": 9,
            "no_price": 91,
            "taker_side": "yes"
        },
        {
            "trade_id": "b273d5e4-c36d-4140-8d84-db894186fa06",
            "ticker": "KXHIGHNY-25MAR10-B61.5",
            "count": 83,
            "created_time": "2025-03-10T13:49:07.122838Z",
            "yes_price": 9,
            "no_price": 91,
            "taker_side": "yes"
        },
        {
            "trade_id": "ba16f310-7528-4abb-9b3a-dfa9576932ca",
            "ticker": "KXHIGHNY-25MAR10-B61.5",
            "count": 155,
            "created_time": "2025-03-10T13:46:55.857503Z",
            "yes_price": 9,
            "no_price": 91,
            "taker_side": "yes"
        },
        {
            "trade_id": "44463c91-e2a2-4c4c-8b44-351b688765c3",
            "ticker": "KXHIGHNY-25MAR10-B61.5",
            "count": 104,
            "created_time": "2025-03-10T13:45:48.115041Z",
            "yes_price": 9,
            "no_price": 91,
            "taker_side": "yes"
        },
        {
            "trade_id": "bfda351a-a707-418d-8a93-62a4fa318b2c",
            "ticker": "KXHIGHNY-25MAR10-B61.5",
            "count": 11,
            "created_time": "2025-03-10T13:38:16.452488Z",
            "yes_price": 7,
            "no_price": 93,
            "taker_side": "no"
        },
        {
            "trade_id": "5aa44454-4411-44d3-8bf6-dec9444d6e88",
            "ticker": "KXHIGHNY-25MAR10-B61.5",
            "count": 31,
            "created_time": "2025-03-10T13:32:38.975723Z",
            "yes_price": 9,
            "no_price": 91,
            "taker_side": "yes"
        },
        {
            "trade_id": "b5973da3-5c20-49ca-8fa1-67afa7247b05",
            "ticker": "KXHIGHNY-25MAR10-B61.5",
            "count": 29,
            "created_time": "2025-03-10T13:28:53.305302Z",
            "yes_price": 7,
            "no_price": 93,
            "taker_side": "no"
        },
        {
            "trade_id": "7d840c90-25e0-4495-a81b-a4327a8a7849",
            "ticker": "KXHIGHNY-25MAR10-B61.5",
            "count": 256,
            "created_time": "2025-03-10T13:26:04.104903Z",
            "yes_price": 9,
            "no_price": 91,
            "taker_side": "yes"
        },
        {
            "trade_id": "ca60b34d-9221-4fa0-aabb-fb6a852ed226",
            "ticker": "KXHIGHNY-25MAR10-B61.5",
            "count": 1,
            "created_time": "2025-03-10T13:22:55.073702Z",
            "yes_price": 7,
            "no_price": 93,
            "taker_side": "no"
        },
        {
            "trade_id": "30855822-9321-4d92-abcd-89612f3f8cdf",
            "ticker": "KXHIGHNY-25MAR10-B61.5",
            "count": 23,
            "created_time": "2025-03-10T13:22:55.073702Z",
            "yes_price": 8,
            "no_price": 92,
            "taker_side": "no"
        },
        {
            "trade_id": "751f43f2-9ccc-4179-a625-f6f29cd0a002",
            "ticker": "KXHIGHNY-25MAR10-B61.5",
            "count": 24,
            "created_time": "2025-03-10T13:17:33.954374Z",
            "yes_price": 9,
            "no_price": 91,
            "taker_side": "no"
        },
        {
            "trade_id": "498a6ae5-93df-4d13-a338-8fdfa393d988",
            "ticker": "KXHIGHNY-25MAR10-B61.5",
            "count": 1,
            "created_time": "2025-03-10T12:56:55.056677Z",
            "yes_price": 9,
            "no_price": 91,
            "taker_side": "no"
        },
        {
            "trade_id": "86e5ec8d-d6d7-4f1e-bb37-06ac55db5dce",
            "ticker": "KXHIGHNY-25MAR10-B61.5",
            "count": 3,
            "created_time": "2025-03-10T12:56:21.633684Z",
            "yes_price": 10,
            "no_price": 90,
            "taker_side": "no"
        },
        {
            "trade_id": "a413c576-8db0-400c-8747-e06c89f17586",
            "ticker": "KXHIGHNY-25MAR10-B61.5",
            "count": 12,
            "created_time": "2025-03-10T12:47:47.124013Z",
            "yes_price": 11,
            "no_price": 89,
            "taker_side": "yes"
        },
        {
            "trade_id": "e7f3c7e0-b722-4ac7-84f4-f51c51e5b2ff",
            "ticker": "KXHIGHNY-25MAR10-B61.5",
            "count": 2,
            "created_time": "2025-03-10T12:43:32.098409Z",
            "yes_price": 11,
            "no_price": 89,
            "taker_side": "yes"
        },
        {
            "trade_id": "c681d6e5-d555-4d29-9d43-8d68d48cbd5e",
            "ticker": "KXHIGHNY-25MAR10-B61.5",
            "count": 62,
            "created_time": "2025-03-10T12:30:38.350222Z",
            "yes_price": 14,
            "no_price": 86,
            "taker_side": "yes"
        },
        {
            "trade_id": "1c799bac-16e5-498b-aa65-a703d0271651",
            "ticker": "KXHIGHNY-25MAR10-B61.5",
            "count": 6,
            "created_time": "2025-03-10T12:30:38.350222Z",
            "yes_price": 12,
            "no_price": 88,
            "taker_side": "yes"
        },
        {
            "trade_id": "990f7e4a-2d6d-4723-9d84-b6cbb3fbca5b",
            "ticker": "KXHIGHNY-25MAR10-B61.5",
            "count": 13,
            "created_time": "2025-03-10T12:16:26.245688Z",
            "yes_price": 14,
            "no_price": 86,
            "taker_side": "yes"
        },
        {
            "trade_id": "2c4e474e-fde4-48b6-b9ca-b05e73a6e25e",
            "ticker": "KXHIGHNY-25MAR10-B61.5",
            "count": 20,
            "created_time": "2025-03-10T12:13:07.319505Z",
            "yes_price": 14,
            "no_price": 86,
            "taker_side": "yes"
        },
        {
            "trade_id": "dc5d6df9-d7a9-403d-aaee-8bc08972a37e",
            "ticker": "KXHIGHNY-25MAR10-B61.5",
            "count": 26,
            "created_time": "2025-03-10T12:12:58.984Z",
            "yes_price": 14,
            "no_price": 86,
            "taker_side": "yes"
        },
        {
            "trade_id": "335011b3-3c60-49bf-9d84-c9649868e500",
            "ticker": "KXHIGHNY-25MAR10-B61.5",
            "count": 25,
            "created_time": "2025-03-10T12:12:58.984Z",
            "yes_price": 15,
            "no_price": 85,
            "taker_side": "yes"
        },
        {
            "trade_id": "2ad673c2-9118-4518-b620-a67fc8d34e2b",
            "ticker": "KXHIGHNY-25MAR10-B61.5",
            "count": 12,
            "created_time": "2025-03-10T12:12:58.984Z",
            "yes_price": 14,
            "no_price": 86,
            "taker_side": "yes"
        },
        {
            "trade_id": "ae680ce4-53cc-41a6-8a84-88e22c65ad32",
            "ticker": "KXHIGHNY-25MAR10-B61.5",
            "count": 66,
            "created_time": "2025-03-10T12:10:29.182563Z",
            "yes_price": 14,
            "no_price": 86,
            "taker_side": "yes"
        },
        {
            "trade_id": "da409538-0dc1-4066-9acc-da89e8b5ebe9",
            "ticker": "KXHIGHNY-25MAR10-B61.5",
            "count": 34,
            "created_time": "2025-03-10T12:10:06.215931Z",
            "yes_price": 14,
            "no_price": 86,
            "taker_side": "yes"
        },
        {
            "trade_id": "e2025a99-2026-4120-9e96-8f2670e12d8c",
            "ticker": "KXHIGHNY-25MAR10-B61.5",
            "count": 6,
            "created_time": "2025-03-10T12:08:26.687989Z",
            "yes_price": 14,
            "no_price": 86,
            "taker_side": "yes"
        },
        {
            "trade_id": "4de8ab20-7d4b-4de7-9fc2-c936f3aba351",
            "ticker": "KXHIGHNY-25MAR10-B61.5",
            "count": 6,
            "created_time": "2025-03-10T12:07:40.343238Z",
            "yes_price": 14,
            "no_price": 86,
            "taker_side": "yes"
        },
        {
            "trade_id": "e1cba240-17ff-4e46-a768-04d1701603c6",
            "ticker": "KXHIGHNY-25MAR10-B61.5",
            "count": 1,
            "created_time": "2025-03-10T12:02:33.988472Z",
            "yes_price": 13,
            "no_price": 87,
            "taker_side": "yes"
        },
        {
            "trade_id": "6b41fb12-ba4e-4f53-9d5e-d66dbb73ca8b",
            "ticker": "KXHIGHNY-25MAR10-B61.5",
            "count": 76,
            "created_time": "2025-03-10T12:02:33.988472Z",
            "yes_price": 13,
            "no_price": 87,
            "taker_side": "yes"
        },
        {
            "trade_id": "fcd4f299-294d-4324-a8c7-182271a46969",
            "ticker": "KXHIGHNY-25MAR10-B61.5",
            "count": 87,
            "created_time": "2025-03-10T12:02:06.119959Z",
            "yes_price": 12,
            "no_price": 88,
            "taker_side": "no"
        },
        {
            "trade_id": "f660a63b-bd67-4f9b-ab2b-d2be7ccd23ef",
            "ticker": "KXHIGHNY-25MAR10-B61.5",
            "count": 29,
            "created_time": "2025-03-10T12:02:06.119959Z",
            "yes_price": 12,
            "no_price": 88,
            "taker_side": "no"
        },
        {
            "trade_id": "4e671715-0672-4b64-ad1b-ac1f6faa7ed3",
            "ticker": "KXHIGHNY-25MAR10-B61.5",
            "count": 13,
            "created_time": "2025-03-10T12:01:36.821253Z",
            "yes_price": 12,
            "no_price": 88,
            "taker_side": "no"
        },
        {
            "trade_id": "6eb09478-e49d-4134-9cc6-406d094f3564",
            "ticker": "KXHIGHNY-25MAR10-B61.5",
            "count": 14,
            "created_time": "2025-03-10T12:01:07.754657Z",
            "yes_price": 13,
            "no_price": 87,
            "taker_side": "no"
        },
        {
            "trade_id": "2b39dd11-2a09-452c-8d6e-42b6898677eb",
            "ticker": "KXHIGHNY-25MAR10-B61.5",
            "count": 1,
            "created_time": "2025-03-10T12:01:07.754657Z",
            "yes_price": 13,
            "no_price": 87,
            "taker_side": "no"
        },
        {
            "trade_id": "f8bb9396-96a6-475e-aaec-9516ebb68541",
            "ticker": "KXHIGHNY-25MAR10-B61.5",
            "count": 9,
            "created_time": "2025-03-10T12:00:35.386169Z",
            "yes_price": 14,
            "no_price": 86,
            "taker_side": "yes"
        },
        {
            "trade_id": "1e19dea9-8818-4c9a-aa39-294b605c8159",
            "ticker": "KXHIGHNY-25MAR10-B61.5",
            "count": 4,
            "created_time": "2025-03-10T12:00:35.386169Z",
            "yes_price": 14,
            "no_price": 86,
            "taker_side": "yes"
        },
        {
            "trade_id": "985ff337-40ac-457c-9e5d-d309773d0ff7",
            "ticker": "KXHIGHNY-25MAR10-B61.5",
            "count": 1,
            "created_time": "2025-03-10T12:00:08.942875Z",
            "yes_price": 15,
            "no_price": 85,
            "taker_side": "no"
        },
        {
            "trade_id": "6e03c9a4-ea9d-4074-99b7-c669c6d44a77",
            "ticker": "KXHIGHNY-25MAR10-B61.5",
            "count": 200,
            "created_time": "2025-03-10T12:00:08.942875Z",
            "yes_price": 15,
            "no_price": 85,
            "taker_side": "no"
        },
        {
            "trade_id": "b5010e8f-70ec-48d9-a09f-37dad5e48ded",
            "ticker": "KXHIGHNY-25MAR10-B61.5",
            "count": 24,
            "created_time": "2025-03-10T12:00:08.90315Z",
            "yes_price": 17,
            "no_price": 83,
            "taker_side": "no"
        },
        {
            "trade_id": "ab32e096-021e-42b3-8dc9-783a602c0596",
            "ticker": "KXHIGHNY-25MAR10-B61.5",
            "count": 1,
            "created_time": "2025-03-10T12:00:08.90315Z",
            "yes_price": 17,
            "no_price": 83,
            "taker_side": "no"
        },
        {
            "trade_id": "0d300763-2bb4-41ed-9765-fe8f96d18ed5",
            "ticker": "KXHIGHNY-25MAR10-B61.5",
            "count": 1,
            "created_time": "2025-03-10T12:00:08.862783Z",
            "yes_price": 18,
            "no_price": 82,
            "taker_side": "no"
        },
        {
            "trade_id": "0a2655f9-e361-4fd8-9794-056b0de93305",
            "ticker": "KXHIGHNY-25MAR10-B61.5",
            "count": 1,
            "created_time": "2025-03-10T12:00:08.862783Z",
            "yes_price": 17,
            "no_price": 83,
            "taker_side": "no"
        },
        {
            "trade_id": "107a1b80-fd67-4fb3-893b-d2fc9fecfcb8",
            "ticker": "KXHIGHNY-25MAR10-B61.5",
            "count": 200,
            "created_time": "2025-03-10T12:00:01.457747Z",
            "yes_price": 25,
            "no_price": 75,
            "taker_side": "yes"
        },
        {
            "trade_id": "65ddc9db-0963-4bee-9bb0-fd6d7e8895bd",
            "ticker": "KXHIGHNY-25MAR10-B61.5",
            "count": 10,
            "created_time": "2025-03-10T06:48:16.434319Z",
            "yes_price": 21,
            "no_price": 79,
            "taker_side": "no"
        },
        {
            "trade_id": "235236a9-1aa2-42fa-9022-1d2245318fec",
            "ticker": "KXHIGHNY-25MAR10-B61.5",
            "count": 22,
            "created_time": "2025-03-10T06:48:16.434319Z",
            "yes_price": 21,
            "no_price": 79,
            "taker_side": "no"
        },
        {
            "trade_id": "49c294ee-d3ba-4a09-9a2a-8efb9699e49e",
            "ticker": "KXHIGHNY-25MAR10-B61.5",
            "count": 6,
            "created_time": "2025-03-10T06:31:04.334911Z",
            "yes_price": 24,
            "no_price": 76,
            "taker_side": "yes"
        },
        {
            "trade_id": "34077c26-87b8-4636-a3f4-ddc16823a611",
            "ticker": "KXHIGHNY-25MAR10-B61.5",
            "count": 100,
            "created_time": "2025-03-10T06:29:51.142009Z",
            "yes_price": 19,
            "no_price": 81,
            "taker_side": "no"
        },
        {
            "trade_id": "179a81a3-3391-4683-8998-bd7c198f8da6",
            "ticker": "KXHIGHNY-25MAR10-B61.5",
            "count": 5,
            "created_time": "2025-03-10T06:05:39.08706Z",
            "yes_price": 18,
            "no_price": 82,
            "taker_side": "yes"
        },
        {
            "trade_id": "45220305-782f-4e31-99b8-c8ecbba8a57c",
            "ticker": "KXHIGHNY-25MAR10-B61.5",
            "count": 5,
            "created_time": "2025-03-10T06:02:53.521627Z",
            "yes_price": 18,
            "no_price": 82,
            "taker_side": "yes"
        },
        {
            "trade_id": "aa698f2e-a4c4-422f-a081-81e1b3ad330f",
            "ticker": "KXHIGHNY-25MAR10-B61.5",
            "count": 3,
            "created_time": "2025-03-10T06:01:53.553634Z",
            "yes_price": 18,
            "no_price": 82,
            "taker_side": "yes"
        },
        {
            "trade_id": "0f116233-4315-4cea-93e0-7a99ed941c20",
            "ticker": "KXHIGHNY-25MAR10-B61.5",
            "count": 7,
            "created_time": "2025-03-10T06:01:53.553634Z",
            "yes_price": 18,
            "no_price": 82,
            "taker_side": "yes"
        },
        {
            "trade_id": "4908d571-742b-4350-b700-61561fbbe905",
            "ticker": "KXHIGHNY-25MAR10-B61.5",
            "count": 25,
            "created_time": "2025-03-10T05:55:04.973536Z",
            "yes_price": 18,
            "no_price": 82,
            "taker_side": "no"
        },
        {
            "trade_id": "09c4166f-8af8-4e67-a9d0-d05963a54731",
            "ticker": "KXHIGHNY-25MAR10-B61.5",
            "count": 1,
            "created_time": "2025-03-10T05:55:04.973536Z",
            "yes_price": 18,
            "no_price": 82,
            "taker_side": "no"
        },
        {
            "trade_id": "757d47c1-0874-46de-84d6-3e3ff581acdc",
            "ticker": "KXHIGHNY-25MAR10-B61.5",
            "count": 1,
            "created_time": "2025-03-10T05:55:03.374683Z",
            "yes_price": 20,
            "no_price": 80,
            "taker_side": "no"
        },
        {
            "trade_id": "30f3a65b-6d94-4968-b814-ffe488a26cc1",
            "ticker": "KXHIGHNY-25MAR10-B61.5",
            "count": 1,
            "created_time": "2025-03-10T05:55:03.374683Z",
            "yes_price": 19,
            "no_price": 81,
            "taker_side": "no"
        },
        {
            "trade_id": "072f1bc1-329c-42df-88c8-bb1ce7a39bd6",
            "ticker": "KXHIGHNY-25MAR10-B61.5",
            "count": 57,
            "created_time": "2025-03-10T05:55:03.374683Z",
            "yes_price": 20,
            "no_price": 80,
            "taker_side": "no"
        },
        {
            "trade_id": "4a760cdc-5991-4a41-9059-7f2b2d560a40",
            "ticker": "KXHIGHNY-25MAR10-B61.5",
            "count": 27,
            "created_time": "2025-03-10T05:55:03.333926Z",
            "yes_price": 21,
            "no_price": 79,
            "taker_side": "no"
        },
        {
            "trade_id": "776aad05-87e4-457f-bea4-259c2b734612",
            "ticker": "KXHIGHNY-25MAR10-B61.5",
            "count": 12,
            "created_time": "2025-03-10T05:55:03.293785Z",
            "yes_price": 21,
            "no_price": 79,
            "taker_side": "no"
        },
        {
            "trade_id": "7d98344e-fe40-477a-a941-f6e162b0b212",
            "ticker": "KXHIGHNY-25MAR10-B61.5",
            "count": 3,
            "created_time": "2025-03-10T05:46:30.812497Z",
            "yes_price": 21,
            "no_price": 79,
            "taker_side": "no"
        },
        {
            "trade_id": "ad5f4071-9ff2-4271-9d19-fb1b42b8e213",
            "ticker": "KXHIGHNY-25MAR10-B61.5",
            "count": 42,
            "created_time": "2025-03-10T05:46:08.363555Z",
            "yes_price": 21,
            "no_price": 79,
            "taker_side": "no"
        },
        {
            "trade_id": "e9431929-5c59-43ee-a1c0-1f2ba5082648",
            "ticker": "KXHIGHNY-25MAR10-B61.5",
            "count": 1,
            "created_time": "2025-03-10T05:45:42.454651Z",
            "yes_price": 20,
            "no_price": 80,
            "taker_side": "no"
        },
        {
            "trade_id": "ab885e7f-b9ab-4aec-9ae7-d1cbb5a02af7",
            "ticker": "KXHIGHNY-25MAR10-B61.5",
            "count": 11,
            "created_time": "2025-03-10T05:43:01.77351Z",
            "yes_price": 20,
            "no_price": 80,
            "taker_side": "no"
        },
        {
            "trade_id": "cf45ce38-a7c1-4c37-a5f0-71900d791a9f",
            "ticker": "KXHIGHNY-25MAR10-B61.5",
            "count": 3,
            "created_time": "2025-03-10T05:40:11.943213Z",
            "yes_price": 20,
            "no_price": 80,
            "taker_side": "no"
        },
        {
            "trade_id": "95c8b0a5-8d83-4892-920a-5c0595c03ccc",
            "ticker": "KXHIGHNY-25MAR10-B61.5",
            "count": 5,
            "created_time": "2025-03-10T05:39:56.303541Z",
            "yes_price": 21,
            "no_price": 79,
            "taker_side": "no"
        },
        {
            "trade_id": "22b2dfe9-d8bf-4a49-b360-b3747efeb068",
            "ticker": "KXHIGHNY-25MAR10-B61.5",
            "count": 28,
            "created_time": "2025-03-10T05:39:37.431759Z",
            "yes_price": 20,
            "no_price": 80,
            "taker_side": "yes"
        },
        {
            "trade_id": "e0b518e9-c752-4e22-9311-c4d8a6b7368a",
            "ticker": "KXHIGHNY-25MAR10-B61.5",
            "count": 47,
            "created_time": "2025-03-10T05:37:56.656717Z",
            "yes_price": 20,
            "no_price": 80,
            "taker_side": "yes"
        },
        {
            "trade_id": "a1887c93-b691-404f-8d9e-3c7271f1187f",
            "ticker": "KXHIGHNY-25MAR10-B61.5",
            "count": 12,
            "created_time": "2025-03-10T05:37:56.656717Z",
            "yes_price": 22,
            "no_price": 78,
            "taker_side": "yes"
        },
        {
            "trade_id": "8b927ae9-dd23-4bfd-a453-5d8ea9c84894",
            "ticker": "KXHIGHNY-25MAR10-B61.5",
            "count": 21,
            "created_time": "2025-03-10T05:37:56.656717Z",
            "yes_price": 21,
            "no_price": 79,
            "taker_side": "yes"
        },
        {
            "trade_id": "673fea65-cb21-4d3f-994f-0be48a9c16dc",
            "ticker": "KXHIGHNY-25MAR10-B61.5",
            "count": 37,
            "created_time": "2025-03-10T05:37:56.656717Z",
            "yes_price": 22,
            "no_price": 78,
            "taker_side": "yes"
        },
        {
            "trade_id": "6511d759-6335-4819-a4c1-3d86fe3a2cda",
            "ticker": "KXHIGHNY-25MAR10-B61.5",
            "count": 19,
            "created_time": "2025-03-10T05:37:56.656717Z",
            "yes_price": 20,
            "no_price": 80,
            "taker_side": "yes"
        },
        {
            "trade_id": "cabc3d34-2790-473c-b198-4804764406ca",
            "ticker": "KXHIGHNY-25MAR10-B61.5",
            "count": 71,
            "created_time": "2025-03-10T05:34:58.729674Z",
            "yes_price": 21,
            "no_price": 79,
            "taker_side": "yes"
        },
        {
            "trade_id": "8e46a1d8-8dde-4756-87ac-96fd5ce8882b",
            "ticker": "KXHIGHNY-25MAR10-B61.5",
            "count": 25,
            "created_time": "2025-03-10T05:34:58.729674Z",
            "yes_price": 20,
            "no_price": 80,
            "taker_side": "yes"
        },
        {
            "trade_id": "0f48b6ca-566e-433a-a4d3-c30659497269",
            "ticker": "KXHIGHNY-25MAR10-B61.5",
            "count": 4,
            "created_time": "2025-03-10T05:34:58.729674Z",
            "yes_price": 19,
            "no_price": 81,
            "taker_side": "yes"
        },
        {
            "trade_id": "23b20a41-d39d-4810-9572-eece2c57138f",
            "ticker": "KXHIGHNY-25MAR10-B61.5",
            "count": 75,
            "created_time": "2025-03-10T05:32:32.134109Z",
            "yes_price": 20,
            "no_price": 80,
            "taker_side": "yes"
        },
        {
            "trade_id": "22aacaab-7082-4d7c-a899-82ccc7c5b941",
            "ticker": "KXHIGHNY-25MAR10-B61.5",
            "count": 25,
            "created_time": "2025-03-10T05:32:32.134109Z",
            "yes_price": 19,
            "no_price": 81,
            "taker_side": "yes"
        },
        {
            "trade_id": "6f36942d-0bec-456f-861c-31533c2a6313",
            "ticker": "KXHIGHNY-25MAR10-B61.5",
            "count": 119,
            "created_time": "2025-03-10T05:32:16.293513Z",
            "yes_price": 18,
            "no_price": 82,
            "taker_side": "yes"
        },
        {
            "trade_id": "27ababd3-d422-4656-9517-45fffb317ba9",
            "ticker": "KXHIGHNY-25MAR10-B61.5",
            "count": 129,
            "created_time": "2025-03-10T05:32:16.293513Z",
            "yes_price": 20,
            "no_price": 80,
            "taker_side": "yes"
        },
        {
            "trade_id": "30b6f5a0-636e-48f5-b6c2-d30e0865c7ec",
            "ticker": "KXHIGHNY-25MAR10-B61.5",
            "count": 53,
            "created_time": "2025-03-10T05:31:52.567868Z",
            "yes_price": 17,
            "no_price": 83,
            "taker_side": "yes"
        },
        {
            "trade_id": "3a8a4eed-da49-4709-a40a-c77c261113e4",
            "ticker": "KXHIGHNY-25MAR10-B61.5",
            "count": 50,
            "created_time": "2025-03-10T05:31:07.092708Z",
            "yes_price": 17,
            "no_price": 83,
            "taker_side": "no"
        },
        {
            "trade_id": "6bb75624-4744-41b4-845a-3e637a7e28e2",
            "ticker": "KXHIGHNY-25MAR10-B61.5",
            "count": 51,
            "created_time": "2025-03-10T05:28:59.028262Z",
            "yes_price": 18,
            "no_price": 82,
            "taker_side": "yes"
        },
        {
            "trade_id": "91997e2d-4f7f-48e6-b468-00ad0d0a011a",
            "ticker": "KXHIGHNY-25MAR10-B61.5",
            "count": 3,
            "created_time": "2025-03-10T05:28:43.089949Z",
            "yes_price": 16,
            "no_price": 84,
            "taker_side": "yes"
        },
        {
            "trade_id": "b1c7c397-72d1-46ba-bf75-f9a00ffefac6",
            "ticker": "KXHIGHNY-25MAR10-B61.5",
            "count": 1,
            "created_time": "2025-03-10T05:12:06.313358Z",
            "yes_price": 17,
            "no_price": 83,
            "taker_side": "no"
        },
        {
            "trade_id": "7c0ae48e-de0e-473a-a1dc-f06cfa5b598f",
            "ticker": "KXHIGHNY-25MAR10-B61.5",
            "count": 50,
            "created_time": "2025-03-10T05:11:51.399721Z",
            "yes_price": 18,
            "no_price": 82,
            "taker_side": "no"
        },
        {
            "trade_id": "54cf0505-5370-4559-8218-cc3051744966",
            "ticker": "KXHIGHNY-25MAR10-B61.5",
            "count": 7,
            "created_time": "2025-03-10T05:06:58.863998Z",
            "yes_price": 20,
            "no_price": 80,
            "taker_side": "yes"
        },
        {
            "trade_id": "8d6e97d5-6eee-4122-8e07-a8b9798685e6",
            "ticker": "KXHIGHNY-25MAR10-B61.5",
            "count": 179,
            "created_time": "2025-03-10T05:06:58.823326Z",
            "yes_price": 18,
            "no_price": 82,
            "taker_side": "yes"
        },
        {
            "trade_id": "3e8ba68f-8294-4c69-8c21-7006b8ea6795",
            "ticker": "KXHIGHNY-25MAR10-B61.5",
            "count": 240,
            "created_time": "2025-03-10T05:06:58.773406Z",
            "yes_price": 18,
            "no_price": 82,
            "taker_side": "yes"
        },
        {
            "trade_id": "8bef7f61-c228-44ce-bfe1-42df76f29aab",
            "ticker": "KXHIGHNY-25MAR10-B61.5",
            "count": 2,
            "created_time": "2025-03-10T05:06:52.763201Z",
            "yes_price": 22,
            "no_price": 78,
            "taker_side": "no"
        },
        {
            "trade_id": "6b4f88cf-4b59-49af-a779-67d754054c9f",
            "ticker": "KXHIGHNY-25MAR10-B61.5",
            "count": 240,
            "created_time": "2025-03-10T05:06:52.763201Z",
            "yes_price": 20,
            "no_price": 80,
            "taker_side": "no"
        },
        {
            "trade_id": "5a108bd2-36bf-44f2-b6c3-bb2963fbecfc",
            "ticker": "KXHIGHNY-25MAR10-B61.5",
            "count": 98,
            "created_time": "2025-03-10T05:06:52.763201Z",
            "yes_price": 19,
            "no_price": 81,
            "taker_side": "no"
        },
        {
            "trade_id": "3af380cf-2e47-48e1-bc13-78ae5b67990b",
            "ticker": "KXHIGHNY-25MAR10-B61.5",
            "count": 1,
            "created_time": "2025-03-10T05:06:52.763201Z",
            "yes_price": 18,
            "no_price": 82,
            "taker_side": "no"
        },
        {
            "trade_id": "37c3c18d-4aae-452d-b051-fa16e7ae6847",
            "ticker": "KXHIGHNY-25MAR10-B61.5",
            "count": 240,
            "created_time": "2025-03-10T05:06:52.763201Z",
            "yes_price": 18,
            "no_price": 82,
            "taker_side": "no"
        },
        {
            "trade_id": "2e7fb751-a063-4130-8ee4-a0541ec4fb38",
            "ticker": "KXHIGHNY-25MAR10-B61.5",
            "count": 5,
            "created_time": "2025-03-10T05:01:45.644386Z",
            "yes_price": 22,
            "no_price": 78,
            "taker_side": "no"
        },
        {
            "trade_id": "c5a1ba0d-7f53-405a-979f-a23a73dc5618",
            "ticker": "KXHIGHNY-25MAR10-B61.5",
            "count": 36,
            "created_time": "2025-03-10T05:01:04.80224Z",
            "yes_price": 23,
            "no_price": 77,
            "taker_side": "no"
        },
        {
            "trade_id": "651e8148-475d-42f2-97c9-6b6454a82dba",
            "ticker": "KXHIGHNY-25MAR10-B61.5",
            "count": 1,
            "created_time": "2025-03-10T05:01:04.80224Z",
            "yes_price": 23,
            "no_price": 77,
            "taker_side": "no"
        },
        {
            "trade_id": "1578a57c-f9ec-4bc7-abe1-4fd741046193",
            "ticker": "KXHIGHNY-25MAR10-B61.5",
            "count": 48,
            "created_time": "2025-03-10T05:01:04.80224Z",
            "yes_price": 23,
            "no_price": 77,
            "taker_side": "no"
        },
        {
            "trade_id": "c123a4c1-3be0-4d4e-a56a-f7e41594cc71",
            "ticker": "KXHIGHNY-25MAR10-B61.5",
            "count": 1,
            "created_time": "2025-03-10T04:58:24.526369Z",
            "yes_price": 24,
            "no_price": 76,
            "taker_side": "no"
        },
        {
            "trade_id": "877835ed-e961-4133-b4e5-cf61b9835b6e",
            "ticker": "KXHIGHNY-25MAR10-B61.5",
            "count": 10,
            "created_time": "2025-03-10T04:58:24.526369Z",
            "yes_price": 24,
            "no_price": 76,
            "taker_side": "no"
        },
        {
            "trade_id": "d7283942-17df-4c5c-8c09-8d89bf65c48c",
            "ticker": "KXHIGHNY-25MAR10-B61.5",
            "count": 6,
            "created_time": "2025-03-10T04:45:29.803058Z",
            "yes_price": 26,
            "no_price": 74,
            "taker_side": "no"
        },
        {
            "trade_id": "6fcb0a05-212f-4f2d-9a4c-98fa2383c6c4",
            "ticker": "KXHIGHNY-25MAR10-B61.5",
            "count": 15,
            "created_time": "2025-03-10T04:43:09.883734Z",
            "yes_price": 27,
            "no_price": 73,
            "taker_side": "yes"
        },
        {
            "trade_id": "14c9f884-a541-4cc2-9f9d-c0319110c773",
            "ticker": "KXHIGHNY-25MAR10-B61.5",
            "count": 10,
            "created_time": "2025-03-10T04:42:45.467903Z",
            "yes_price": 27,
            "no_price": 73,
            "taker_side": "no"
        },
        {
            "trade_id": "d440c768-7104-4621-abcc-3a54cc533391",
            "ticker": "KXHIGHNY-25MAR10-B61.5",
            "count": 85,
            "created_time": "2025-03-10T04:36:36.278189Z",
            "yes_price": 32,
            "no_price": 68,
            "taker_side": "yes"
        },
        {
            "trade_id": "dda62fb9-3780-4b75-86c0-62680a120320",
            "ticker": "KXHIGHNY-25MAR10-B61.5",
            "count": 3,
            "created_time": "2025-03-10T04:29:50.039949Z",
            "yes_price": 27,
            "no_price": 73,
            "taker_side": "no"
        },
        {
            "trade_id": "b7ccc9c6-23b2-429e-b84a-086e2fbac841",
            "ticker": "KXHIGHNY-25MAR10-B61.5",
            "count": 201,
            "created_time": "2025-03-10T04:29:50.039949Z",
            "yes_price": 26,
            "no_price": 74,
            "taker_side": "no"
        },
        {
            "trade_id": "3b0f99e7-751b-4927-a68e-a68476f425a0",
            "ticker": "KXHIGHNY-25MAR10-B61.5",
            "count": 65,
            "created_time": "2025-03-10T04:29:50.039949Z",
            "yes_price": 27,
            "no_price": 73,
            "taker_side": "no"
        },
        {
            "trade_id": "2623c438-fbaf-4ebc-91b2-f4f87aec67c7",
            "ticker": "KXHIGHNY-25MAR10-B61.5",
            "count": 89,
            "created_time": "2025-03-10T04:29:50.039949Z",
            "yes_price": 27,
            "no_price": 73,
            "taker_side": "no"
        },
        {
            "trade_id": "14ce2e01-3e0f-4b84-84c8-cf6b3e82ac00",
            "ticker": "KXHIGHNY-25MAR10-B61.5",
            "count": 2,
            "created_time": "2025-03-10T04:29:50.039949Z",
            "yes_price": 27,
            "no_price": 73,
            "taker_side": "no"
        },
        {
            "trade_id": "a68ddf95-a78a-49f6-92fd-b3824e11ff8d",
            "ticker": "KXHIGHNY-25MAR10-B61.5",
            "count": 1,
            "created_time": "2025-03-10T04:25:46.446817Z",
            "yes_price": 27,
            "no_price": 73,
            "taker_side": "no"
        },
        {
            "trade_id": "3eb76d1e-014f-4f56-8c5b-928f3c729a36",
            "ticker": "KXHIGHNY-25MAR10-B61.5",
            "count": 2,
            "created_time": "2025-03-10T04:25:46.446817Z",
            "yes_price": 28,
            "no_price": 72,
            "taker_side": "no"
        },
        {
            "trade_id": "0163efb9-d9e0-40f0-9f2a-3e0d4bd43a62",
            "ticker": "KXHIGHNY-25MAR10-B61.5",
            "count": 2,
            "created_time": "2025-03-10T04:25:46.446817Z",
            "yes_price": 27,
            "no_price": 73,
            "taker_side": "no"
        },
        {
            "trade_id": "fb9893c5-f438-4356-ab11-32401628185f",
            "ticker": "KXHIGHNY-25MAR10-B61.5",
            "count": 59,
            "created_time": "2025-03-10T04:22:36.846058Z",
            "yes_price": 32,
            "no_price": 68,
            "taker_side": "yes"
        },
        {
            "trade_id": "af30746f-4897-4279-903c-e5ca5e0e50af",
            "ticker": "KXHIGHNY-25MAR10-B61.5",
            "count": 100,
            "created_time": "2025-03-10T04:09:33.369246Z",
            "yes_price": 33,
            "no_price": 67,
            "taker_side": "yes"
        },
        {
            "trade_id": "87cc7e0b-1cb2-4672-81dd-76dd97864e6f",
            "ticker": "KXHIGHNY-25MAR10-B61.5",
            "count": 1,
            "created_time": "2025-03-10T03:30:26.117058Z",
            "yes_price": 32,
            "no_price": 68,
            "taker_side": "yes"
        },
        {
            "trade_id": "5efd65d9-9d15-434e-bae4-e215de2dd747",
            "ticker": "KXHIGHNY-25MAR10-B61.5",
            "count": 7,
            "created_time": "2025-03-10T03:30:26.117058Z",
            "yes_price": 34,
            "no_price": 66,
            "taker_side": "yes"
        },
        {
            "trade_id": "e43dfba8-06b2-4249-889d-d41e615ea468",
            "ticker": "KXHIGHNY-25MAR10-B61.5",
            "count": 54,
            "created_time": "2025-03-10T03:16:46.352261Z",
            "yes_price": 33,
            "no_price": 67,
            "taker_side": "yes"
        },
        {
            "trade_id": "bd5dc765-6c7f-46db-b2c5-62681b5fdfbb",
            "ticker": "KXHIGHNY-25MAR10-B61.5",
            "count": 6,
            "created_time": "2025-03-10T03:16:46.352261Z",
            "yes_price": 31,
            "no_price": 69,
            "taker_side": "yes"
        },
        {
            "trade_id": "63769c67-0841-4ed8-b1d6-31d108f0b735",
            "ticker": "KXHIGHNY-25MAR10-B61.5",
            "count": 13,
            "created_time": "2025-03-10T03:16:46.352261Z",
            "yes_price": 31,
            "no_price": 69,
            "taker_side": "yes"
        },
        {
            "trade_id": "c062e16a-b948-4dc0-833d-e3a19032fe1d",
            "ticker": "KXHIGHNY-25MAR10-B61.5",
            "count": 3,
            "created_time": "2025-03-10T03:08:12.25681Z",
            "yes_price": 29,
            "no_price": 71,
            "taker_side": "yes"
        },
        {
            "trade_id": "55f47904-d176-4ff3-8746-f63aa81e8f9f",
            "ticker": "KXHIGHNY-25MAR10-B61.5",
            "count": 23,
            "created_time": "2025-03-10T03:08:12.25681Z",
            "yes_price": 33,
            "no_price": 67,
            "taker_side": "yes"
        },
        {
            "trade_id": "51bfe6b5-c713-4ffb-854c-d946fee8874f",
            "ticker": "KXHIGHNY-25MAR10-B61.5",
            "count": 240,
            "created_time": "2025-03-10T03:08:12.25681Z",
            "yes_price": 31,
            "no_price": 69,
            "taker_side": "yes"
        },
        {
            "trade_id": "24d0c5bd-c137-4dee-8d46-ff1362ddf6bf",
            "ticker": "KXHIGHNY-25MAR10-B61.5",
            "count": 37,
            "created_time": "2025-03-10T03:08:12.25681Z",
            "yes_price": 33,
            "no_price": 67,
            "taker_side": "yes"
        },
        {
            "trade_id": "3bf8a99c-ca04-44be-a910-9a7e32f995e1",
            "ticker": "KXHIGHNY-25MAR10-B61.5",
            "count": 99,
            "created_time": "2025-03-10T03:00:50.735866Z",
            "yes_price": 29,
            "no_price": 71,
            "taker_side": "yes"
        },
        {
            "trade_id": "e3c9e290-ed58-4791-ac6a-9bbed7e1f7c0",
            "ticker": "KXHIGHNY-25MAR10-B61.5",
            "count": 3,
            "created_time": "2025-03-10T02:50:48.734501Z",
            "yes_price": 29,
            "no_price": 71,
            "taker_side": "yes"
        },
        {
            "trade_id": "7fb74d82-7a5f-4875-8458-1184862caf21",
            "ticker": "KXHIGHNY-25MAR10-B61.5",
            "count": 13,
            "created_time": "2025-03-10T02:48:15.46346Z",
            "yes_price": 27,
            "no_price": 73,
            "taker_side": "no"
        },
        {
            "trade_id": "e228424f-a2fa-4e57-b3e7-e3d91d31227d",
            "ticker": "KXHIGHNY-25MAR10-B61.5",
            "count": 6,
            "created_time": "2025-03-10T02:23:46.054002Z",
            "yes_price": 28,
            "no_price": 72,
            "taker_side": "yes"
        },
        {
            "trade_id": "5a8e23d9-3523-46e0-a989-9746d6fb8de9",
            "ticker": "KXHIGHNY-25MAR10-B61.5",
            "count": 1,
            "created_time": "2025-03-10T02:03:53.674318Z",
            "yes_price": 27,
            "no_price": 73,
            "taker_side": "yes"
        },
        {
            "trade_id": "40da7361-6159-4e2d-a3b8-b564f0692712",
            "ticker": "KXHIGHNY-25MAR10-B61.5",
            "count": 29,
            "created_time": "2025-03-10T01:57:41.404128Z",
            "yes_price": 27,
            "no_price": 73,
            "taker_side": "yes"
        },
        {
            "trade_id": "49480507-64c2-40da-bfa3-646d9939f7eb",
            "ticker": "KXHIGHNY-25MAR10-B61.5",
            "count": 29,
            "created_time": "2025-03-10T01:45:15.800851Z",
            "yes_price": 27,
            "no_price": 73,
            "taker_side": "yes"
        },
        {
            "trade_id": "d73bf464-1074-4bb7-9065-7b03c2ca2456",
            "ticker": "KXHIGHNY-25MAR10-B61.5",
            "count": 69,
            "created_time": "2025-03-10T01:43:08.432946Z",
            "yes_price": 27,
            "no_price": 73,
            "taker_side": "yes"
        },
        {
            "trade_id": "c7607bdf-b7d5-4df2-be70-3f1242c9255c",
            "ticker": "KXHIGHNY-25MAR10-B61.5",
            "count": 1,
            "created_time": "2025-03-10T01:43:07.14319Z",
            "yes_price": 27,
            "no_price": 73,
            "taker_side": "no"
        },
        {
            "trade_id": "27b16794-e274-4b67-940b-0678f2cf0375",
            "ticker": "KXHIGHNY-25MAR10-B61.5",
            "count": 39,
            "created_time": "2025-03-10T01:43:03.024548Z",
            "yes_price": 27,
            "no_price": 73,
            "taker_side": "no"
        },
        {
            "trade_id": "bbad1b5b-5bd7-458a-9755-556dfab2d940",
            "ticker": "KXHIGHNY-25MAR10-B61.5",
            "count": 1,
            "created_time": "2025-03-10T01:34:05.304843Z",
            "yes_price": 28,
            "no_price": 72,
            "taker_side": "no"
        },
        {
            "trade_id": "78916294-5527-4b59-b875-32ce7e922c37",
            "ticker": "KXHIGHNY-25MAR10-B61.5",
            "count": 7,
            "created_time": "2025-03-10T01:34:05.304843Z",
            "yes_price": 28,
            "no_price": 72,
            "taker_side": "no"
        },
        {
            "trade_id": "a79f930f-758d-47ab-838d-35a47cd94560",
            "ticker": "KXHIGHNY-25MAR10-B61.5",
            "count": 22,
            "created_time": "2025-03-10T01:28:27.133945Z",
            "yes_price": 31,
            "no_price": 69,
            "taker_side": "yes"
        },
        {
            "trade_id": "55144352-40e8-4566-a457-0042e2e988bd",
            "ticker": "KXHIGHNY-25MAR10-B61.5",
            "count": 80,
            "created_time": "2025-03-10T01:28:27.133945Z",
            "yes_price": 33,
            "no_price": 67,
            "taker_side": "yes"
        },
        {
            "trade_id": "8c27ff33-00d5-42e6-bab2-f082dea9e5db",
            "ticker": "KXHIGHNY-25MAR10-B61.5",
            "count": 19,
            "created_time": "2025-03-10T00:51:28.270145Z",
            "yes_price": 39,
            "no_price": 61,
            "taker_side": "yes"
        },
        {
            "trade_id": "84144e30-3f9b-47cf-b80a-c2ff28dfb658",
            "ticker": "KXHIGHNY-25MAR10-B61.5",
            "count": 7,
            "created_time": "2025-03-10T00:51:28.270145Z",
            "yes_price": 36,
            "no_price": 64,
            "taker_side": "yes"
        },
        {
            "trade_id": "5193cb92-3221-4013-9f1b-2d6a5a7203bc",
            "ticker": "KXHIGHNY-25MAR10-B61.5",
            "count": 37,
            "created_time": "2025-03-10T00:51:28.270145Z",
            "yes_price": 39,
            "no_price": 61,
            "taker_side": "yes"
        },
        {
            "trade_id": "4d69f48f-907c-47e9-8703-88c4ad37eb62",
            "ticker": "KXHIGHNY-25MAR10-B61.5",
            "count": 102,
            "created_time": "2025-03-10T00:51:28.270145Z",
            "yes_price": 37,
            "no_price": 63,
            "taker_side": "yes"
        },
        {
            "trade_id": "1ffab752-f05c-40e7-a601-5251055ba3e4",
            "ticker": "KXHIGHNY-25MAR10-B61.5",
            "count": 5,
            "created_time": "2025-03-10T00:51:28.270145Z",
            "yes_price": 36,
            "no_price": 64,
            "taker_side": "yes"
        },
        {
            "trade_id": "64c7ae7a-cab3-4cb2-887f-3595c25dba84",
            "ticker": "KXHIGHNY-25MAR10-B61.5",
            "count": 42,
            "created_time": "2025-03-10T00:47:08.503243Z",
            "yes_price": 31,
            "no_price": 69,
