{
    "KXHIGHNY-25MAR03-T33": [
        {
            "trade_id": "c7410da0-6889-40cd-b3c5-35b9872293a5",
            "ticker": "KXHIGHNY-25MAR03-T33",
            "count": 200,
            "created_time": "2025-03-03T03:08:32.221638Z",
            "yes_price": 1,
            "no_price": 99,
            "taker_side": "yes"
        }
    ],
    "KXHIGHNY-25MAR03-B33.5": [
        {
            "trade_id": "aaaea22a-ace8-49f5-9047-c790ea582e3b",
            "ticker": "KXHIGHNY-25MAR03-B33.5",
            "count": 500,
            "created_time": "2025-03-03T17:50:07.606061Z",
            "yes_price": 2,
            "no_price": 98,
            "taker_side": "yes"
        },
        {
            "trade_id": "59fb0215-d538-476e-9b18-088a11fca23f",
            "ticker": "KXHIGHNY-25MAR03-B33.5",
            "count": 199,
            "created_time": "2025-03-03T17:50:07.606061Z",
            "yes_price": 2,
            "no_price": 98,
            "taker_side": "yes"
        },
        {
            "trade_id": "2509e942-49a9-4d33-a930-0248c748e82d",
            "ticker": "KXHIGHNY-25MAR03-B33.5",
            "count": 1000,
            "created_time": "2025-03-03T17:50:07.606061Z",
            "yes_price": 1,
            "no_price": 99,
            "taker_side": "yes"
        },
        {
            "trade_id": "810cb9f8-6385-427a-908d-c2487f9db4a9",
            "ticker": "KXHIGHNY-25MAR03-B33.5",
            "count": 1,
            "created_time": "2025-03-03T17:34:30.653568Z",
            "yes_price": 2,
            "no_price": 98,
            "taker_side": "yes"
        },
        {
            "trade_id": "19336a5f-b9bd-45f9-a561-3291e28ddb2c",
            "ticker": "KXHIGHNY-25MAR03-B33.5",
            "count": 200,
            "created_time": "2025-03-03T13:01:20.171055Z",
            "yes_price": 1,
            "no_price": 99,
            "taker_side": "no"
        },
        {
            "trade_id": "1c2a737c-b8ba-4a79-9b88-49ebba8a10ed",
            "ticker": "KXHIGHNY-25MAR03-B33.5",
            "count": 1,
            "created_time": "2025-03-02T20:12:14.675754Z",
            "yes_price": 5,
            "no_price": 95,
            "taker_side": "yes"
        },
        {
            "trade_id": "89334c75-381b-4bb6-b73b-9a98d6d88779",
            "ticker": "KXHIGHNY-25MAR03-B33.5",
            "count": 1,
            "created_time": "2025-03-02T17:30:23.070193Z",
            "yes_price": 5,
            "no_price": 95,
            "taker_side": "yes"
        }
    ],
    "KXHIGHNY-25MAR03-B35.5": [
        {
            "trade_id": "db7dbb39-640b-47be-b14b-bb014ceea1a3",
            "ticker": "KXHIGHNY-25MAR03-B35.5",
            "count": 832,
            "created_time": "2025-03-04T00:04:06.216901Z",
            "yes_price": 1,
            "no_price": 99,
            "taker_side": "yes"
        },
        {
            "trade_id": "cbe28d71-4f3f-4b15-9623-6461a9d7a6e9",
            "ticker": "KXHIGHNY-25MAR03-B35.5",
            "count": 335,
            "created_time": "2025-03-04T00:04:06.216901Z",
            "yes_price": 1,
            "no_price": 99,
            "taker_side": "yes"
        },
        {
            "trade_id": "a191f8a2-84e3-4da8-bd60-8206c92e4982",
            "ticker": "KXHIGHNY-25MAR03-B35.5",
            "count": 1,
            "created_time": "2025-03-03T22:32:52.038455Z",
            "yes_price": 1,
            "no_price": 99,
            "taker_side": "yes"
        },
        {
            "trade_id": "f3a30eb5-43b0-444c-9bbe-cf8cdcad6534",
            "ticker": "KXHIGHNY-25MAR03-B35.5",
            "count": 1,
            "created_time": "2025-03-03T22:31:02.190293Z",
            "yes_price": 1,
            "no_price": 99,
            "taker_side": "yes"
        },
        {
            "trade_id": "ca1c6e10-998b-4614-8167-c2ec35d33e36",
            "ticker": "KXHIGHNY-25MAR03-B35.5",
            "count": 1,
            "created_time": "2025-03-03T22:09:54.860827Z",
            "yes_price": 1,
            "no_price": 99,
            "taker_side": "yes"
        },
        {
            "trade_id": "fa96cc84-0fdb-4a89-942f-9c16473513ff",
            "ticker": "KXHIGHNY-25MAR03-B35.5",
            "count": 1,
            "created_time": "2025-03-03T22:08:09.232789Z",
            "yes_price": 1,
            "no_price": 99,
            "taker_side": "yes"
        },
        {
            "trade_id": "07cdd881-b218-4ea4-90ff-6339c8ac98b8",
            "ticker": "KXHIGHNY-25MAR03-B35.5",
            "count": 71,
            "created_time": "2025-03-03T21:41:12.924685Z",
            "yes_price": 1,
            "no_price": 99,
            "taker_side": "yes"
        },
        {
            "trade_id": "2332b01a-1c40-41a3-b9a3-79fdd8132c6b",
            "ticker": "KXHIGHNY-25MAR03-B35.5",
            "count": 93,
            "created_time": "2025-03-03T20:01:53.869605Z",
            "yes_price": 1,
            "no_price": 99,
            "taker_side": "yes"
        },
        {
            "trade_id": "129bf34b-46ae-4a59-b582-1fac32bc67fa",
            "ticker": "KXHIGHNY-25MAR03-B35.5",
            "count": 371,
            "created_time": "2025-03-03T18:26:22.095875Z",
            "yes_price": 1,
            "no_price": 99,
            "taker_side": "no"
        },
        {
            "trade_id": "0772c05d-dbe6-4d1b-9788-0807539a050a",
            "ticker": "KXHIGHNY-25MAR03-B35.5",
            "count": 100,
            "created_time": "2025-03-03T18:26:18.753957Z",
            "yes_price": 1,
            "no_price": 99,
            "taker_side": "no"
        },
        {
            "trade_id": "7231afcd-31ce-40bf-af29-600281d24e8d",
            "ticker": "KXHIGHNY-25MAR03-B35.5",
            "count": 2,
            "created_time": "2025-03-03T18:25:30.531041Z",
            "yes_price": 1,
            "no_price": 99,
            "taker_side": "no"
        },
        {
            "trade_id": "1385f48e-6d06-42ab-9efa-df8c9ca011ff",
            "ticker": "KXHIGHNY-25MAR03-B35.5",
            "count": 733,
            "created_time": "2025-03-03T18:25:15.748892Z",
            "yes_price": 1,
            "no_price": 99,
            "taker_side": "no"
        },
        {
            "trade_id": "030031d9-bed6-440c-ac7e-bdb5e35716ff",
            "ticker": "KXHIGHNY-25MAR03-B35.5",
            "count": 16,
            "created_time": "2025-03-03T18:25:12.321788Z",
            "yes_price": 1,
            "no_price": 99,
            "taker_side": "no"
        },
        {
            "trade_id": "da53eb9a-cb99-4106-964c-4090fedd1a99",
            "ticker": "KXHIGHNY-25MAR03-B35.5",
            "count": 69,
            "created_time": "2025-03-03T18:23:22.12662Z",
            "yes_price": 1,
            "no_price": 99,
            "taker_side": "yes"
        },
        {
            "trade_id": "62657a4a-460f-41c0-9d8c-04b5c98a9d78",
            "ticker": "KXHIGHNY-25MAR03-B35.5",
            "count": 709,
            "created_time": "2025-03-03T18:23:22.12662Z",
            "yes_price": 1,
            "no_price": 99,
            "taker_side": "yes"
        },
        {
            "trade_id": "ad75f25d-f037-4c18-a641-6dd1e9bff3fc",
            "ticker": "KXHIGHNY-25MAR03-B35.5",
            "count": 291,
            "created_time": "2025-03-03T18:22:31.53085Z",
            "yes_price": 1,
            "no_price": 99,
            "taker_side": "yes"
        },
        {
            "trade_id": "14eeaabf-9a0a-4392-adb1-82ce59fa1470",
            "ticker": "KXHIGHNY-25MAR03-B35.5",
            "count": 209,
            "created_time": "2025-03-03T18:22:31.53085Z",
            "yes_price": 1,
            "no_price": 99,
            "taker_side": "yes"
        },
        {
            "trade_id": "2ee0d995-dd85-43e2-a5c7-7b63eb06b6d6",
            "ticker": "KXHIGHNY-25MAR03-B35.5",
            "count": 289,
            "created_time": "2025-03-03T18:19:40.435665Z",
            "yes_price": 1,
            "no_price": 99,
            "taker_side": "yes"
        },
        {
            "trade_id": "d77bb408-9f4e-4a01-a888-cf42c6507009",
            "ticker": "KXHIGHNY-25MAR03-B35.5",
            "count": 1502,
            "created_time": "2025-03-03T18:15:49.022542Z",
            "yes_price": 1,
            "no_price": 99,
            "taker_side": "yes"
        },
        {
            "trade_id": "a1f43045-7302-4992-b4d0-e76991d9eb74",
            "ticker": "KXHIGHNY-25MAR03-B35.5",
            "count": 22,
            "created_time": "2025-03-03T18:15:49.022542Z",
            "yes_price": 1,
            "no_price": 99,
            "taker_side": "yes"
        },
        {
            "trade_id": "7f33b1b3-6d19-431a-b6e8-6834188b686d",
            "ticker": "KXHIGHNY-25MAR03-B35.5",
            "count": 30,
            "created_time": "2025-03-03T18:15:49.022542Z",
            "yes_price": 1,
            "no_price": 99,
            "taker_side": "yes"
        },
        {
            "trade_id": "3fa680a9-b684-428a-aeea-769ccd10d54d",
            "ticker": "KXHIGHNY-25MAR03-B35.5",
            "count": 1,
            "created_time": "2025-03-03T18:15:49.022542Z",
            "yes_price": 1,
            "no_price": 99,
            "taker_side": "yes"
        },
        {
            "trade_id": "30440a1d-7c42-4708-ab2a-1e9e0e7744c6",
            "ticker": "KXHIGHNY-25MAR03-B35.5",
            "count": 525,
            "created_time": "2025-03-03T18:15:49.022542Z",
            "yes_price": 1,
            "no_price": 99,
            "taker_side": "yes"
        },
        {
            "trade_id": "060d778e-f180-4af4-bdd1-c5c27f177dd8",
            "ticker": "KXHIGHNY-25MAR03-B35.5",
            "count": 19,
            "created_time": "2025-03-03T18:15:49.022542Z",
            "yes_price": 1,
            "no_price": 99,
            "taker_side": "yes"
        },
        {
            "trade_id": "f356f803-1d65-4750-8e4a-cd9791f3e6e5",
            "ticker": "KXHIGHNY-25MAR03-B35.5",
            "count": 23,
            "created_time": "2025-03-03T18:09:06.199748Z",
            "yes_price": 1,
            "no_price": 99,
            "taker_side": "yes"
        },
        {
            "trade_id": "94d78c67-2843-4a75-a4f1-1c8426694556",
            "ticker": "KXHIGHNY-25MAR03-B35.5",
            "count": 99,
            "created_time": "2025-03-03T18:09:05.628088Z",
            "yes_price": 2,
            "no_price": 98,
            "taker_side": "no"
        },
        {
            "trade_id": "7e4543ca-ac29-4ce1-883d-4b4479ccf620",
            "ticker": "KXHIGHNY-25MAR03-B35.5",
            "count": 103,
            "created_time": "2025-03-03T18:09:05.628088Z",
            "yes_price": 1,
            "no_price": 99,
            "taker_side": "no"
        },
        {
            "trade_id": "ecec2778-89a1-49bc-9736-04342439317d",
            "ticker": "KXHIGHNY-25MAR03-B35.5",
            "count": 97,
            "created_time": "2025-03-03T18:08:37.011676Z",
            "yes_price": 1,
            "no_price": 99,
            "taker_side": "no"
        },
        {
            "trade_id": "dcbba832-650c-4af6-826d-24f98b74fc97",
            "ticker": "KXHIGHNY-25MAR03-B35.5",
            "count": 300,
            "created_time": "2025-03-03T18:08:37.011676Z",
            "yes_price": 3,
            "no_price": 97,
            "taker_side": "no"
        },
        {
            "trade_id": "bae78ae6-c14a-4fc5-ab37-14269574e32c",
            "ticker": "KXHIGHNY-25MAR03-B35.5",
            "count": 11,
            "created_time": "2025-03-03T18:08:37.011676Z",
            "yes_price": 4,
            "no_price": 96,
            "taker_side": "no"
        },
        {
            "trade_id": "b2a746b2-2090-42f4-b330-598066815ee7",
            "ticker": "KXHIGHNY-25MAR03-B35.5",
            "count": 99,
            "created_time": "2025-03-03T18:08:37.011676Z",
            "yes_price": 14,
            "no_price": 86,
            "taker_side": "no"
        },
        {
            "trade_id": "abcc835c-576b-4455-9cb1-598b37a64f1a",
            "ticker": "KXHIGHNY-25MAR03-B35.5",
            "count": 332,
            "created_time": "2025-03-03T18:08:37.011676Z",
            "yes_price": 13,
            "no_price": 87,
            "taker_side": "no"
        },
        {
            "trade_id": "9924f089-28db-4a55-9a92-1af29012bc1b",
            "ticker": "KXHIGHNY-25MAR03-B35.5",
            "count": 150,
            "created_time": "2025-03-03T18:08:37.011676Z",
            "yes_price": 1,
            "no_price": 99,
            "taker_side": "no"
        },
        {
            "trade_id": "8c6a95de-cf7d-4194-8c5d-b0d75ad67dca",
            "ticker": "KXHIGHNY-25MAR03-B35.5",
            "count": 50,
            "created_time": "2025-03-03T18:08:37.011676Z",
            "yes_price": 2,
            "no_price": 98,
            "taker_side": "no"
        },
        {
            "trade_id": "84cd1ea1-8f97-4c75-8a08-ad1b1fcfb95c",
            "ticker": "KXHIGHNY-25MAR03-B35.5",
            "count": 11,
            "created_time": "2025-03-03T18:08:37.011676Z",
            "yes_price": 5,
            "no_price": 95,
            "taker_side": "no"
        },
        {
            "trade_id": "81709acd-f20c-4620-973d-89631f990b9b",
            "ticker": "KXHIGHNY-25MAR03-B35.5",
            "count": 500,
            "created_time": "2025-03-03T18:08:37.011676Z",
            "yes_price": 2,
            "no_price": 98,
            "taker_side": "no"
        },
        {
            "trade_id": "5519ed62-f916-4f2d-beb8-7a96fd15b90d",
            "ticker": "KXHIGHNY-25MAR03-B35.5",
            "count": 250,
            "created_time": "2025-03-03T18:08:37.011676Z",
            "yes_price": 4,
            "no_price": 96,
            "taker_side": "no"
        },
        {
            "trade_id": "355c6137-4969-4222-bdf7-95f2166c7646",
            "ticker": "KXHIGHNY-25MAR03-B35.5",
            "count": 50,
            "created_time": "2025-03-03T18:08:37.011676Z",
            "yes_price": 5,
            "no_price": 95,
            "taker_side": "no"
        },
        {
            "trade_id": "351d1ac0-6349-4b29-bbdd-ccc5146629b1",
            "ticker": "KXHIGHNY-25MAR03-B35.5",
            "count": 100,
            "created_time": "2025-03-03T18:08:37.011676Z",
            "yes_price": 6,
            "no_price": 94,
            "taker_side": "no"
        },
        {
            "trade_id": "080990b2-1605-4cbe-93df-b98a1cf2a07b",
            "ticker": "KXHIGHNY-25MAR03-B35.5",
            "count": 50,
            "created_time": "2025-03-03T18:08:37.011676Z",
            "yes_price": 11,
            "no_price": 89,
            "taker_side": "no"
        },
        {
            "trade_id": "efb68d68-4c2b-44d2-a852-498d4feb7c88",
            "ticker": "KXHIGHNY-25MAR03-B35.5",
            "count": 68,
            "created_time": "2025-03-03T18:08:32.038094Z",
            "yes_price": 13,
            "no_price": 87,
            "taker_side": "no"
        },
        {
            "trade_id": "d9c5c462-99ae-419d-874b-0f5db35dd0ad",
            "ticker": "KXHIGHNY-25MAR03-B35.5",
            "count": 99,
            "created_time": "2025-03-03T18:08:32.038094Z",
            "yes_price": 14,
            "no_price": 86,
            "taker_side": "no"
        },
        {
            "trade_id": "b47ff262-485f-4fdb-afeb-7c9a3c4ce96b",
            "ticker": "KXHIGHNY-25MAR03-B35.5",
            "count": 30,
            "created_time": "2025-03-03T18:08:32.038094Z",
            "yes_price": 15,
            "no_price": 85,
            "taker_side": "no"
        },
        {
            "trade_id": "4312fd5f-409e-4485-b187-34854d354319",
            "ticker": "KXHIGHNY-25MAR03-B35.5",
            "count": 6,
            "created_time": "2025-03-03T18:08:32.038094Z",
            "yes_price": 15,
            "no_price": 85,
            "taker_side": "no"
        },
        {
            "trade_id": "34d28f16-2019-468c-97cb-74e9281b47ad",
            "ticker": "KXHIGHNY-25MAR03-B35.5",
            "count": 6,
            "created_time": "2025-03-03T18:08:32.038094Z",
            "yes_price": 16,
            "no_price": 84,
            "taker_side": "no"
        },
        {
            "trade_id": "3c596545-99fc-4ec6-b4a7-4513093a7ef2",
            "ticker": "KXHIGHNY-25MAR03-B35.5",
            "count": 38,
            "created_time": "2025-03-03T18:08:22.42217Z",
            "yes_price": 19,
            "no_price": 81,
            "taker_side": "no"
        },
        {
            "trade_id": "36a2d982-f8de-4e42-8bb7-5797803073ee",
            "ticker": "KXHIGHNY-25MAR03-B35.5",
            "count": 13,
            "created_time": "2025-03-03T18:08:22.42217Z",
            "yes_price": 18,
            "no_price": 82,
            "taker_side": "no"
        },
        {
            "trade_id": "fee67844-b0c7-4588-9d2d-c47e52fb270b",
            "ticker": "KXHIGHNY-25MAR03-B35.5",
            "count": 99,
            "created_time": "2025-03-03T18:08:16.094352Z",
            "yes_price": 26,
            "no_price": 74,
            "taker_side": "no"
        },
        {
            "trade_id": "85e532c2-fad0-4f80-a4c0-be918d82b39f",
            "ticker": "KXHIGHNY-25MAR03-B35.5",
            "count": 2000,
            "created_time": "2025-03-03T18:08:16.094352Z",
            "yes_price": 25,
            "no_price": 75,
            "taker_side": "no"
        },
        {
            "trade_id": "cf855147-ff1b-4b0b-aa51-4298a7d8ae5b",
            "ticker": "KXHIGHNY-25MAR03-B35.5",
            "count": 2,
            "created_time": "2025-03-03T17:53:59.032298Z",
            "yes_price": 36,
            "no_price": 64,
            "taker_side": "yes"
        },
        {
            "trade_id": "c9e90b96-15b1-4c9c-b684-9921120a1df8",
            "ticker": "KXHIGHNY-25MAR03-B35.5",
            "count": 5,
            "created_time": "2025-03-03T17:50:17.490803Z",
            "yes_price": 37,
            "no_price": 63,
            "taker_side": "yes"
        },
        {
            "trade_id": "c533912f-fb35-40c5-b880-858d3daad5ca",
            "ticker": "KXHIGHNY-25MAR03-B35.5",
            "count": 19,
            "created_time": "2025-03-03T17:50:17.490803Z",
            "yes_price": 37,
            "no_price": 63,
            "taker_side": "yes"
        },
        {
            "trade_id": "8d67416b-aeb4-480a-8a5a-25b7a4dfdcc8",
            "ticker": "KXHIGHNY-25MAR03-B35.5",
            "count": 7,
            "created_time": "2025-03-03T17:50:17.490803Z",
            "yes_price": 37,
            "no_price": 63,
            "taker_side": "yes"
        },
        {
            "trade_id": "02528e22-5a96-4aa2-9ab3-2d42364efb87",
            "ticker": "KXHIGHNY-25MAR03-B35.5",
            "count": 19,
            "created_time": "2025-03-03T17:50:17.490803Z",
            "yes_price": 37,
            "no_price": 63,
            "taker_side": "yes"
        },
        {
            "trade_id": "bb6f0552-3402-4bab-887c-c6c3046d9cee",
            "ticker": "KXHIGHNY-25MAR03-B35.5",
            "count": 7,
            "created_time": "2025-03-03T17:49:05.433513Z",
            "yes_price": 13,
            "no_price": 87,
            "taker_side": "no"
        },
        {
            "trade_id": "68490d97-6517-4fe7-9f04-5168973ba76a",
            "ticker": "KXHIGHNY-25MAR03-B35.5",
            "count": 20,
            "created_time": "2025-03-03T17:48:15.289065Z",
            "yes_price": 17,
            "no_price": 83,
            "taker_side": "no"
        },
        {
            "trade_id": "50f81d9b-8547-4c5d-acfd-27044f07c61b",
            "ticker": "KXHIGHNY-25MAR03-B35.5",
            "count": 48,
            "created_time": "2025-03-03T17:48:15.289065Z",
            "yes_price": 18,
            "no_price": 82,
            "taker_side": "no"
        },
        {
            "trade_id": "23e20910-b207-4aa8-b6db-d7732a6be664",
            "ticker": "KXHIGHNY-25MAR03-B35.5",
            "count": 8,
            "created_time": "2025-03-03T17:48:15.289065Z",
            "yes_price": 13,
            "no_price": 87,
            "taker_side": "no"
        },
        {
            "trade_id": "d5ae1322-1813-4ee6-838c-0a6df54fd02a",
            "ticker": "KXHIGHNY-25MAR03-B35.5",
            "count": 40,
            "created_time": "2025-03-03T17:46:47.992766Z",
            "yes_price": 15,
            "no_price": 85,
            "taker_side": "no"
        },
        {
            "trade_id": "8b5d3539-6a35-470b-bd1f-e57dc3fe5c4f",
            "ticker": "KXHIGHNY-25MAR03-B35.5",
            "count": 11,
            "created_time": "2025-03-03T17:46:47.992766Z",
            "yes_price": 16,
            "no_price": 84,
            "taker_side": "no"
        },
        {
            "trade_id": "89fa464b-fa1e-4728-aca1-5a174058b0dc",
            "ticker": "KXHIGHNY-25MAR03-B35.5",
            "count": 46,
            "created_time": "2025-03-03T17:46:47.992766Z",
            "yes_price": 27,
            "no_price": 73,
            "taker_side": "no"
        },
        {
            "trade_id": "72077915-e3e5-47ce-b52f-dd6c15e01a9a",
            "ticker": "KXHIGHNY-25MAR03-B35.5",
            "count": 50,
            "created_time": "2025-03-03T17:42:28.018333Z",
            "yes_price": 45,
            "no_price": 55,
            "taker_side": "no"
        },
        {
            "trade_id": "4755d8c3-0dc6-43c4-80e8-282c49fa2a11",
            "ticker": "KXHIGHNY-25MAR03-B35.5",
            "count": 13,
            "created_time": "2025-03-03T17:42:09.907041Z",
            "yes_price": 48,
            "no_price": 52,
            "taker_side": "no"
        },
        {
            "trade_id": "4c823e44-45b6-43e6-9ad8-7ecb0572ecad",
            "ticker": "KXHIGHNY-25MAR03-B35.5",
            "count": 11,
            "created_time": "2025-03-03T17:41:44.602693Z",
            "yes_price": 47,
            "no_price": 53,
            "taker_side": "no"
        },
        {
            "trade_id": "e3647071-fdf5-4847-b0ea-820db24ad385",
            "ticker": "KXHIGHNY-25MAR03-B35.5",
            "count": 16,
            "created_time": "2025-03-03T17:41:11.617553Z",
            "yes_price": 47,
            "no_price": 53,
            "taker_side": "no"
        },
        {
            "trade_id": "e1aa984f-23e5-4d06-9e21-7c9ab6f657c0",
            "ticker": "KXHIGHNY-25MAR03-B35.5",
            "count": 14,
            "created_time": "2025-03-03T17:40:42.553243Z",
            "yes_price": 46,
            "no_price": 54,
            "taker_side": "no"
        },
        {
            "trade_id": "daf77133-22a4-48d4-8e45-d93e756b4d81",
            "ticker": "KXHIGHNY-25MAR03-B35.5",
            "count": 17,
            "created_time": "2025-03-03T17:40:42.38422Z",
            "yes_price": 46,
            "no_price": 54,
            "taker_side": "no"
        },
        {
            "trade_id": "2798ac85-b31b-44ea-92ed-34017f5f65c4",
            "ticker": "KXHIGHNY-25MAR03-B35.5",
            "count": 17,
            "created_time": "2025-03-03T17:40:40.065801Z",
            "yes_price": 46,
            "no_price": 54,
            "taker_side": "no"
        },
        {
            "trade_id": "ce7f1e80-8113-44eb-9d33-8e9549b3ee16",
            "ticker": "KXHIGHNY-25MAR03-B35.5",
            "count": 27,
            "created_time": "2025-03-03T17:40:29.496542Z",
            "yes_price": 46,
            "no_price": 54,
            "taker_side": "yes"
        },
        {
            "trade_id": "9adf0237-de22-47a7-8ff1-ba47f9751bc0",
            "ticker": "KXHIGHNY-25MAR03-B35.5",
            "count": 100,
            "created_time": "2025-03-03T17:40:17.900813Z",
            "yes_price": 44,
            "no_price": 56,
            "taker_side": "yes"
        },
        {
            "trade_id": "c77549c3-0ce6-421f-b2ae-b93366ba4ff8",
            "ticker": "KXHIGHNY-25MAR03-B35.5",
            "count": 24,
            "created_time": "2025-03-03T17:40:07.504071Z",
            "yes_price": 43,
            "no_price": 57,
            "taker_side": "yes"
        },
        {
            "trade_id": "a6e77780-f1db-4116-bb19-431255a800f6",
            "ticker": "KXHIGHNY-25MAR03-B35.5",
            "count": 20,
            "created_time": "2025-03-03T17:40:07.504071Z",
            "yes_price": 43,
            "no_price": 57,
            "taker_side": "yes"
        },
        {
            "trade_id": "d6e26d0e-ab19-410b-90c2-701023270254",
            "ticker": "KXHIGHNY-25MAR03-B35.5",
            "count": 33,
            "created_time": "2025-03-03T17:39:30.203527Z",
            "yes_price": 40,
            "no_price": 60,
            "taker_side": "no"
        },
        {
            "trade_id": "f3b958ad-5fbe-4a7c-9dcd-594805ba773c",
            "ticker": "KXHIGHNY-25MAR03-B35.5",
            "count": 25,
            "created_time": "2025-03-03T17:39:11.085377Z",
            "yes_price": 38,
            "no_price": 62,
            "taker_side": "no"
        },
        {
            "trade_id": "c5fe6506-e264-497c-b336-8e30184f3dfa",
            "ticker": "KXHIGHNY-25MAR03-B35.5",
            "count": 14,
            "created_time": "2025-03-03T17:39:09.59597Z",
            "yes_price": 38,
            "no_price": 62,
            "taker_side": "no"
        },
        {
            "trade_id": "8f1d850b-6893-48f9-9ee1-122df29c9fba",
            "ticker": "KXHIGHNY-25MAR03-B35.5",
            "count": 132,
            "created_time": "2025-03-03T17:38:13.006634Z",
            "yes_price": 36,
            "no_price": 64,
            "taker_side": "no"
        },
        {
            "trade_id": "dc92727c-ee2b-4caa-9f96-af556af93207",
            "ticker": "KXHIGHNY-25MAR03-B35.5",
            "count": 14,
            "created_time": "2025-03-03T17:38:12.905236Z",
            "yes_price": 36,
            "no_price": 64,
            "taker_side": "yes"
        },
        {
            "trade_id": "e2417f12-b097-4292-89d9-d0ee1e70fbf1",
            "ticker": "KXHIGHNY-25MAR03-B35.5",
            "count": 157,
            "created_time": "2025-03-03T17:37:36.039365Z",
            "yes_price": 35,
            "no_price": 65,
            "taker_side": "no"
        },
        {
            "trade_id": "18fe1b9b-93bb-4e5c-9bb1-7da7777cf40c",
            "ticker": "KXHIGHNY-25MAR03-B35.5",
            "count": 63,
            "created_time": "2025-03-03T17:37:17.640019Z",
            "yes_price": 34,
            "no_price": 66,
            "taker_side": "no"
        },
        {
            "trade_id": "aa6fb0c2-fa40-465e-8bad-8408a00fadbe",
            "ticker": "KXHIGHNY-25MAR03-B35.5",
            "count": 99,
            "created_time": "2025-03-03T17:37:14.065216Z",
            "yes_price": 34,
            "no_price": 66,
            "taker_side": "no"
        },
        {
            "trade_id": "ac7d5b51-8319-4c5e-a1e5-3f2221dc9f35",
            "ticker": "KXHIGHNY-25MAR03-B35.5",
            "count": 13,
            "created_time": "2025-03-03T17:37:12.615531Z",
            "yes_price": 34,
            "no_price": 66,
            "taker_side": "no"
        },
        {
            "trade_id": "26baebdd-6d84-49d8-b641-f4db30b4467f",
            "ticker": "KXHIGHNY-25MAR03-B35.5",
            "count": 11,
            "created_time": "2025-03-03T17:37:11.150832Z",
            "yes_price": 34,
            "no_price": 66,
            "taker_side": "no"
        },
        {
            "trade_id": "f3f88b5e-c29a-4f68-8f0a-0abd9cd65989",
            "ticker": "KXHIGHNY-25MAR03-B35.5",
            "count": 20,
            "created_time": "2025-03-03T17:36:47.573295Z",
            "yes_price": 33,
            "no_price": 67,
            "taker_side": "no"
        },
        {
            "trade_id": "796e89b9-643f-4404-9755-7552207a5c02",
            "ticker": "KXHIGHNY-25MAR03-B35.5",
            "count": 13,
            "created_time": "2025-03-03T17:36:47.498098Z",
            "yes_price": 33,
            "no_price": 67,
            "taker_side": "yes"
        },
        {
            "trade_id": "8bcd7b9c-8a3b-4962-a6b1-c15f9ad37030",
            "ticker": "KXHIGHNY-25MAR03-B35.5",
            "count": 12,
            "created_time": "2025-03-03T17:33:56.444826Z",
            "yes_price": 31,
            "no_price": 69,
            "taker_side": "yes"
        },
        {
            "trade_id": "f8de99aa-e0c7-479d-a7e9-fe5caa1783ad",
            "ticker": "KXHIGHNY-25MAR03-B35.5",
            "count": 15,
            "created_time": "2025-03-03T17:33:23.652909Z",
            "yes_price": 30,
            "no_price": 70,
            "taker_side": "no"
        },
        {
            "trade_id": "730e6772-a783-4f09-8cc6-c4924134bfd7",
            "ticker": "KXHIGHNY-25MAR03-B35.5",
            "count": 15,
            "created_time": "2025-03-03T17:33:04.644034Z",
            "yes_price": 30,
            "no_price": 70,
            "taker_side": "no"
        },
        {
            "trade_id": "3878e3d0-1694-4f5f-baf1-3eb5855475da",
            "ticker": "KXHIGHNY-25MAR03-B35.5",
            "count": 10,
            "created_time": "2025-03-03T17:33:04.498009Z",
            "yes_price": 30,
            "no_price": 70,
            "taker_side": "no"
        },
        {
            "trade_id": "6d318b5d-be48-45b7-b84f-a08d9b3a4933",
            "ticker": "KXHIGHNY-25MAR03-B35.5",
            "count": 39,
            "created_time": "2025-03-03T17:33:03.708806Z",
            "yes_price": 30,
            "no_price": 70,
            "taker_side": "no"
        },
        {
            "trade_id": "687c8fda-e847-45fe-b1c3-1dbd07b97e57",
            "ticker": "KXHIGHNY-25MAR03-B35.5",
            "count": 97,
            "created_time": "2025-03-03T17:31:40.566625Z",
            "yes_price": 30,
            "no_price": 70,
            "taker_side": "no"
        },
        {
            "trade_id": "214b1586-c017-41c9-9abc-43c302fa0084",
            "ticker": "KXHIGHNY-25MAR03-B35.5",
            "count": 99,
            "created_time": "2025-03-03T17:31:39.717508Z",
            "yes_price": 30,
            "no_price": 70,
            "taker_side": "no"
        },
        {
            "trade_id": "28a663cf-f15c-4dc4-8811-7a56505c10f6",
            "ticker": "KXHIGHNY-25MAR03-B35.5",
            "count": 87,
            "created_time": "2025-03-03T17:31:14.775485Z",
            "yes_price": 29,
            "no_price": 71,
            "taker_side": "no"
        },
        {
            "trade_id": "0377ebc0-d1ed-40a6-968a-b2660d3b84e3",
            "ticker": "KXHIGHNY-25MAR03-B35.5",
            "count": 12,
            "created_time": "2025-03-03T17:31:14.709287Z",
            "yes_price": 29,
            "no_price": 71,
            "taker_side": "yes"
        },
        {
            "trade_id": "22bac9ef-7efe-408b-b781-284335384dab",
            "ticker": "KXHIGHNY-25MAR03-B35.5",
            "count": 200,
            "created_time": "2025-03-03T17:30:48.742398Z",
            "yes_price": 28,
            "no_price": 72,
            "taker_side": "no"
        },
        {
            "trade_id": "327029cc-5a4b-46cc-91fb-175e4fecc676",
            "ticker": "KXHIGHNY-25MAR03-B35.5",
            "count": 30,
            "created_time": "2025-03-03T17:30:06.685842Z",
            "yes_price": 28,
            "no_price": 72,
            "taker_side": "no"
        },
        {
            "trade_id": "c720b456-bc03-460b-805a-0726d08b0f6c",
            "ticker": "KXHIGHNY-25MAR03-B35.5",
            "count": 50,
            "created_time": "2025-03-03T17:30:06.144832Z",
            "yes_price": 28,
            "no_price": 72,
            "taker_side": "no"
        },
        {
            "trade_id": "05b104c3-126b-42e6-9843-2ab64a2dc676",
            "ticker": "KXHIGHNY-25MAR03-B35.5",
            "count": 20,
            "created_time": "2025-03-03T17:29:57.274454Z",
            "yes_price": 28,
            "no_price": 72,
            "taker_side": "no"
        },
        {
            "trade_id": "e7123bde-88b3-4536-b6c6-a653f1d39498",
            "ticker": "KXHIGHNY-25MAR03-B35.5",
            "count": 96,
            "created_time": "2025-03-03T17:29:40.531639Z",
            "yes_price": 28,
            "no_price": 72,
            "taker_side": "no"
        },
        {
            "trade_id": "d3f2faf2-6b6a-4afe-812d-72b66b8aed57",
            "ticker": "KXHIGHNY-25MAR03-B35.5",
            "count": 19,
            "created_time": "2025-03-03T17:29:40.531639Z",
            "yes_price": 29,
            "no_price": 71,
            "taker_side": "no"
        },
        {
            "trade_id": "7eed7e39-ebaa-4692-bef6-d35a146b5c57",
            "ticker": "KXHIGHNY-25MAR03-B35.5",
            "count": 30,
            "created_time": "2025-03-03T17:29:38.528011Z",
            "yes_price": 28,
            "no_price": 72,
            "taker_side": "no"
        },
        {
            "trade_id": "2add992d-59e6-4a06-8dd3-ffb0094cc259",
            "ticker": "KXHIGHNY-25MAR03-B35.5",
            "count": 5,
            "created_time": "2025-03-03T17:28:44.462909Z",
            "yes_price": 28,
            "no_price": 72,
            "taker_side": "no"
        },
        {
            "trade_id": "0c481934-7339-40cf-989d-389a54bbbb18",
            "ticker": "KXHIGHNY-25MAR03-B35.5",
            "count": 15,
            "created_time": "2025-03-03T17:28:39.271347Z",
            "yes_price": 27,
            "no_price": 73,
            "taker_side": "no"
        },
        {
            "trade_id": "9085dadb-6ab7-4b2a-be23-f576d70ff500",
            "ticker": "KXHIGHNY-25MAR03-B35.5",
            "count": 24,
            "created_time": "2025-03-03T17:28:39.040883Z",
            "yes_price": 33,
            "no_price": 67,
            "taker_side": "yes"
        },
        {
            "trade_id": "b2b28089-3a44-4eb6-8164-29367cd80396",
            "ticker": "KXHIGHNY-25MAR03-B35.5",
            "count": 10,
            "created_time": "2025-03-03T17:28:34.358774Z",
            "yes_price": 26,
            "no_price": 74,
            "taker_side": "no"
        },
        {
            "trade_id": "b60000b9-e90b-405b-a6e8-640680770a7b",
            "ticker": "KXHIGHNY-25MAR03-B35.5",
            "count": 59,
            "created_time": "2025-03-03T17:28:29.712877Z",
            "yes_price": 26,
            "no_price": 74,
            "taker_side": "no"
        },
        {
            "trade_id": "88911930-b68b-4149-ac44-40fbbc27030e",
            "ticker": "KXHIGHNY-25MAR03-B35.5",
            "count": 25,
            "created_time": "2025-03-03T17:28:29.712877Z",
            "yes_price": 26,
            "no_price": 74,
            "taker_side": "no"
        },
        {
            "trade_id": "5084de98-1a76-4184-be7b-c4601c0ae3b1",
            "ticker": "KXHIGHNY-25MAR03-B35.5",
            "count": 11,
            "created_time": "2025-03-03T17:28:11.95944Z",
            "yes_price": 25,
            "no_price": 75,
            "taker_side": "no"
        },
        {
            "trade_id": "4592ccf8-4a99-4c39-91e9-0bf9197ee753",
            "ticker": "KXHIGHNY-25MAR03-B35.5",
            "count": 11,
            "created_time": "2025-03-03T17:27:10.075883Z",
            "yes_price": 23,
            "no_price": 77,
            "taker_side": "no"
        },
        {
            "trade_id": "08f824de-bd90-4f88-bfe9-9cc920e848dd",
            "ticker": "KXHIGHNY-25MAR03-B35.5",
            "count": 2,
            "created_time": "2025-03-03T17:26:47.915993Z",
            "yes_price": 23,
            "no_price": 77,
            "taker_side": "no"
        },
        {
            "trade_id": "a75f147e-4a08-4015-94be-5734243f8b6a",
            "ticker": "KXHIGHNY-25MAR03-B35.5",
            "count": 10,
            "created_time": "2025-03-03T17:26:11.228828Z",
            "yes_price": 22,
            "no_price": 78,
            "taker_side": "no"
        },
        {
            "trade_id": "691f8b4a-a720-4b44-be64-c85dfbfbcf43",
            "ticker": "KXHIGHNY-25MAR03-B35.5",
            "count": 24,
            "created_time": "2025-03-03T17:25:42.659717Z",
            "yes_price": 26,
            "no_price": 74,
            "taker_side": "yes"
        },
        {
            "trade_id": "da3b0962-a951-47e8-8a23-8328530763cf",
            "ticker": "KXHIGHNY-25MAR03-B35.5",
            "count": 12,
            "created_time": "2025-03-03T17:25:29.576861Z",
            "yes_price": 19,
            "no_price": 81,
            "taker_side": "no"
        },
        {
            "trade_id": "0633195a-aef1-4f49-b2cd-5e54b15f6288",
            "ticker": "KXHIGHNY-25MAR03-B35.5",
            "count": 3,
            "created_time": "2025-03-03T17:25:04.419639Z",
            "yes_price": 19,
            "no_price": 81,
            "taker_side": "no"
        },
        {
            "trade_id": "5fd9a361-0fb8-4ce4-a5dd-0b44de2b33ec",
            "ticker": "KXHIGHNY-25MAR03-B35.5",
            "count": 5,
            "created_time": "2025-03-03T17:24:38.098075Z",
            "yes_price": 17,
            "no_price": 83,
            "taker_side": "no"
        },
        {
            "trade_id": "2d2dc3b8-8e40-4095-959a-22689c53c571",
            "ticker": "KXHIGHNY-25MAR03-B35.5",
            "count": 9,
            "created_time": "2025-03-03T17:24:12.219674Z",
            "yes_price": 16,
            "no_price": 84,
            "taker_side": "no"
        },
        {
            "trade_id": "69699c6d-c468-4bfd-b0c9-4b3e4a291072",
            "ticker": "KXHIGHNY-25MAR03-B35.5",
            "count": 5,
            "created_time": "2025-03-03T17:24:11.799376Z",
            "yes_price": 16,
            "no_price": 84,
            "taker_side": "no"
        },
        {
            "trade_id": "2ceea6c7-3023-4756-b5b3-3cf36fcd2327",
            "ticker": "KXHIGHNY-25MAR03-B35.5",
            "count": 40,
            "created_time": "2025-03-03T17:24:10.792301Z",
            "yes_price": 15,
            "no_price": 85,
            "taker_side": "no"
        },
        {
            "trade_id": "ec697cfa-8cfd-4f18-853a-9646b359d9ee",
            "ticker": "KXHIGHNY-25MAR03-B35.5",
            "count": 9,
            "created_time": "2025-03-03T17:23:27.798399Z",
            "yes_price": 15,
            "no_price": 85,
            "taker_side": "yes"
        },
        {
            "trade_id": "fbfe4fed-5679-45ef-9f33-0c5f0a6e780d",
            "ticker": "KXHIGHNY-25MAR03-B35.5",
            "count": 36,
            "created_time": "2025-03-03T17:18:35.459223Z",
            "yes_price": 24,
            "no_price": 76,
            "taker_side": "yes"
        },
        {
            "trade_id": "f46187ae-03ca-4def-a6b9-16fa998e831d",
            "ticker": "KXHIGHNY-25MAR03-B35.5",
            "count": 371,
            "created_time": "2025-03-03T17:18:35.459223Z",
            "yes_price": 22,
            "no_price": 78,
            "taker_side": "yes"
        },
        {
            "trade_id": "d401bfe2-386c-4dc3-80e7-3efbbd9b4be3",
            "ticker": "KXHIGHNY-25MAR03-B35.5",
            "count": 150,
            "created_time": "2025-03-03T17:18:35.459223Z",
            "yes_price": 25,
            "no_price": 75,
            "taker_side": "yes"
        },
        {
            "trade_id": "d30e1db8-a0b3-4c1b-be0c-20dd54f29aea",
            "ticker": "KXHIGHNY-25MAR03-B35.5",
            "count": 11,
            "created_time": "2025-03-03T17:18:35.459223Z",
            "yes_price": 21,
            "no_price": 79,
            "taker_side": "yes"
        },
        {
            "trade_id": "c9d5e195-b719-4129-a907-cada0fd92b9e",
            "ticker": "KXHIGHNY-25MAR03-B35.5",
            "count": 34,
            "created_time": "2025-03-03T17:18:35.459223Z",
            "yes_price": 21,
            "no_price": 79,
            "taker_side": "yes"
        },
        {
            "trade_id": "aee7fdeb-651d-4e4f-93d7-90b1b274138c",
            "ticker": "KXHIGHNY-25MAR03-B35.5",
            "count": 20,
            "created_time": "2025-03-03T17:18:35.459223Z",
            "yes_price": 30,
            "no_price": 70,
            "taker_side": "yes"
        },
        {
            "trade_id": "5f91472a-c891-4ddd-a60d-bd59090ffeb1",
            "ticker": "KXHIGHNY-25MAR03-B35.5",
            "count": 49,
            "created_time": "2025-03-03T17:18:35.459223Z",
            "yes_price": 11,
            "no_price": 89,
            "taker_side": "yes"
        },
        {
            "trade_id": "4c219165-64e0-4582-adb3-7e5dbad37511",
            "ticker": "KXHIGHNY-25MAR03-B35.5",
            "count": 11,
            "created_time": "2025-03-03T17:18:35.459223Z",
            "yes_price": 54,
            "no_price": 46,
            "taker_side": "yes"
        },
        {
            "trade_id": "35cb7ab7-5dd7-42fa-83f4-57c4c8e14a2f",
            "ticker": "KXHIGHNY-25MAR03-B35.5",
            "count": 11,
            "created_time": "2025-03-03T17:18:35.459223Z",
            "yes_price": 20,
            "no_price": 80,
            "taker_side": "yes"
        },
        {
            "trade_id": "28f63a54-3a4d-4cf1-93d1-9c2ee64c4d09",
            "ticker": "KXHIGHNY-25MAR03-B35.5",
            "count": 11,
            "created_time": "2025-03-03T17:18:35.459223Z",
            "yes_price": 53,
            "no_price": 47,
            "taker_side": "yes"
        },
        {
            "trade_id": "1b083812-cdcb-41f9-90b3-e2a5bfa01203",
            "ticker": "KXHIGHNY-25MAR03-B35.5",
            "count": 15,
            "created_time": "2025-03-03T17:18:35.459223Z",
            "yes_price": 54,
            "no_price": 46,
            "taker_side": "yes"
        },
        {
            "trade_id": "10ee2d94-ff45-4ea1-aeb0-c85a5182de7a",
            "ticker": "KXHIGHNY-25MAR03-B35.5",
            "count": 9,
            "created_time": "2025-03-03T17:18:35.459223Z",
            "yes_price": 14,
            "no_price": 86,
            "taker_side": "yes"
        },
        {
            "trade_id": "074fcb14-ff44-4091-b6b9-0693b2b16bce",
            "ticker": "KXHIGHNY-25MAR03-B35.5",
            "count": 24,
            "created_time": "2025-03-03T17:18:35.459223Z",
            "yes_price": 24,
            "no_price": 76,
            "taker_side": "yes"
        },
        {
            "trade_id": "d7589ca8-9a11-46d2-adde-658e8b1cc284",
            "ticker": "KXHIGHNY-25MAR03-B35.5",
            "count": 10,
            "created_time": "2025-03-03T17:15:52.368862Z",
            "yes_price": 11,
            "no_price": 89,
            "taker_side": "yes"
        },
        {
            "trade_id": "94f83102-8aa3-42d7-a333-70d455faec9d",
            "ticker": "KXHIGHNY-25MAR03-B35.5",
            "count": 50,
            "created_time": "2025-03-03T17:14:09.120826Z",
            "yes_price": 2,
            "no_price": 98,
            "taker_side": "no"
        },
        {
            "trade_id": "c2842e4b-0eba-4926-8a37-d7547e2d39d5",
            "ticker": "KXHIGHNY-25MAR03-B35.5",
            "count": 15,
            "created_time": "2025-03-03T17:10:45.056824Z",
            "yes_price": 11,
            "no_price": 89,
            "taker_side": "yes"
        },
        {
            "trade_id": "fc205364-4a10-4b2a-a89a-baf1941e3f82",
            "ticker": "KXHIGHNY-25MAR03-B35.5",
            "count": 9,
            "created_time": "2025-03-03T17:09:32.574004Z",
            "yes_price": 13,
            "no_price": 87,
            "taker_side": "yes"
        },
        {
            "trade_id": "cec51107-3305-41d0-a361-bbbe313042fb",
            "ticker": "KXHIGHNY-25MAR03-B35.5",
            "count": 1,
            "created_time": "2025-03-03T17:09:32.574004Z",
            "yes_price": 14,
            "no_price": 86,
            "taker_side": "yes"
        },
        {
            "trade_id": "cbda2030-5136-4f55-ae10-480deaa094a2",
            "ticker": "KXHIGHNY-25MAR03-B35.5",
            "count": 16,
            "created_time": "2025-03-03T17:09:32.574004Z",
            "yes_price": 21,
            "no_price": 79,
            "taker_side": "yes"
        },
        {
            "trade_id": "cb51e20b-53a1-4802-b91c-d2af7cf28cad",
            "ticker": "KXHIGHNY-25MAR03-B35.5",
            "count": 200,
            "created_time": "2025-03-03T17:09:32.574004Z",
            "yes_price": 9,
            "no_price": 91,
            "taker_side": "yes"
        },
        {
            "trade_id": "a9a42c0c-cc39-4ef2-89d2-f251af3acfe0",
            "ticker": "KXHIGHNY-25MAR03-B35.5",
            "count": 99,
            "created_time": "2025-03-03T17:09:32.574004Z",
            "yes_price": 13,
            "no_price": 87,
            "taker_side": "yes"
        },
        {
            "trade_id": "a17ff87d-05dd-4688-a1f5-003f6b510518",
            "ticker": "KXHIGHNY-25MAR03-B35.5",
            "count": 600,
            "created_time": "2025-03-03T17:09:32.574004Z",
            "yes_price": 7,
            "no_price": 93,
            "taker_side": "yes"
        },
        {
            "trade_id": "9e102f75-d9ad-455c-943f-0b88870583d0",
            "ticker": "KXHIGHNY-25MAR03-B35.5",
            "count": 32,
            "created_time": "2025-03-03T17:09:32.574004Z",
            "yes_price": 8,
            "no_price": 92,
            "taker_side": "yes"
        },
        {
            "trade_id": "81b13bc7-5a30-4adf-8dd9-e06d7ea8ca9b",
            "ticker": "KXHIGHNY-25MAR03-B35.5",
            "count": 99,
            "created_time": "2025-03-03T17:09:32.574004Z",
            "yes_price": 6,
            "no_price": 94,
            "taker_side": "yes"
        },
        {
            "trade_id": "8072f4dd-1a6b-4644-be55-2f1e7bd8204a",
            "ticker": "KXHIGHNY-25MAR03-B35.5",
            "count": 500,
            "created_time": "2025-03-03T17:09:32.574004Z",
            "yes_price": 8,
            "no_price": 92,
            "taker_side": "yes"
        },
        {
            "trade_id": "73a9d6d5-a6b0-413c-9da5-e5e11e935a2b",
            "ticker": "KXHIGHNY-25MAR03-B35.5",
            "count": 300,
            "created_time": "2025-03-03T17:09:32.574004Z",
            "yes_price": 5,
            "no_price": 95,
            "taker_side": "yes"
        },
        {
            "trade_id": "6fe44833-4acf-4abe-bd67-083789f5faea",
            "ticker": "KXHIGHNY-25MAR03-B35.5",
            "count": 1,
            "created_time": "2025-03-03T17:09:32.574004Z",
            "yes_price": 11,
            "no_price": 89,
            "taker_side": "yes"
        },
        {
            "trade_id": "46de7240-f03d-40c2-8641-af70c2454dda",
            "ticker": "KXHIGHNY-25MAR03-B35.5",
            "count": 1,
            "created_time": "2025-03-03T17:09:32.574004Z",
            "yes_price": 13,
            "no_price": 87,
            "taker_side": "yes"
        },
        {
            "trade_id": "102f1dba-c678-4229-a218-1faa6388c9d0",
            "ticker": "KXHIGHNY-25MAR03-B35.5",
            "count": 429,
            "created_time": "2025-03-03T17:09:32.574004Z",
            "yes_price": 22,
            "no_price": 78,
            "taker_side": "yes"
        },
        {
            "trade_id": "502addc0-4fc7-4236-862a-5e8c13cd912b",
            "ticker": "KXHIGHNY-25MAR03-B35.5",
            "count": 11,
            "created_time": "2025-03-03T17:08:26.262268Z",
            "yes_price": 5,
            "no_price": 95,
            "taker_side": "yes"
        },
        {
            "trade_id": "26a5b225-9b77-4637-9855-9f3d1ba60e9d",
            "ticker": "KXHIGHNY-25MAR03-B35.5",
            "count": 68,
            "created_time": "2025-03-03T17:08:26.262268Z",
            "yes_price": 6,
            "no_price": 94,
            "taker_side": "yes"
        },
        {
            "trade_id": "ed810e4f-6e51-4263-95a2-6f207b8d7060",
            "ticker": "KXHIGHNY-25MAR03-B35.5",
            "count": 75,
            "created_time": "2025-03-03T17:06:48.92202Z",
            "yes_price": 6,
            "no_price": 94,
            "taker_side": "no"
        },
        {
            "trade_id": "a1675c5a-71b8-4154-964f-8d430f68b1f5",
            "ticker": "KXHIGHNY-25MAR03-B35.5",
            "count": 188,
            "created_time": "2025-03-03T17:06:48.92202Z",
            "yes_price": 5,
            "no_price": 95,
            "taker_side": "no"
        },
        {
            "trade_id": "9b73bba8-a5b3-46f8-9079-2a13b255fdf2",
            "ticker": "KXHIGHNY-25MAR03-B35.5",
            "count": 300,
            "created_time": "2025-03-03T17:06:48.92202Z",
            "yes_price": 2,
            "no_price": 98,
            "taker_side": "no"
        },
        {
            "trade_id": "8bfef68c-0e6a-4e1c-ab9a-4b44adbb7c57",
            "ticker": "KXHIGHNY-25MAR03-B35.5",
            "count": 100,
            "created_time": "2025-03-03T17:06:48.92202Z",
            "yes_price": 1,
            "no_price": 99,
            "taker_side": "no"
        },
        {
            "trade_id": "8be923ee-2dfb-4413-b781-b63869372428",
            "ticker": "KXHIGHNY-25MAR03-B35.5",
            "count": 200,
            "created_time": "2025-03-03T17:06:48.92202Z",
            "yes_price": 1,
            "no_price": 99,
            "taker_side": "no"
        },
        {
            "trade_id": "89eada60-b9b5-4790-96f9-6623111686c4",
            "ticker": "KXHIGHNY-25MAR03-B35.5",
            "count": 11,
            "created_time": "2025-03-03T17:06:48.92202Z",
            "yes_price": 3,
            "no_price": 97,
            "taker_side": "no"
        },
        {
            "trade_id": "43e03d9a-f9bb-41ee-921c-475ad6401f35",
            "ticker": "KXHIGHNY-25MAR03-B35.5",
            "count": 49,
            "created_time": "2025-03-03T17:06:48.92202Z",
            "yes_price": 1,
            "no_price": 99,
            "taker_side": "no"
        },
        {
            "trade_id": "3dcfbe6e-12aa-4695-b365-4e3a5f020586",
            "ticker": "KXHIGHNY-25MAR03-B35.5",
            "count": 95,
            "created_time": "2025-03-03T17:06:48.92202Z",
            "yes_price": 6,
            "no_price": 94,
            "taker_side": "no"
        },
        {
            "trade_id": "3728c3c3-f362-45b4-bc61-e3dba18b183d",
            "ticker": "KXHIGHNY-25MAR03-B35.5",
            "count": 50,
            "created_time": "2025-03-03T17:06:48.92202Z",
            "yes_price": 6,
            "no_price": 94,
            "taker_side": "no"
        },
        {
            "trade_id": "244c6f57-a5dd-451e-b20c-d284f7737246",
            "ticker": "KXHIGHNY-25MAR03-B35.5",
            "count": 99,
            "created_time": "2025-03-03T17:06:48.92202Z",
            "yes_price": 2,
            "no_price": 98,
            "taker_side": "no"
        },
        {
            "trade_id": "33cbf851-573f-4a38-8608-2ee7d39bb24c",
            "ticker": "KXHIGHNY-25MAR03-B35.5",
            "count": 11,
            "created_time": "2025-03-03T17:06:05.776883Z",
            "yes_price": 8,
            "no_price": 92,
            "taker_side": "yes"
        },
        {
            "trade_id": "7819701e-2d77-4c9e-a0c9-b500c88febad",
            "ticker": "KXHIGHNY-25MAR03-B35.5",
            "count": 50,
            "created_time": "2025-03-03T16:58:08.848326Z",
            "yes_price": 9,
            "no_price": 91,
            "taker_side": "yes"
        },
        {
            "trade_id": "3ed6eada-5ab9-4b98-b461-c7a7747f7beb",
            "ticker": "KXHIGHNY-25MAR03-B35.5",
            "count": 1,
            "created_time": "2025-03-03T16:58:08.848326Z",
            "yes_price": 10,
            "no_price": 90,
            "taker_side": "yes"
        },
        {
            "trade_id": "33e53a8f-01e1-4192-b180-3866c6f63503",
            "ticker": "KXHIGHNY-25MAR03-B35.5",
            "count": 5,
            "created_time": "2025-03-03T16:57:45.682249Z",
            "yes_price": 6,
            "no_price": 94,
            "taker_side": "no"
        },
        {
            "trade_id": "2c3b4d9b-fbda-431f-9bad-535a26348b3f",
            "ticker": "KXHIGHNY-25MAR03-B35.5",
            "count": 50,
            "created_time": "2025-03-03T16:47:50.301466Z",
            "yes_price": 8,
            "no_price": 92,
            "taker_side": "yes"
        },
        {
            "trade_id": "1c606265-a7a3-473c-86b5-d38a8e68511d",
            "ticker": "KXHIGHNY-25MAR03-B35.5",
            "count": 120,
            "created_time": "2025-03-03T16:25:59.472846Z",
            "yes_price": 7,
            "no_price": 93,
            "taker_side": "no"
        },
        {
            "trade_id": "a7810268-d1aa-48c7-a488-0413d5d8a8c1",
            "ticker": "KXHIGHNY-25MAR03-B35.5",
            "count": 198,
            "created_time": "2025-03-03T16:23:06.646499Z",
            "yes_price": 7,
            "no_price": 93,
            "taker_side": "no"
        },
        {
            "trade_id": "47f20638-60e6-45cf-ad17-be007d1120bd",
            "ticker": "KXHIGHNY-25MAR03-B35.5",
            "count": 11,
            "created_time": "2025-03-03T16:23:06.646499Z",
            "yes_price": 8,
            "no_price": 92,
            "taker_side": "no"
        },
        {
            "trade_id": "3755047f-a3b7-4e43-8d4a-5436c520863f",
            "ticker": "KXHIGHNY-25MAR03-B35.5",
            "count": 80,
            "created_time": "2025-03-03T16:23:06.646499Z",
            "yes_price": 7,
            "no_price": 93,
            "taker_side": "no"
        },
        {
            "trade_id": "c76d6fd3-e0f5-41ec-aced-161cd15ca765",
            "ticker": "KXHIGHNY-25MAR03-B35.5",
            "count": 6,
            "created_time": "2025-03-03T16:20:32.151862Z",
            "yes_price": 12,
            "no_price": 88,
            "taker_side": "yes"
        },
        {
            "trade_id": "a37936ad-e600-41ea-9cea-618195eaeafc",
            "ticker": "KXHIGHNY-25MAR03-B35.5",
            "count": 50,
            "created_time": "2025-03-03T16:20:32.151862Z",
            "yes_price": 9,
            "no_price": 91,
            "taker_side": "yes"
        },
        {
            "trade_id": "898b44ba-ed26-40fa-acc9-c95e4676ff38",
            "ticker": "KXHIGHNY-25MAR03-B35.5",
            "count": 2,
            "created_time": "2025-03-03T16:20:32.151862Z",
            "yes_price": 12,
            "no_price": 88,
            "taker_side": "yes"
        },
        {
            "trade_id": "3da1e30e-99ba-4dca-9af3-cdd205e5c5d3",
            "ticker": "KXHIGHNY-25MAR03-B35.5",
            "count": 11,
            "created_time": "2025-03-03T16:20:32.151862Z",
            "yes_price": 12,
            "no_price": 88,
            "taker_side": "yes"
        },
        {
            "trade_id": "1f9ccdf8-b82e-4b9e-b8c6-ad8f43d01a83",
            "ticker": "KXHIGHNY-25MAR03-B35.5",
            "count": 51,
            "created_time": "2025-03-03T16:15:42.601819Z",
            "yes_price": 9,
            "no_price": 91,
            "taker_side": "no"
        },
        {
            "trade_id": "78c9d16f-2cc9-4651-9218-9f803b504886",
            "ticker": "KXHIGHNY-25MAR03-B35.5",
            "count": 8,
            "created_time": "2025-03-03T16:14:25.819366Z",
            "yes_price": 10,
            "no_price": 90,
            "taker_side": "no"
        },
        {
            "trade_id": "2fafe395-8a22-4d92-847b-31ee104b8e83",
            "ticker": "KXHIGHNY-25MAR03-B35.5",
            "count": 49,
            "created_time": "2025-03-03T16:14:25.819366Z",
            "yes_price": 9,
            "no_price": 91,
            "taker_side": "no"
        },
        {
            "trade_id": "dac6f4bf-18a9-459c-aa53-3306780fdb2d",
            "ticker": "KXHIGHNY-25MAR03-B35.5",
            "count": 12,
            "created_time": "2025-03-03T16:14:25.572514Z",
            "yes_price": 14,
            "no_price": 86,
            "taker_side": "yes"
        },
        {
            "trade_id": "c1afdced-6c6b-4a33-96a2-eac81f78e897",
            "ticker": "KXHIGHNY-25MAR03-B35.5",
            "count": 1,
            "created_time": "2025-03-03T16:14:25.572514Z",
            "yes_price": 12,
            "no_price": 88,
            "taker_side": "yes"
        },
        {
            "trade_id": "e4888855-e34a-4cf8-b7a8-7619670ae8ba",
            "ticker": "KXHIGHNY-25MAR03-B35.5",
            "count": 4,
            "created_time": "2025-03-03T16:12:59.411419Z",
            "yes_price": 12,
            "no_price": 88,
            "taker_side": "yes"
        },
        {
            "trade_id": "c95cfb1a-200b-476b-9d62-df4986d2349c",
            "ticker": "KXHIGHNY-25MAR03-B35.5",
            "count": 66,
            "created_time": "2025-03-03T16:12:59.411419Z",
            "yes_price": 10,
            "no_price": 90,
            "taker_side": "yes"
        },
        {
            "trade_id": "c1ce0e92-a952-4669-bd49-37be600c4e74",
            "ticker": "KXHIGHNY-25MAR03-B35.5",
            "count": 8,
            "created_time": "2025-03-03T16:12:59.411419Z",
            "yes_price": 13,
            "no_price": 87,
            "taker_side": "yes"
        },
        {
            "trade_id": "67c7d3b1-0981-451b-b1cd-5b1e33be6376",
            "ticker": "KXHIGHNY-25MAR03-B35.5",
            "count": 100,
            "created_time": "2025-03-03T16:12:59.411419Z",
            "yes_price": 11,
            "no_price": 89,
            "taker_side": "yes"
        },
        {
            "trade_id": "2dee42c6-449b-4916-889e-4eda091b323c",
            "ticker": "KXHIGHNY-25MAR03-B35.5",
            "count": 22,
            "created_time": "2025-03-03T16:12:59.411419Z",
            "yes_price": 12,
            "no_price": 88,
            "taker_side": "yes"
        },
        {
            "trade_id": "0eeb3a22-8a91-48b5-a7ec-acd33b7ac7d7",
            "ticker": "KXHIGHNY-25MAR03-B35.5",
            "count": 14,
            "created_time": "2025-03-03T16:12:59.411419Z",
            "yes_price": 12,
            "no_price": 88,
            "taker_side": "yes"
        },
        {
            "trade_id": "dc1bc4cc-7903-470b-bb9c-01cff38c990d",
            "ticker": "KXHIGHNY-25MAR03-B35.5",
            "count": 1,
            "created_time": "2025-03-03T16:12:01.111622Z",
            "yes_price": 7,
            "no_price": 93,
            "taker_side": "no"
        },
        {
            "trade_id": "3f9a8a31-2834-4ddc-adf4-94ffad0f95e1",
            "ticker": "KXHIGHNY-25MAR03-B35.5",
            "count": 1,
            "created_time": "2025-03-03T16:11:33.744442Z",
            "yes_price": 7,
            "no_price": 93,
            "taker_side": "no"
        },
        {
            "trade_id": "edb48b84-34cb-451e-8750-74bf3fac1c7a",
            "ticker": "KXHIGHNY-25MAR03-B35.5",
            "count": 49,
            "created_time": "2025-03-03T16:11:00.083517Z",
            "yes_price": 9,
            "no_price": 91,
            "taker_side": "no"
        },
        {
            "trade_id": "6a71e911-5a26-49f5-8f32-a9b7226643c3",
            "ticker": "KXHIGHNY-25MAR03-B35.5",
            "count": 84,
            "created_time": "2025-03-03T16:10:42.567197Z",
            "yes_price": 10,
            "no_price": 90,
            "taker_side": "yes"
        },
        {
            "trade_id": "7b4dde24-cf8a-4c8d-9297-30156f5aeab7",
            "ticker": "KXHIGHNY-25MAR03-B35.5",
            "count": 1,
            "created_time": "2025-03-03T16:09:08.792976Z",
            "yes_price": 9,
            "no_price": 91,
            "taker_side": "no"
        },
        {
            "trade_id": "6948ff72-25a8-45e9-a4bb-62e9c959b854",
            "ticker": "KXHIGHNY-25MAR03-B35.5",
            "count": 5,
            "created_time": "2025-03-03T16:03:56.365809Z",
            "yes_price": 8,
            "no_price": 92,
            "taker_side": "no"
        },
        {
            "trade_id": "f8921e85-7106-4396-bbf9-a206ac456cc5",
            "ticker": "KXHIGHNY-25MAR03-B35.5",
            "count": 9,
            "created_time": "2025-03-03T16:03:17.176079Z",
            "yes_price": 14,
            "no_price": 86,
            "taker_side": "yes"
        },
        {
            "trade_id": "e17951cc-2b94-419b-8941-68684596b14f",
            "ticker": "KXHIGHNY-25MAR03-B35.5",
            "count": 24,
            "created_time": "2025-03-03T16:03:17.176079Z",
            "yes_price": 13,
            "no_price": 87,
            "taker_side": "yes"
        },
        {
            "trade_id": "94cec2b6-ccf2-46f4-91ea-ad002faf3f78",
            "ticker": "KXHIGHNY-25MAR03-B35.5",
            "count": 4,
            "created_time": "2025-03-03T16:03:17.176079Z",
            "yes_price": 13,
            "no_price": 87,
            "taker_side": "yes"
        },
        {
            "trade_id": "512c9476-e087-4b89-872e-893181cc5f3b",
            "ticker": "KXHIGHNY-25MAR03-B35.5",
            "count": 31,
            "created_time": "2025-03-03T16:03:17.176079Z",
            "yes_price": 15,
            "no_price": 85,
            "taker_side": "yes"
        },
        {
            "trade_id": "0e6eb343-3922-4c8c-b327-fae3728330a4",
            "ticker": "KXHIGHNY-25MAR03-B35.5",
            "count": 99,
            "created_time": "2025-03-03T16:03:17.176079Z",
            "yes_price": 14,
            "no_price": 86,
            "taker_side": "yes"
        },
        {
            "trade_id": "5d5e785c-20e8-41fc-856d-97ac0b89114a",
            "ticker": "KXHIGHNY-25MAR03-B35.5",
            "count": 100,
            "created_time": "2025-03-03T16:03:05.095794Z",
            "yes_price": 8,
            "no_price": 92,
            "taker_side": "no"
        },
        {
            "trade_id": "ff5f20fd-80b1-4b2c-a6d2-85dbd70d6932",
            "ticker": "KXHIGHNY-25MAR03-B35.5",
            "count": 9,
            "created_time": "2025-03-03T16:01:59.90039Z",
            "yes_price": 9,
            "no_price": 91,
            "taker_side": "yes"
        },
        {
            "trade_id": "dde7488e-9522-4f16-9bc6-3abd2fc0521d",
            "ticker": "KXHIGHNY-25MAR03-B35.5",
            "count": 240,
            "created_time": "2025-03-03T16:01:59.90039Z",
            "yes_price": 13,
            "no_price": 87,
            "taker_side": "yes"
        },
        {
            "trade_id": "a53ff51f-3ffa-469b-9e47-a6bef522da18",
            "ticker": "KXHIGHNY-25MAR03-B35.5",
            "count": 31,
            "created_time": "2025-03-03T16:01:59.90039Z",
            "yes_price": 9,
            "no_price": 91,
            "taker_side": "yes"
        },
        {
            "trade_id": "78546058-002f-4faa-b8fd-868da063c403",
            "ticker": "KXHIGHNY-25MAR03-B35.5",
            "count": 99,
            "created_time": "2025-03-03T16:01:59.90039Z",
            "yes_price": 12,
            "no_price": 88,
            "taker_side": "yes"
        },
        {
            "trade_id": "5885a0af-8890-476a-9e3f-35fa48c227b9",
            "ticker": "KXHIGHNY-25MAR03-B35.5",
            "count": 240,
            "created_time": "2025-03-03T16:01:59.90039Z",
            "yes_price": 11,
            "no_price": 89,
            "taker_side": "yes"
        },
        {
            "trade_id": "2516efb3-aeb8-4508-ab0e-e11410ad9e3a",
            "ticker": "KXHIGHNY-25MAR03-B35.5",
            "count": 26,
            "created_time": "2025-03-03T16:01:59.90039Z",
            "yes_price": 9,
            "no_price": 91,
            "taker_side": "yes"
        },
        {
            "trade_id": "9eb846bf-d1d8-4756-9193-d6b0cf10b27f",
            "ticker": "KXHIGHNY-25MAR03-B35.5",
            "count": 150,
            "created_time": "2025-03-03T16:01:46.139104Z",
            "yes_price": 7,
            "no_price": 93,
            "taker_side": "no"
        },
        {
            "trade_id": "f6d694fa-4e95-4a61-b078-5b8545865102",
            "ticker": "KXHIGHNY-25MAR03-B35.5",
            "count": 28,
            "created_time": "2025-03-03T15:34:45.919011Z",
            "yes_price": 14,
            "no_price": 86,
            "taker_side": "no"
        },
        {
            "trade_id": "8e59b4d3-7721-4b0c-88cf-17a415ccefcb",
            "ticker": "KXHIGHNY-25MAR03-B35.5",
            "count": 25,
            "created_time": "2025-03-03T15:34:40.352828Z",
            "yes_price": 13,
            "no_price": 87,
            "taker_side": "yes"
        },
        {
            "trade_id": "637fb45f-fc6c-46f8-bbd4-bb39147197e9",
            "ticker": "KXHIGHNY-25MAR03-B35.5",
            "count": 36,
            "created_time": "2025-03-03T15:34:40.352828Z",
            "yes_price": 13,
            "no_price": 87,
            "taker_side": "yes"
        },
        {
            "trade_id": "45a15867-7c73-469f-8903-0248e29de2ca",
            "ticker": "KXHIGHNY-25MAR03-B35.5",
            "count": 1,
            "created_time": "2025-03-03T15:34:40.352828Z",
            "yes_price": 13,
            "no_price": 87,
            "taker_side": "yes"
        },
        {
            "trade_id": "35d7ef73-6c4f-4727-8454-2e23a9898735",
            "ticker": "KXHIGHNY-25MAR03-B35.5",
            "count": 10,
            "created_time": "2025-03-03T15:34:40.352828Z",
            "yes_price": 14,
            "no_price": 86,
            "taker_side": "yes"
        },
        {
            "trade_id": "c15fdf79-f5ed-4349-8a41-385159adc5e5",
            "ticker": "KXHIGHNY-25MAR03-B35.5",
            "count": 10,
            "created_time": "2025-03-03T15:29:14.650081Z",
            "yes_price": 8,
            "no_price": 92,
            "taker_side": "no"
        },
        {
            "trade_id": "92e350cb-eb84-48f6-964f-32e7096290de",
            "ticker": "KXHIGHNY-25MAR03-B35.5",
            "count": 61,
            "created_time": "2025-03-03T15:29:14.650081Z",
            "yes_price": 6,
            "no_price": 94,
            "taker_side": "no"
        },
        {
            "trade_id": "89e0cdfd-34c2-4597-8ada-7724be32f50f",
            "ticker": "KXHIGHNY-25MAR03-B35.5",
            "count": 3,
            "created_time": "2025-03-03T15:28:26.427837Z",
            "yes_price": 8,
            "no_price": 92,
            "taker_side": "no"
        },
        {
            "trade_id": "fbff8c12-3b4d-45e0-8944-1f48f23e4ee2",
            "ticker": "KXHIGHNY-25MAR03-B35.5",
            "count": 100,
            "created_time": "2025-03-03T15:24:48.246025Z",
            "yes_price": 8,
            "no_price": 92,
            "taker_side": "no"
        },
        {
            "trade_id": "76d438f9-d451-46bb-b57b-a3bce3f15d67",
            "ticker": "KXHIGHNY-25MAR03-B35.5",
            "count": 8,
            "created_time": "2025-03-03T15:24:48.246025Z",
            "yes_price": 8,
            "no_price": 92,
            "taker_side": "no"
        },
        {
            "trade_id": "8884446d-23f7-419d-91da-f2bca3fca615",
            "ticker": "KXHIGHNY-25MAR03-B35.5",
            "count": 40,
            "created_time": "2025-03-03T15:24:34.740924Z",
            "yes_price": 13,
            "no_price": 87,
            "taker_side": "yes"
        },
        {
            "trade_id": "1b82c5cd-b6c5-473b-969a-3b99f6f4ee28",
            "ticker": "KXHIGHNY-25MAR03-B35.5",
            "count": 119,
            "created_time": "2025-03-03T15:24:34.740924Z",
            "yes_price": 13,
            "no_price": 87,
            "taker_side": "yes"
        },
        {
            "trade_id": "da31a2de-baba-4a4c-aef2-49e4302edb04",
            "ticker": "KXHIGHNY-25MAR03-B35.5",
            "count": 58,
            "created_time": "2025-03-03T15:24:17.059338Z",
            "yes_price": 12,
            "no_price": 88,
            "taker_side": "yes"
        },
        {
            "trade_id": "fab73b51-ba7c-41dc-b569-ae1715d26685",
            "ticker": "KXHIGHNY-25MAR03-B35.5",
            "count": 27,
            "created_time": "2025-03-03T15:24:01.766104Z",
            "yes_price": 7,
            "no_price": 93,
            "taker_side": "no"
        },
        {
            "trade_id": "f78d729c-02de-4760-85f2-b9fe5cd14da3",
            "ticker": "KXHIGHNY-25MAR03-B35.5",
            "count": 1,
            "created_time": "2025-03-03T15:24:01.766104Z",
            "yes_price": 6,
            "no_price": 94,
            "taker_side": "no"
        },
        {
            "trade_id": "e492a1d4-732d-4721-9058-480196ed9e64",
            "ticker": "KXHIGHNY-25MAR03-B35.5",
            "count": 2,
            "created_time": "2025-03-03T15:24:01.766104Z",
            "yes_price": 5,
            "no_price": 95,
            "taker_side": "no"
        },
        {
            "trade_id": "8ee51be4-7793-4970-ad19-5260a671d79f",
            "ticker": "KXHIGHNY-25MAR03-B35.5",
            "count": 1,
            "created_time": "2025-03-03T15:24:01.766104Z",
            "yes_price": 6,
            "no_price": 94,
            "taker_side": "no"
        },
        {
            "trade_id": "56ce83b5-f694-42f6-9509-3f9722ac524f",
            "ticker": "KXHIGHNY-25MAR03-B35.5",
            "count": 31,
            "created_time": "2025-03-03T15:24:01.766104Z",
            "yes_price": 7,
            "no_price": 93,
            "taker_side": "no"
        },
        {
            "trade_id": "04f503f4-1a34-40e7-a234-7ccc835e455b",
            "ticker": "KXHIGHNY-25MAR03-B35.5",
            "count": 44,
            "created_time": "2025-03-03T15:24:01.766104Z",
            "yes_price": 8,
            "no_price": 92,
            "taker_side": "no"
        },
        {
            "trade_id": "e580e63c-8051-4a8b-b438-e37dc6b3db61",
            "ticker": "KXHIGHNY-25MAR03-B35.5",
            "count": 27,
            "created_time": "2025-03-03T15:23:54.389055Z",
            "yes_price": 12,
            "no_price": 88,
            "taker_side": "yes"
        },
        {
            "trade_id": "3897f184-6778-407c-b368-aa7ef1db3aab",
            "ticker": "KXHIGHNY-25MAR03-B35.5",
            "count": 5,
            "created_time": "2025-03-03T15:23:54.389055Z",
            "yes_price": 12,
            "no_price": 88,
            "taker_side": "yes"
        },
        {
            "trade_id": "c586919d-e5d8-4493-8c18-0f3d492931d9",
            "ticker": "KXHIGHNY-25MAR03-B35.5",
            "count": 5,
            "created_time": "2025-03-03T15:23:38.500618Z",
            "yes_price": 7,
            "no_price": 93,
            "taker_side": "yes"
        },
        {
            "trade_id": "db539b6f-38d6-4410-bc21-992e72ebb0ca",
            "ticker": "KXHIGHNY-25MAR03-B35.5",
            "count": 3,
            "created_time": "2025-03-03T15:20:07.976702Z",
            "yes_price": 11,
            "no_price": 89,
            "taker_side": "yes"
        },
        {
            "trade_id": "b6978248-6fd7-44e9-8a45-d83b9f970fd0",
            "ticker": "KXHIGHNY-25MAR03-B35.5",
            "count": 10,
            "created_time": "2025-03-03T15:20:07.976702Z",
            "yes_price": 11,
            "no_price": 89,
            "taker_side": "yes"
        },
        {
            "trade_id": "64666fbd-e90b-48ea-a25f-983ff167c3f1",
            "ticker": "KXHIGHNY-25MAR03-B35.5",
            "count": 32,
            "created_time": "2025-03-03T15:20:07.976702Z",
            "yes_price": 11,
            "no_price": 89,
            "taker_side": "yes"
        },
        {
            "trade_id": "1aa77a5a-b5ee-4207-bd54-9ab77ddd3e6d",
            "ticker": "KXHIGHNY-25MAR03-B35.5",
            "count": 70,
            "created_time": "2025-03-03T15:20:07.976702Z",
            "yes_price": 13,
            "no_price": 87,
            "taker_side": "yes"
        },
        {
            "trade_id": "cff72f2c-fca1-4c5a-a2ed-4af2f320db86",
            "ticker": "KXHIGHNY-25MAR03-B35.5",
            "count": 14,
            "created_time": "2025-03-03T15:17:12.489982Z",
            "yes_price": 6,
            "no_price": 94,
            "taker_side": "no"
        },
        {
            "trade_id": "3a0c403f-5177-4274-aa9c-737f0bf264ef",
            "ticker": "KXHIGHNY-25MAR03-B35.5",
            "count": 1,
            "created_time": "2025-03-03T14:39:04.534392Z",
            "yes_price": 11,
            "no_price": 89,
            "taker_side": "yes"
        },
        {
            "trade_id": "271d904c-5420-426a-895b-c968510741c6",
            "ticker": "KXHIGHNY-25MAR03-B35.5",
            "count": 4,
            "created_time": "2025-03-03T14:35:31.624093Z",
            "yes_price": 11,
            "no_price": 89,
            "taker_side": "yes"
        },
        {
            "trade_id": "a8176b77-919f-44b7-a835-867699fab19a",
            "ticker": "KXHIGHNY-25MAR03-B35.5",
            "count": 9,
            "created_time": "2025-03-03T14:34:39.244563Z",
            "yes_price": 11,
            "no_price": 89,
            "taker_side": "yes"
        },
        {
            "trade_id": "9435dd27-13c0-439c-a3f0-4d49dca052b5",
            "ticker": "KXHIGHNY-25MAR03-B35.5",
            "count": 43,
            "created_time": "2025-03-03T14:34:39.244563Z",
            "yes_price": 11,
            "no_price": 89,
            "taker_side": "yes"
        },
        {
            "trade_id": "25344070-970c-4d32-9781-4a2393e2854f",
            "ticker": "KXHIGHNY-25MAR03-B35.5",
            "count": 6,
            "created_time": "2025-03-03T14:34:39.244563Z",
            "yes_price": 11,
            "no_price": 89,
            "taker_side": "yes"
        },
        {
            "trade_id": "c5752aad-5967-4eea-a1e9-de7da64f46e2",
            "ticker": "KXHIGHNY-25MAR03-B35.5",
            "count": 1,
            "created_time": "2025-03-03T14:22:46.157943Z",
            "yes_price": 12,
            "no_price": 88,
            "taker_side": "yes"
        },
        {
            "trade_id": "87a31afd-2f92-4c57-9fb7-ef044d7ebdfe",
            "ticker": "KXHIGHNY-25MAR03-B35.5",
            "count": 13,
            "created_time": "2025-03-03T14:22:46.157943Z",
            "yes_price": 10,
            "no_price": 90,
            "taker_side": "yes"
        },
        {
            "trade_id": "5a643d37-5741-479a-9426-3623bd4054d4",
            "ticker": "KXHIGHNY-25MAR03-B35.5",
            "count": 27,
            "created_time": "2025-03-03T14:22:46.157943Z",
            "yes_price": 10,
            "no_price": 90,
            "taker_side": "yes"
        },
        {
            "trade_id": "2c9ecdb1-f187-44cf-a42e-bee3ad985c9c",
            "ticker": "KXHIGHNY-25MAR03-B35.5",
            "count": 123,
            "created_time": "2025-03-03T14:22:46.157943Z",
            "yes_price": 12,
            "no_price": 88,
            "taker_side": "yes"
        },
        {
            "trade_id": "0318c133-6e8f-42dd-bd53-282b12a802ca",
            "ticker": "KXHIGHNY-25MAR03-B35.5",
            "count": 21,
            "created_time": "2025-03-03T14:22:46.157943Z",
            "yes_price": 10,
            "no_price": 90,
            "taker_side": "yes"
        },
        {
            "trade_id": "c8222ca7-8b6d-4721-b1e6-5578e9c1ac14",
            "ticker": "KXHIGHNY-25MAR03-B35.5",
            "count": 115,
            "created_time": "2025-03-03T14:20:40.025055Z",
            "yes_price": 10,
            "no_price": 90,
            "taker_side": "yes"
        },
        {
            "trade_id": "2f4c8786-e651-49ab-a94d-4558c5ffcf91",
            "ticker": "KXHIGHNY-25MAR03-B35.5",
            "count": 4,
            "created_time": "2025-03-03T14:18:01.932952Z",
            "yes_price": 9,
            "no_price": 91,
            "taker_side": "yes"
        },
        {
            "trade_id": "e80a4d27-47cb-4f71-a829-be6799ee84e9",
            "ticker": "KXHIGHNY-25MAR03-B35.5",
            "count": 15,
            "created_time": "2025-03-03T14:09:53.5691Z",
            "yes_price": 9,
            "no_price": 91,
            "taker_side": "yes"
        },
        {
            "trade_id": "d463237e-9b93-4c18-91a8-2656eceaf2e7",
            "ticker": "KXHIGHNY-25MAR03-B35.5",
            "count": 2,
            "created_time": "2025-03-03T14:09:53.5691Z",
            "yes_price": 9,
            "no_price": 91,
            "taker_side": "yes"
        },
        {
            "trade_id": "125ebf69-c9f2-4191-a347-b676a850af23",
            "ticker": "KXHIGHNY-25MAR03-B35.5",
            "count": 1,
            "created_time": "2025-03-03T14:09:53.5691Z",
            "yes_price": 9,
            "no_price": 91,
            "taker_side": "yes"
        },
        {
            "trade_id": "4e100870-8ae2-450d-991a-60db0b49a145",
            "ticker": "KXHIGHNY-25MAR03-B35.5",
            "count": 3,
            "created_time": "2025-03-03T13:58:48.286911Z",
            "yes_price": 8,
            "no_price": 92,
            "taker_side": "no"
        },
        {
            "trade_id": "3d57cf1d-f766-47fa-b9a5-a57b9f3efc46",
            "ticker": "KXHIGHNY-25MAR03-B35.5",
            "count": 18,
            "created_time": "2025-03-03T13:58:48.286911Z",
            "yes_price": 9,
            "no_price": 91,
            "taker_side": "no"
        },
        {
            "trade_id": "f8aecf75-8d2f-4bdb-ab51-f04a21f268e4",
            "ticker": "KXHIGHNY-25MAR03-B35.5",
            "count": 2,
            "created_time": "2025-03-03T13:57:43.852506Z",
            "yes_price": 9,
            "no_price": 91,
            "taker_side": "no"
        },
        {
            "trade_id": "d4b344cf-4e45-455b-a8c6-f768e5f2230f",
            "ticker": "KXHIGHNY-25MAR03-B35.5",
            "count": 13,
            "created_time": "2025-03-03T13:54:46.514518Z",
            "yes_price": 9,
            "no_price": 91,
            "taker_side": "no"
        },
        {
            "trade_id": "dbdfebb2-635e-490c-b0e5-0dd7707618a8",
            "ticker": "KXHIGHNY-25MAR03-B35.5",
            "count": 10,
            "created_time": "2025-03-03T13:51:42.918878Z",
            "yes_price": 9,
            "no_price": 91,
            "taker_side": "no"
        },
        {
            "trade_id": "552b2879-f9a0-434e-8777-9fedadac8c78",
            "ticker": "KXHIGHNY-25MAR03-B35.5",
            "count": 7,
            "created_time": "2025-03-03T13:49:19.183294Z",
            "yes_price": 9,
            "no_price": 91,
            "taker_side": "yes"
        },
        {
            "trade_id": "1c6073e9-e5d1-4a92-8818-5708552d8ad1",
            "ticker": "KXHIGHNY-25MAR03-B35.5",
            "count": 50,
            "created_time": "2025-03-03T13:49:19.183294Z",
            "yes_price": 9,
            "no_price": 91,
            "taker_side": "yes"
        },
        {
            "trade_id": "50376b25-0e78-4cf6-a6aa-21b082b983ed",
            "ticker": "KXHIGHNY-25MAR03-B35.5",
            "count": 3,
            "created_time": "2025-03-03T13:43:05.052649Z",
            "yes_price": 9,
            "no_price": 91,
            "taker_side": "yes"
        },
        {
            "trade_id": "0fc0e6c9-11ed-41f3-9645-eb6ec7625c6b",
            "ticker": "KXHIGHNY-25MAR03-B35.5",
            "count": 17,
            "created_time": "2025-03-03T13:43:05.052649Z",
            "yes_price": 9,
            "no_price": 91,
            "taker_side": "yes"
        },
        {
            "trade_id": "81bc3323-e065-4be8-ad84-1254a64b26bf",
            "ticker": "KXHIGHNY-25MAR03-B35.5",
            "count": 1,
            "created_time": "2025-03-03T13:31:42.75331Z",
            "yes_price": 9,
            "no_price": 91,
            "taker_side": "yes"
        },
        {
            "trade_id": "a555fa5b-7cf0-4a6c-a00b-ee78df54cfa9",
            "ticker": "KXHIGHNY-25MAR03-B35.5",
            "count": 19,
            "created_time": "2025-03-03T13:31:26.902115Z",
            "yes_price": 9,
            "no_price": 91,
            "taker_side": "yes"
        },
        {
            "trade_id": "5a5eb325-7175-4f0b-ac07-e8c8144465fb",
            "ticker": "KXHIGHNY-25MAR03-B35.5",
            "count": 31,
            "created_time": "2025-03-03T13:31:26.902115Z",
            "yes_price": 9,
            "no_price": 91,
            "taker_side": "yes"
        },
        {
            "trade_id": "04877d39-83e8-49b4-bb53-92d30587dd0c",
            "ticker": "KXHIGHNY-25MAR03-B35.5",
            "count": 9,
            "created_time": "2025-03-03T13:21:44.170059Z",
            "yes_price": 10,
            "no_price": 90,
            "taker_side": "yes"
        },
        {
            "trade_id": "1d35cddf-ec32-4905-be97-637cddef09d6",
            "ticker": "KXHIGHNY-25MAR03-B35.5",
            "count": 47,
            "created_time": "2025-03-03T13:17:59.10596Z",
            "yes_price": 10,
            "no_price": 90,
            "taker_side": "yes"
        },
        {
            "trade_id": "ae832ba2-991a-4d34-93b8-e35edf20c14d",
            "ticker": "KXHIGHNY-25MAR03-B35.5",
            "count": 3,
            "created_time": "2025-03-03T13:17:07.795241Z",
            "yes_price": 9,
            "no_price": 91,
            "taker_side": "yes"
        },
        {
            "trade_id": "adca35c2-f055-4db6-bffa-b3482b021dd1",
            "ticker": "KXHIGHNY-25MAR03-B35.5",
            "count": 5,
            "created_time": "2025-03-03T13:17:07.795241Z",
            "yes_price": 9,
            "no_price": 91,
            "taker_side": "yes"
        },
        {
            "trade_id": "78daee9a-51e7-40cc-970e-2912f7c4afda",
            "ticker": "KXHIGHNY-25MAR03-B35.5",
            "count": 184,
            "created_time": "2025-03-03T13:17:07.795241Z",
            "yes_price": 8,
            "no_price": 92,
            "taker_side": "yes"
        },
        {
            "trade_id": "4e91fd54-053c-4a82-a6de-63ad8f12a9af",
            "ticker": "KXHIGHNY-25MAR03-B35.5",
            "count": 73,
            "created_time": "2025-03-03T13:17:07.795241Z",
            "yes_price": 11,
            "no_price": 89,
            "taker_side": "yes"
        },
        {
            "trade_id": "3fed1408-59c8-44fc-b0f8-32fc7e88f474",
            "ticker": "KXHIGHNY-25MAR03-B35.5",
            "count": 16,
            "created_time": "2025-03-03T13:15:16.355585Z",
            "yes_price": 8,
            "no_price": 92,
            "taker_side": "no"
        },
        {
            "trade_id": "9b98d626-04de-4f30-a313-e41b058041f5",
            "ticker": "KXHIGHNY-25MAR03-B35.5",
            "count": 196,
            "created_time": "2025-03-03T13:13:10.929249Z",
            "yes_price": 10,
            "no_price": 90,
            "taker_side": "yes"
        },
        {
            "trade_id": "012afda6-df10-4112-9339-fe4ce378c5f7",
            "ticker": "KXHIGHNY-25MAR03-B35.5",
            "count": 4,
            "created_time": "2025-03-03T13:13:10.929249Z",
            "yes_price": 10,
            "no_price": 90,
            "taker_side": "yes"
        },
        {
            "trade_id": "c312e0d5-ac52-4bf7-be3c-243efde20bf7",
            "ticker": "KXHIGHNY-25MAR03-B35.5",
            "count": 1,
            "created_time": "2025-03-03T13:13:01.307454Z",
            "yes_price": 8,
            "no_price": 92,
            "taker_side": "no"
        },
        {
            "trade_id": "5270e441-aa4e-4d79-b3a0-d21f7183f392",
            "ticker": "KXHIGHNY-25MAR03-B35.5",
            "count": 7,
            "created_time": "2025-03-03T13:13:01.307454Z",
            "yes_price": 8,
            "no_price": 92,
            "taker_side": "no"
        },
        {
            "trade_id": "9cdbbe8c-60a3-48a1-9771-a85539d7779c",
            "ticker": "KXHIGHNY-25MAR03-B35.5",
            "count": 3,
            "created_time": "2025-03-03T13:12:50.853819Z",
            "yes_price": 8,
            "no_price": 92,
            "taker_side": "no"
        },
        {
            "trade_id": "d864d7e5-3748-45b3-8fef-2c9126b46279",
            "ticker": "KXHIGHNY-25MAR03-B35.5",
            "count": 13,
            "created_time": "2025-03-03T13:12:41.844398Z",
            "yes_price": 8,
            "no_price": 92,
            "taker_side": "no"
        },
        {
            "trade_id": "88d74583-fdb5-485b-903f-ca10d06ccaf5",
            "ticker": "KXHIGHNY-25MAR03-B35.5",
            "count": 1,
            "created_time": "2025-03-03T13:12:10.343804Z",
            "yes_price": 9,
            "no_price": 91,
            "taker_side": "yes"
        },
        {
            "trade_id": "a12ea81c-6a81-457f-b84a-0af1c5666519",
            "ticker": "KXHIGHNY-25MAR03-B35.5",
            "count": 10,
            "created_time": "2025-03-03T13:03:39.282582Z",
            "yes_price": 5,
            "no_price": 95,
            "taker_side": "no"
        },
        {
            "trade_id": "d741d646-4cb6-4724-9702-d0a48fbaafa7",
            "ticker": "KXHIGHNY-25MAR03-B35.5",
            "count": 76,
            "created_time": "2025-03-03T07:52:14.952601Z",
            "yes_price": 6,
            "no_price": 94,
            "taker_side": "no"
        },
        {
            "trade_id": "4a8d27e9-6f0d-4f6c-8a37-a0c33d7137fc",
            "ticker": "KXHIGHNY-25MAR03-B35.5",
            "count": 6,
            "created_time": "2025-03-03T07:45:34.201342Z",
            "yes_price": 8,
            "no_price": 92,
            "taker_side": "no"
        },
        {
            "trade_id": "92bf0571-1587-4918-a596-aba129401e06",
            "ticker": "KXHIGHNY-25MAR03-B35.5",
            "count": 30,
            "created_time": "2025-03-03T07:42:37.609939Z",
            "yes_price": 8,
            "no_price": 92,
            "taker_side": "no"
        },
        {
            "trade_id": "8bac9deb-794a-4f91-9755-4cb163859f49",
            "ticker": "KXHIGHNY-25MAR03-B35.5",
            "count": 48,
            "created_time": "2025-03-03T07:42:17.666385Z",
            "yes_price": 8,
            "no_price": 92,
            "taker_side": "yes"
        },
        {
            "trade_id": "71193b01-216e-446e-a1c5-427a72131ab2",
            "ticker": "KXHIGHNY-25MAR03-B35.5",
            "count": 8,
            "created_time": "2025-03-03T07:42:17.666385Z",
            "yes_price": 8,
            "no_price": 92,
            "taker_side": "yes"
        },
        {
            "trade_id": "680cbdc7-7d74-4a41-8bfc-7712ff4f4bff",
            "ticker": "KXHIGHNY-25MAR03-B35.5",
            "count": 8,
            "created_time": "2025-03-03T07:42:17.666385Z",
            "yes_price": 8,
            "no_price": 92,
            "taker_side": "yes"
        },
        {
            "trade_id": "f5eeb321-8e18-45bf-84b8-9d864366282c",
            "ticker": "KXHIGHNY-25MAR03-B35.5",
            "count": 7,
            "created_time": "2025-03-03T07:39:40.648721Z",
            "yes_price": 8,
            "no_price": 92,
            "taker_side": "no"
        },
        {
            "trade_id": "729ba0db-b863-462a-b1b5-ee72f0aaeba7",
            "ticker": "KXHIGHNY-25MAR03-B35.5",
            "count": 30,
            "created_time": "2025-03-03T07:39:33.469789Z",
            "yes_price": 8,
            "no_price": 92,
            "taker_side": "no"
        },
        {
            "trade_id": "bf434d97-3e7e-46c9-993f-526d0976f5a2",
            "ticker": "KXHIGHNY-25MAR03-B35.5",
            "count": 27,
            "created_time": "2025-03-03T07:39:17.884886Z",
            "yes_price": 8,
            "no_price": 92,
            "taker_side": "yes"
        },
        {
            "trade_id": "5b485504-241b-4a13-8fe6-daf501f2d420",
            "ticker": "KXHIGHNY-25MAR03-B35.5",
            "count": 14,
            "created_time": "2025-03-03T07:39:17.884886Z",
            "yes_price": 8,
            "no_price": 92,
            "taker_side": "yes"
        },
        {
            "trade_id": "22da835d-aa64-4f8b-bb73-3cd2854fbc4c",
            "ticker": "KXHIGHNY-25MAR03-B35.5",
            "count": 22,
            "created_time": "2025-03-03T07:39:17.884886Z",
            "yes_price": 8,
            "no_price": 92,
            "taker_side": "yes"
        },
        {
            "trade_id": "d37f69d6-d667-41ca-846a-fcc2ca61f3cf",
            "ticker": "KXHIGHNY-25MAR03-B35.5",
            "count": 100,
            "created_time": "2025-03-03T07:37:34.922044Z",
            "yes_price": 8,
            "no_price": 92,
            "taker_side": "yes"
        },
        {
            "trade_id": "a07073ec-adaf-4b09-ab82-08601412f261",
            "ticker": "KXHIGHNY-25MAR03-B35.5",
            "count": 2,
            "created_time": "2025-03-03T07:36:03.486643Z",
            "yes_price": 8,
            "no_price": 92,
            "taker_side": "yes"
        },
        {
            "trade_id": "777f7030-9e0a-4ba6-bfb5-a8bffab15598",
            "ticker": "KXHIGHNY-25MAR03-B35.5",
            "count": 91,
            "created_time": "2025-03-03T07:36:03.486643Z",
            "yes_price": 8,
            "no_price": 92,
            "taker_side": "yes"
        },
        {
            "trade_id": "33467e09-0ad3-4cfa-a7c3-d552588c730e",
            "ticker": "KXHIGHNY-25MAR03-B35.5",
            "count": 7,
            "created_time": "2025-03-03T07:36:03.486643Z",
            "yes_price": 8,
            "no_price": 92,
            "taker_side": "yes"
        },
        {
            "trade_id": "34586883-f9e8-4617-a07f-a96941fbf53a",
            "ticker": "KXHIGHNY-25MAR03-B35.5",
            "count": 5,
            "created_time": "2025-03-03T07:33:22.480656Z",
            "yes_price": 6,
            "no_price": 94,
            "taker_side": "no"
        },
        {
            "trade_id": "bb1380b5-918c-4fbc-bc51-de1bbaa93a95",
            "ticker": "KXHIGHNY-25MAR03-B35.5",
            "count": 1,
            "created_time": "2025-03-03T07:30:21.102785Z",
            "yes_price": 9,
            "no_price": 91,
            "taker_side": "yes"
        },
        {
            "trade_id": "99a7cf8f-f597-40c1-997a-0603a1ad17bb",
            "ticker": "KXHIGHNY-25MAR03-B35.5",
            "count": 9,
            "created_time": "2025-03-03T07:30:21.102785Z",
            "yes_price": 9,
            "no_price": 91,
            "taker_side": "yes"
        },
        {
            "trade_id": "fd6902d2-bdfe-4aa5-8fa3-4a9cd3bcac8c",
            "ticker": "KXHIGHNY-25MAR03-B35.5",
            "count": 3,
            "created_time": "2025-03-03T06:52:59.801295Z",
            "yes_price": 8,
            "no_price": 92,
            "taker_side": "yes"
        },
        {
            "trade_id": "cec11844-6193-446f-906b-d3e78f64a249",
            "ticker": "KXHIGHNY-25MAR03-B35.5",
            "count": 50,
            "created_time": "2025-03-03T06:52:59.801295Z",
            "yes_price": 10,
            "no_price": 90,
            "taker_side": "yes"
        },
        {
            "trade_id": "c1a3d76c-ac09-4c87-8b0c-d51945a1f0e4",
            "ticker": "KXHIGHNY-25MAR03-B35.5",
            "count": 44,
            "created_time": "2025-03-03T06:52:59.801295Z",
            "yes_price": 9,
            "no_price": 91,
            "taker_side": "yes"
        },
        {
            "trade_id": "cfd8f621-2819-441f-9fde-ab9b78a2b786",
            "ticker": "KXHIGHNY-25MAR03-B35.5",
            "count": 18,
            "created_time": "2025-03-03T06:16:19.627992Z",
            "yes_price": 6,
            "no_price": 94,
            "taker_side": "no"
        },
        {
            "trade_id": "a67b38fb-4555-41b0-a575-de04f02b1cdb",
            "ticker": "KXHIGHNY-25MAR03-B35.5",
            "count": 1,
            "created_time": "2025-03-03T05:49:13.513034Z",
            "yes_price": 6,
            "no_price": 94,
            "taker_side": "no"
        },
        {
            "trade_id": "bfaa99ac-5aea-443e-8f8f-32abb6f248c7",
            "ticker": "KXHIGHNY-25MAR03-B35.5",
            "count": 25,
            "created_time": "2025-03-03T05:49:05.832131Z",
            "yes_price": 7,
            "no_price": 93,
            "taker_side": "no"
        },
        {
            "trade_id": "7a8781e8-3578-48a8-aa50-26709b95e7f6",
            "ticker": "KXHIGHNY-25MAR03-B35.5",
            "count": 25,
            "created_time": "2025-03-03T05:49:05.832131Z",
            "yes_price": 8,
            "no_price": 92,
            "taker_side": "no"
        },
        {
            "trade_id": "bb6100b0-741b-4f1e-a55d-98882592c314",
            "ticker": "KXHIGHNY-25MAR03-B35.5",
            "count": 1,
            "created_time": "2025-03-03T04:04:34.38093Z",
            "yes_price": 9,
            "no_price": 91,
            "taker_side": "yes"
        },
        {
            "trade_id": "c48c94ea-1b71-4d4a-a620-b101b8cd689e",
            "ticker": "KXHIGHNY-25MAR03-B35.5",
            "count": 2,
            "created_time": "2025-03-03T00:23:55.447923Z",
            "yes_price": 7,
            "no_price": 93,
            "taker_side": "yes"
        },
        {
            "trade_id": "a91fa891-0083-4fc6-8468-8fc6314298b2",
            "ticker": "KXHIGHNY-25MAR03-B35.5",
            "count": 1,
            "created_time": "2025-03-03T00:23:55.447923Z",
            "yes_price": 7,
            "no_price": 93,
            "taker_side": "yes"
        },
        {
            "trade_id": "5c20cada-b78d-4eec-8b12-7408849de425",
            "ticker": "KXHIGHNY-25MAR03-B35.5",
            "count": 47,
            "created_time": "2025-03-03T00:23:55.447923Z",
            "yes_price": 7,
            "no_price": 93,
            "taker_side": "yes"
        },
        {
            "trade_id": "51289b99-6f76-4c21-b787-6fbb7babba59",
            "ticker": "KXHIGHNY-25MAR03-B35.5",
            "count": 1,
            "created_time": "2025-03-03T00:22:20.374248Z",
            "yes_price": 5,
            "no_price": 95,
            "taker_side": "yes"
        },
        {
            "trade_id": "86d8f895-2ccd-446c-8a61-ac814082272f",
            "ticker": "KXHIGHNY-25MAR03-B35.5",
            "count": 62,
            "created_time": "2025-03-02T21:50:20.539485Z",
            "yes_price": 8,
            "no_price": 92,
            "taker_side": "yes"
        },
        {
            "trade_id": "51dc5a71-c400-47fa-9ca1-a18211d17219",
            "ticker": "KXHIGHNY-25MAR03-B35.5",
            "count": 44,
            "created_time": "2025-03-02T21:50:20.539485Z",
            "yes_price": 10,
            "no_price": 90,
            "taker_side": "yes"
        },
        {
            "trade_id": "c204069c-6680-4291-b891-7cad4281165e",
            "ticker": "KXHIGHNY-25MAR03-B35.5",
            "count": 2,
            "created_time": "2025-03-02T21:21:44.874904Z",
            "yes_price": 7,
            "no_price": 93,
            "taker_side": "yes"
        },
        {
            "trade_id": "2e39d155-bf51-494d-96e7-be6a1d1b659f",
            "ticker": "KXHIGHNY-25MAR03-B35.5",
            "count": 1,
            "created_time": "2025-03-02T20:12:09.351596Z",
            "yes_price": 7,
            "no_price": 93,
            "taker_side": "yes"
        },
        {
            "trade_id": "dd0deb6b-e285-4ebf-bb4b-87e99b85f174",
            "ticker": "KXHIGHNY-25MAR03-B35.5",
            "count": 1,
            "created_time": "2025-03-02T18:30:52.763968Z",
            "yes_price": 6,
            "no_price": 94,
            "taker_side": "no"
        },
        {
            "trade_id": "c46d717a-3238-4b86-bad0-a89865a11dfe",
            "ticker": "KXHIGHNY-25MAR03-B35.5",
            "count": 1,
            "created_time": "2025-03-02T17:30:23.325354Z",
            "yes_price": 7,
            "no_price": 93,
            "taker_side": "yes"
        },
        {
            "trade_id": "a75f594c-794e-4c3f-aa77-43c843ea920d",
            "ticker": "KXHIGHNY-25MAR03-B35.5",
            "count": 7,
            "created_time": "2025-03-02T17:24:42.731158Z",
            "yes_price": 7,
            "no_price": 93,
            "taker_side": "no"
        },
        {
            "trade_id": "c3d7b6ed-c377-4f2e-bbb1-8cc46d46f8dd",
            "ticker": "KXHIGHNY-25MAR03-B35.5",
            "count": 44,
            "created_time": "2025-03-02T17:21:43.244958Z",
            "yes_price": 8,
            "no_price": 92,
            "taker_side": "no"
        }
    ],
    "KXHIGHNY-25MAR03-B37.5": [
        {
            "trade_id": "5482cc25-f581-47ec-96df-7b7437352091",
            "ticker": "KXHIGHNY-25MAR03-B37.5",
            "count": 7,
            "created_time": "2025-03-04T02:07:55.359446Z",
            "yes_price": 1,
            "no_price": 99,
            "taker_side": "yes"
        },
        {
            "trade_id": "6202d5ea-c2ef-4f57-a6cb-95223917d6b1",
            "ticker": "KXHIGHNY-25MAR03-B37.5",
            "count": 2337,
            "created_time": "2025-03-04T01:55:30.292039Z",
            "yes_price": 1,
            "no_price": 99,
            "taker_side": "yes"
        },
        {
            "trade_id": "9ea8b6d0-5508-4de5-b2fc-413f4abdf253",
            "ticker": "KXHIGHNY-25MAR03-B37.5",
            "count": 354,
            "created_time": "2025-03-04T01:54:53.76876Z",
            "yes_price": 1,
            "no_price": 99,
            "taker_side": "yes"
        },
        {
            "trade_id": "8652516f-c9fe-49e0-a6c3-3659503e6e88",
            "ticker": "KXHIGHNY-25MAR03-B37.5",
            "count": 895,
            "created_time": "2025-03-04T01:54:53.76876Z",
            "yes_price": 1,
            "no_price": 99,
            "taker_side": "yes"
        },
        {
            "trade_id": "f151f804-b35b-46c2-9d78-a22ef021eb76",
            "ticker": "KXHIGHNY-25MAR03-B37.5",
            "count": 848,
            "created_time": "2025-03-04T01:54:27.759506Z",
            "yes_price": 1,
            "no_price": 99,
            "taker_side": "yes"
        },
        {
            "trade_id": "c5556c90-a575-4cc7-bab1-b84abf5ac584",
            "ticker": "KXHIGHNY-25MAR03-B37.5",
            "count": 196,
            "created_time": "2025-03-04T01:54:27.759506Z",
            "yes_price": 1,
            "no_price": 99,
            "taker_side": "yes"
        },
        {
            "trade_id": "583bc782-3113-44b2-8d57-a51da29f373a",
            "ticker": "KXHIGHNY-25MAR03-B37.5",
            "count": 205,
            "created_time": "2025-03-04T01:54:27.759506Z",
            "yes_price": 1,
            "no_price": 99,
            "taker_side": "yes"
        },
        {
            "trade_id": "d4876829-6e7d-4467-bcb5-c3acef56abf7",
            "ticker": "KXHIGHNY-25MAR03-B37.5",
            "count": 152,
            "created_time": "2025-03-04T01:53:13.442283Z",
            "yes_price": 1,
            "no_price": 99,
            "taker_side": "yes"
        },
        {
            "trade_id": "914286d2-3e4c-4b10-9b37-24fc81dca07a",
            "ticker": "KXHIGHNY-25MAR03-B37.5",
            "count": 1283,
            "created_time": "2025-03-04T01:53:13.442283Z",
            "yes_price": 1,
            "no_price": 99,
            "taker_side": "yes"
        },
        {
            "trade_id": "46a98aaf-c935-4925-bb7c-1c5ffd75af73",
            "ticker": "KXHIGHNY-25MAR03-B37.5",
            "count": 1064,
            "created_time": "2025-03-04T01:53:13.442283Z",
            "yes_price": 1,
            "no_price": 99,
            "taker_side": "yes"
        },
        {
            "trade_id": "fd18beda-1d62-4043-93d4-0b1f0d7763cf",
            "ticker": "KXHIGHNY-25MAR03-B37.5",
            "count": 935,
