{
    "KXHIGHNY-25MAR31-T67": [
        {
            "trade_id": "2a61cbb6-b899-4337-997c-bdddcceee38d",
            "ticker": "KXHIGHNY-25MAR31-T67",
            "count": 174,
            "created_time": "2025-03-31T21:43:42.416428Z",
            "yes_price": 1,
            "no_price": 99,
            "taker_side": "yes"
        },
        {
            "trade_id": "fe65553c-34a3-4639-ac62-e34de5cced61",
            "ticker": "KXHIGHNY-25MAR31-T67",
            "count": 120,
            "created_time": "2025-03-31T18:31:54.126953Z",
            "yes_price": 1,
            "no_price": 99,
            "taker_side": "yes"
        },
        {
            "trade_id": "13678e05-4957-4ac1-b41f-227911bd46ec",
            "ticker": "KXHIGHNY-25MAR31-T67",
            "count": 14,
            "created_time": "2025-03-31T17:50:06.552264Z",
            "yes_price": 1,
            "no_price": 99,
            "taker_side": "yes"
        },
        {
            "trade_id": "5c5f9792-c00f-4e1a-adc4-1c8c6d14baf8",
            "ticker": "KXHIGHNY-25MAR31-T67",
            "count": 3,
            "created_time": "2025-03-31T16:59:39.096025Z",
            "yes_price": 2,
            "no_price": 98,
            "taker_side": "yes"
        },
        {
            "trade_id": "b8c00d8b-d59b-4948-a8d3-5c2e1ce863c6",
            "ticker": "KXHIGHNY-25MAR31-T67",
            "count": 10,
            "created_time": "2025-03-31T16:37:35.972986Z",
            "yes_price": 3,
            "no_price": 97,
            "taker_side": "no"
        },
        {
            "trade_id": "537ffab1-6ca7-48c8-81d4-593f326c17c9",
            "ticker": "KXHIGHNY-25MAR31-T67",
            "count": 1,
            "created_time": "2025-03-31T16:35:32.339253Z",
            "yes_price": 5,
            "no_price": 95,
            "taker_side": "no"
        },
        {
            "trade_id": "d276956c-1e10-49c6-bf22-15457a638eda",
            "ticker": "KXHIGHNY-25MAR31-T67",
            "count": 28,
            "created_time": "2025-03-31T16:27:38.967222Z",
            "yes_price": 8,
            "no_price": 92,
            "taker_side": "no"
        },
        {
            "trade_id": "a0aa98f6-587b-4744-876b-46eef116d467",
            "ticker": "KXHIGHNY-25MAR31-T67",
            "count": 200,
            "created_time": "2025-03-31T16:26:02.590419Z",
            "yes_price": 8,
            "no_price": 92,
            "taker_side": "yes"
        },
        {
            "trade_id": "10b10fc4-db35-4a47-8709-9135248f1be2",
            "ticker": "KXHIGHNY-25MAR31-T67",
            "count": 50,
            "created_time": "2025-03-31T16:26:02.590419Z",
            "yes_price": 8,
            "no_price": 92,
            "taker_side": "yes"
        },
        {
            "trade_id": "60c1171b-814d-48f9-8603-f640bb63dac3",
            "ticker": "KXHIGHNY-25MAR31-T67",
            "count": 225,
            "created_time": "2025-03-31T16:20:29.78585Z",
            "yes_price": 5,
            "no_price": 95,
            "taker_side": "no"
        },
        {
            "trade_id": "57b61b23-2a8b-4f7f-b1f2-e9fdbac2ba0f",
            "ticker": "KXHIGHNY-25MAR31-T67",
            "count": 50,
            "created_time": "2025-03-31T16:20:13.651451Z",
            "yes_price": 4,
            "no_price": 96,
            "taker_side": "yes"
        },
        {
            "trade_id": "45f901f3-c2fc-46b5-b433-b601f4eecbf5",
            "ticker": "KXHIGHNY-25MAR31-T67",
            "count": 400,
            "created_time": "2025-03-31T16:20:13.651451Z",
            "yes_price": 5,
            "no_price": 95,
            "taker_side": "yes"
        },
        {
            "trade_id": "54b7e091-8f57-41e2-83dd-33b43d43db69",
            "ticker": "KXHIGHNY-25MAR31-T67",
            "count": 1,
            "created_time": "2025-03-31T16:19:21.125764Z",
            "yes_price": 4,
            "no_price": 96,
            "taker_side": "no"
        },
        {
            "trade_id": "93de4ddc-5d58-4938-baa7-659afefc7252",
            "ticker": "KXHIGHNY-25MAR31-T67",
            "count": 1,
            "created_time": "2025-03-31T16:19:07.130557Z",
            "yes_price": 4,
            "no_price": 96,
            "taker_side": "no"
        },
        {
            "trade_id": "0ad9dbcf-f02c-4b46-b082-bf02c679f04a",
            "ticker": "KXHIGHNY-25MAR31-T67",
            "count": 2,
            "created_time": "2025-03-31T16:18:55.425451Z",
            "yes_price": 4,
            "no_price": 96,
            "taker_side": "no"
        },
        {
            "trade_id": "7fc057f0-cd99-4c49-9e65-837551988ca2",
            "ticker": "KXHIGHNY-25MAR31-T67",
            "count": 1,
            "created_time": "2025-03-31T16:18:54.575405Z",
            "yes_price": 4,
            "no_price": 96,
            "taker_side": "no"
        },
        {
            "trade_id": "2f2b8394-e0ac-4086-bcd9-b6f319f290ce",
            "ticker": "KXHIGHNY-25MAR31-T67",
            "count": 50,
            "created_time": "2025-03-31T16:18:40.169909Z",
            "yes_price": 4,
            "no_price": 96,
            "taker_side": "yes"
        },
        {
            "trade_id": "5222c893-0c6e-4ef0-b682-5f90abe043f9",
            "ticker": "KXHIGHNY-25MAR31-T67",
            "count": 102,
            "created_time": "2025-03-31T16:16:29.94104Z",
            "yes_price": 3,
            "no_price": 97,
            "taker_side": "no"
        },
        {
            "trade_id": "ad9f084b-c713-486e-98ce-c9e4d1b7e830",
            "ticker": "KXHIGHNY-25MAR31-T67",
            "count": 50,
            "created_time": "2025-03-31T16:05:05.194832Z",
            "yes_price": 4,
            "no_price": 96,
            "taker_side": "yes"
        },
        {
            "trade_id": "63562acc-7347-4a75-a90b-94d785e903a7",
            "ticker": "KXHIGHNY-25MAR31-T67",
            "count": 19,
            "created_time": "2025-03-31T16:01:18.819714Z",
            "yes_price": 4,
            "no_price": 96,
            "taker_side": "yes"
        },
        {
            "trade_id": "46254c11-149c-49f0-b85e-a0dd3a888906",
            "ticker": "KXHIGHNY-25MAR31-T67",
            "count": 50,
            "created_time": "2025-03-31T15:56:33.599504Z",
            "yes_price": 2,
            "no_price": 98,
            "taker_side": "no"
        },
        {
            "trade_id": "1b589278-0c24-4bad-b425-754958f7648b",
            "ticker": "KXHIGHNY-25MAR31-T67",
            "count": 1,
            "created_time": "2025-03-31T15:47:49.621044Z",
            "yes_price": 2,
            "no_price": 98,
            "taker_side": "no"
        },
        {
            "trade_id": "23d2e4da-3412-4a3b-9f42-4942648b0b97",
            "ticker": "KXHIGHNY-25MAR31-T67",
            "count": 1,
            "created_time": "2025-03-31T15:47:49.332698Z",
            "yes_price": 2,
            "no_price": 98,
            "taker_side": "no"
        },
        {
            "trade_id": "3d368e94-dd6f-4bbb-810a-d5c79dc8d114",
            "ticker": "KXHIGHNY-25MAR31-T67",
            "count": 1,
            "created_time": "2025-03-31T15:44:27.940175Z",
            "yes_price": 2,
            "no_price": 98,
            "taker_side": "no"
        },
        {
            "trade_id": "79cabdc4-a2f6-490c-ab17-5afe7c01cd07",
            "ticker": "KXHIGHNY-25MAR31-T67",
            "count": 18,
            "created_time": "2025-03-31T15:42:56.829062Z",
            "yes_price": 4,
            "no_price": 96,
            "taker_side": "yes"
        },
        {
            "trade_id": "65b9377f-6a20-4e3e-bc32-963d739970ad",
            "ticker": "KXHIGHNY-25MAR31-T67",
            "count": 3,
            "created_time": "2025-03-31T15:42:56.829062Z",
            "yes_price": 4,
            "no_price": 96,
            "taker_side": "yes"
        },
        {
            "trade_id": "094f483f-a7f5-4180-9f3a-cf9b68bd5bea",
            "ticker": "KXHIGHNY-25MAR31-T67",
            "count": 2,
            "created_time": "2025-03-31T15:42:56.829062Z",
            "yes_price": 3,
            "no_price": 97,
            "taker_side": "yes"
        },
        {
            "trade_id": "62371b63-e0da-4812-9a04-ada62d825a05",
            "ticker": "KXHIGHNY-25MAR31-T67",
            "count": 47,
            "created_time": "2025-03-31T15:42:39.62956Z",
            "yes_price": 2,
            "no_price": 98,
            "taker_side": "no"
        },
        {
            "trade_id": "b86fa4eb-258e-407f-94bb-a9fb4c4669a1",
            "ticker": "KXHIGHNY-25MAR31-T67",
            "count": 37,
            "created_time": "2025-03-31T15:41:59.281891Z",
            "yes_price": 3,
            "no_price": 97,
            "taker_side": "no"
        },
        {
            "trade_id": "550d3da3-54cf-47bd-8b41-6ead52179511",
            "ticker": "KXHIGHNY-25MAR31-T67",
            "count": 2,
            "created_time": "2025-03-31T15:41:33.232609Z",
            "yes_price": 3,
            "no_price": 97,
            "taker_side": "no"
        },
        {
            "trade_id": "60c31ecc-81ee-439b-bdd7-9fd824498e8c",
            "ticker": "KXHIGHNY-25MAR31-T67",
            "count": 1,
            "created_time": "2025-03-31T15:41:32.94735Z",
            "yes_price": 3,
            "no_price": 97,
            "taker_side": "no"
        },
        {
            "trade_id": "fa2b1120-466f-4c1a-a0a8-705ee48d7d26",
            "ticker": "KXHIGHNY-25MAR31-T67",
            "count": 300,
            "created_time": "2025-03-31T15:40:52.778822Z",
            "yes_price": 4,
            "no_price": 96,
            "taker_side": "yes"
        },
        {
            "trade_id": "f6300956-98d7-4dd4-89b9-5ecdbf5ea643",
            "ticker": "KXHIGHNY-25MAR31-T67",
            "count": 300,
            "created_time": "2025-03-31T15:40:52.778822Z",
            "yes_price": 4,
            "no_price": 96,
            "taker_side": "yes"
        },
        {
            "trade_id": "f5c8486d-b638-42d1-ad1f-ff517605b2a6",
            "ticker": "KXHIGHNY-25MAR31-T67",
            "count": 200,
            "created_time": "2025-03-31T15:40:52.778822Z",
            "yes_price": 4,
            "no_price": 96,
            "taker_side": "yes"
        },
        {
            "trade_id": "ec9573fd-4621-4a91-8b76-7bb09a97be1c",
            "ticker": "KXHIGHNY-25MAR31-T67",
            "count": 100,
            "created_time": "2025-03-31T15:40:52.778822Z",
            "yes_price": 4,
            "no_price": 96,
            "taker_side": "yes"
        },
        {
            "trade_id": "cfabe7dc-172c-4852-b5be-253b8d036ccf",
            "ticker": "KXHIGHNY-25MAR31-T67",
            "count": 200,
            "created_time": "2025-03-31T15:40:52.778822Z",
            "yes_price": 4,
            "no_price": 96,
            "taker_side": "yes"
        },
        {
            "trade_id": "a456c4c0-3f3d-4e63-bbdb-214abd688cd6",
            "ticker": "KXHIGHNY-25MAR31-T67",
            "count": 300,
            "created_time": "2025-03-31T15:40:52.778822Z",
            "yes_price": 4,
            "no_price": 96,
            "taker_side": "yes"
        },
        {
            "trade_id": "795fe6e0-14c8-480d-a061-ffcd3a76b14d",
            "ticker": "KXHIGHNY-25MAR31-T67",
            "count": 250,
            "created_time": "2025-03-31T15:40:52.778822Z",
            "yes_price": 2,
            "no_price": 98,
            "taker_side": "yes"
        },
        {
            "trade_id": "57c24a3d-e842-47d6-80bd-16dc02acab8c",
            "ticker": "KXHIGHNY-25MAR31-T67",
            "count": 150,
            "created_time": "2025-03-31T15:40:52.778822Z",
            "yes_price": 4,
            "no_price": 96,
            "taker_side": "yes"
        },
        {
            "trade_id": "56cf1722-c936-4841-baba-a706929813ba",
            "ticker": "KXHIGHNY-25MAR31-T67",
            "count": 50,
            "created_time": "2025-03-31T15:40:52.778822Z",
            "yes_price": 1,
            "no_price": 99,
            "taker_side": "yes"
        },
        {
            "trade_id": "36cd9540-f955-4780-b7ac-cf6b10393791",
            "ticker": "KXHIGHNY-25MAR31-T67",
            "count": 250,
            "created_time": "2025-03-31T15:40:52.778822Z",
            "yes_price": 1,
            "no_price": 99,
            "taker_side": "yes"
        },
        {
            "trade_id": "3666205c-6731-4e5f-9eea-0b5afcf04c34",
            "ticker": "KXHIGHNY-25MAR31-T67",
            "count": 6,
            "created_time": "2025-03-31T15:40:52.778822Z",
            "yes_price": 1,
            "no_price": 99,
            "taker_side": "yes"
        },
        {
            "trade_id": "2b9d16ea-d5e7-4414-b6fc-7035dbdd3303",
            "ticker": "KXHIGHNY-25MAR31-T67",
            "count": 10,
            "created_time": "2025-03-31T15:40:52.778822Z",
            "yes_price": 4,
            "no_price": 96,
            "taker_side": "yes"
        },
        {
            "trade_id": "285ff437-11be-4ce6-9cf7-e72bd16c8a66",
            "ticker": "KXHIGHNY-25MAR31-T67",
            "count": 250,
            "created_time": "2025-03-31T15:40:52.778822Z",
            "yes_price": 3,
            "no_price": 97,
            "taker_side": "yes"
        },
        {
            "trade_id": "cc75aab7-53b6-4a1f-be19-6fc914fdb6c6",
            "ticker": "KXHIGHNY-25MAR31-T67",
            "count": 125,
            "created_time": "2025-03-31T15:38:59.051437Z",
            "yes_price": 1,
            "no_price": 99,
            "taker_side": "yes"
        },
        {
            "trade_id": "fffd0594-f380-495f-ad1b-757f76803680",
            "ticker": "KXHIGHNY-25MAR31-T67",
            "count": 200,
            "created_time": "2025-03-31T15:27:26.061839Z",
            "yes_price": 1,
            "no_price": 99,
            "taker_side": "yes"
        },
        {
            "trade_id": "90218930-8b01-402b-83bb-12ca4f2851cb",
            "ticker": "KXHIGHNY-25MAR31-T67",
            "count": 94,
            "created_time": "2025-03-31T15:22:18.822186Z",
            "yes_price": 1,
            "no_price": 99,
            "taker_side": "yes"
        },
        {
            "trade_id": "e8dba87e-3675-4d9e-a684-09439b95a43b",
            "ticker": "KXHIGHNY-25MAR31-T67",
            "count": 425,
            "created_time": "2025-03-31T15:14:47.318702Z",
            "yes_price": 1,
            "no_price": 99,
            "taker_side": "yes"
        },
        {
            "trade_id": "4c3b56b5-19dd-4ecc-b857-623db788dee3",
            "ticker": "KXHIGHNY-25MAR31-T67",
            "count": 75,
            "created_time": "2025-03-31T15:14:47.318702Z",
            "yes_price": 1,
            "no_price": 99,
            "taker_side": "yes"
        },
        {
            "trade_id": "8b29b60d-3977-4260-9d7a-3ed0b9d8c83f",
            "ticker": "KXHIGHNY-25MAR31-T67",
            "count": 75,
            "created_time": "2025-03-31T15:07:51.144408Z",
            "yes_price": 1,
            "no_price": 99,
            "taker_side": "yes"
        },
        {
            "trade_id": "f1584a9e-61ac-4b07-a8b0-bd0b54596b96",
            "ticker": "KXHIGHNY-25MAR31-T67",
            "count": 50,
            "created_time": "2025-03-31T15:02:22.941953Z",
            "yes_price": 2,
            "no_price": 98,
            "taker_side": "yes"
        },
        {
            "trade_id": "02749fa8-317f-4208-b7bb-bc932fce795e",
            "ticker": "KXHIGHNY-25MAR31-T67",
            "count": 50,
            "created_time": "2025-03-31T15:02:22.941953Z",
            "yes_price": 2,
            "no_price": 98,
            "taker_side": "yes"
        },
        {
            "trade_id": "54c97c00-347f-4104-9bd8-29fb269ba1f0",
            "ticker": "KXHIGHNY-25MAR31-T67",
            "count": 107,
            "created_time": "2025-03-31T14:54:01.516431Z",
            "yes_price": 1,
            "no_price": 99,
            "taker_side": "no"
        },
        {
            "trade_id": "f9824d94-75dd-413d-bd94-039de2cbd0f6",
            "ticker": "KXHIGHNY-25MAR31-T67",
            "count": 50,
            "created_time": "2025-03-31T14:48:49.554986Z",
            "yes_price": 2,
            "no_price": 98,
            "taker_side": "no"
        },
        {
            "trade_id": "2459cc28-eeb3-4d10-85f1-bfe1f09f85ad",
            "ticker": "KXHIGHNY-25MAR31-T67",
            "count": 43,
            "created_time": "2025-03-31T14:39:45.844201Z",
            "yes_price": 3,
            "no_price": 97,
            "taker_side": "no"
        },
        {
            "trade_id": "f78c938d-295e-4f69-9854-55d18f0e129c",
            "ticker": "KXHIGHNY-25MAR31-T67",
            "count": 100,
            "created_time": "2025-03-31T14:19:33.245232Z",
            "yes_price": 3,
            "no_price": 97,
            "taker_side": "yes"
        },
        {
            "trade_id": "008bc1d5-bfd4-40e1-baa7-e2b71c3339e0",
            "ticker": "KXHIGHNY-25MAR31-T67",
            "count": 50,
            "created_time": "2025-03-31T14:18:08.926644Z",
            "yes_price": 2,
            "no_price": 98,
            "taker_side": "no"
        },
        {
            "trade_id": "f4978ed4-f731-4f8c-a059-2d070f031048",
            "ticker": "KXHIGHNY-25MAR31-T67",
            "count": 50,
            "created_time": "2025-03-31T14:01:01.917148Z",
            "yes_price": 2,
            "no_price": 98,
            "taker_side": "no"
        },
        {
            "trade_id": "0e7468d1-76ab-40d8-945d-ab3294ca8742",
            "ticker": "KXHIGHNY-25MAR31-T67",
            "count": 50,
            "created_time": "2025-03-31T14:01:01.917148Z",
            "yes_price": 1,
            "no_price": 99,
            "taker_side": "no"
        },
        {
            "trade_id": "3c910f74-5f50-4ac5-b607-1618149afa81",
            "ticker": "KXHIGHNY-25MAR31-T67",
            "count": 25,
            "created_time": "2025-03-31T13:51:43.562673Z",
            "yes_price": 1,
            "no_price": 99,
            "taker_side": "no"
        },
        {
            "trade_id": "3b2a83f0-2321-48ec-966f-b3c02d8bd001",
            "ticker": "KXHIGHNY-25MAR31-T67",
            "count": 13,
            "created_time": "2025-03-31T13:51:42.714576Z",
            "yes_price": 1,
            "no_price": 99,
            "taker_side": "no"
        },
        {
            "trade_id": "b5141da0-1f33-43bb-957a-f0c38cfd1670",
            "ticker": "KXHIGHNY-25MAR31-T67",
            "count": 3,
            "created_time": "2025-03-31T13:51:42.038854Z",
            "yes_price": 1,
            "no_price": 99,
            "taker_side": "no"
        },
        {
            "trade_id": "f3b21e56-24cb-4e13-9c42-35d90ba6a254",
            "ticker": "KXHIGHNY-25MAR31-T67",
            "count": 3,
            "created_time": "2025-03-31T13:51:41.826493Z",
            "yes_price": 1,
            "no_price": 99,
            "taker_side": "no"
        },
        {
            "trade_id": "f60aa169-e240-4b56-9cce-f0fbd1eea10e",
            "ticker": "KXHIGHNY-25MAR31-T67",
            "count": 1,
            "created_time": "2025-03-31T13:51:32.159283Z",
            "yes_price": 1,
            "no_price": 99,
            "taker_side": "no"
        },
        {
            "trade_id": "db97fb5b-9c70-44e8-af25-9202423e087e",
            "ticker": "KXHIGHNY-25MAR31-T67",
            "count": 5,
            "created_time": "2025-03-31T13:45:07.768105Z",
            "yes_price": 1,
            "no_price": 99,
            "taker_side": "no"
        },
        {
            "trade_id": "faf5f289-b810-47f0-a6ab-685c5df888d9",
            "ticker": "KXHIGHNY-25MAR31-T67",
            "count": 200,
            "created_time": "2025-03-31T13:40:55.475266Z",
            "yes_price": 2,
            "no_price": 98,
            "taker_side": "no"
        },
        {
            "trade_id": "24b9771d-d7ff-490e-bae1-7cb7b8604654",
            "ticker": "KXHIGHNY-25MAR31-T67",
            "count": 50,
            "created_time": "2025-03-31T13:40:55.475266Z",
            "yes_price": 1,
            "no_price": 99,
            "taker_side": "no"
        },
        {
            "trade_id": "24738784-0098-46f4-a1be-7ce1dd300a23",
            "ticker": "KXHIGHNY-25MAR31-T67",
            "count": 264,
            "created_time": "2025-03-31T13:40:55.475266Z",
            "yes_price": 2,
            "no_price": 98,
            "taker_side": "no"
        },
        {
            "trade_id": "31c6abf3-bfc4-405c-8045-f4ccc94957c3",
            "ticker": "KXHIGHNY-25MAR31-T67",
            "count": 1,
            "created_time": "2025-03-31T13:21:59.852148Z",
            "yes_price": 2,
            "no_price": 98,
            "taker_side": "no"
        },
        {
            "trade_id": "73a074d8-6970-4c7e-9bd3-55eefde2b98d",
            "ticker": "KXHIGHNY-25MAR31-T67",
            "count": 4,
            "created_time": "2025-03-31T13:21:00.301973Z",
            "yes_price": 2,
            "no_price": 98,
            "taker_side": "no"
        },
        {
            "trade_id": "fd91873c-7795-4639-997d-6049cef92dfc",
            "ticker": "KXHIGHNY-25MAR31-T67",
            "count": 99,
            "created_time": "2025-03-31T13:16:30.459465Z",
            "yes_price": 4,
            "no_price": 96,
            "taker_side": "no"
        },
        {
            "trade_id": "e53c3377-af02-4ec4-9527-fd8f72553bc5",
            "ticker": "KXHIGHNY-25MAR31-T67",
            "count": 1,
            "created_time": "2025-03-31T13:06:12.257543Z",
            "yes_price": 4,
            "no_price": 96,
            "taker_side": "yes"
        },
        {
            "trade_id": "df03f512-41aa-43ba-af56-5d31656badcf",
            "ticker": "KXHIGHNY-25MAR31-T67",
            "count": 100,
            "created_time": "2025-03-31T13:06:12.257543Z",
            "yes_price": 4,
            "no_price": 96,
            "taker_side": "yes"
        },
        {
            "trade_id": "5f4d1acf-3475-4ac2-8a8f-2900492a2574",
            "ticker": "KXHIGHNY-25MAR31-T67",
            "count": 97,
            "created_time": "2025-03-31T12:58:05.761982Z",
            "yes_price": 3,
            "no_price": 97,
            "taker_side": "yes"
        },
        {
            "trade_id": "367300e7-cd4a-44e2-a7e6-87ba03826665",
            "ticker": "KXHIGHNY-25MAR31-T67",
            "count": 1,
            "created_time": "2025-03-31T12:32:20.790024Z",
            "yes_price": 3,
            "no_price": 97,
            "taker_side": "yes"
        },
        {
            "trade_id": "169de90b-31fc-4b6f-ab46-32a414d97ba6",
            "ticker": "KXHIGHNY-25MAR31-T67",
            "count": 3,
            "created_time": "2025-03-31T12:32:20.790024Z",
            "yes_price": 3,
            "no_price": 97,
            "taker_side": "yes"
        },
        {
            "trade_id": "bf059f6f-4da1-4e57-9a02-0c332e8f70bb",
            "ticker": "KXHIGHNY-25MAR31-T67",
            "count": 2,
            "created_time": "2025-03-31T12:32:20.264976Z",
            "yes_price": 2,
            "no_price": 98,
            "taker_side": "no"
        },
        {
            "trade_id": "7ebab640-f510-4838-9b1d-fbf12ea21765",
            "ticker": "KXHIGHNY-25MAR31-T67",
            "count": 26,
            "created_time": "2025-03-31T12:27:28.033875Z",
            "yes_price": 2,
            "no_price": 98,
            "taker_side": "no"
        },
        {
            "trade_id": "39c26314-f708-4cf5-908c-d8175ac548d1",
            "ticker": "KXHIGHNY-25MAR31-T67",
            "count": 100,
            "created_time": "2025-03-31T12:25:17.284453Z",
            "yes_price": 2,
            "no_price": 98,
            "taker_side": "no"
        },
        {
            "trade_id": "303bc75e-9e78-45e9-8031-2742af7e551a",
            "ticker": "KXHIGHNY-25MAR31-T67",
            "count": 200,
            "created_time": "2025-03-31T12:21:10.183925Z",
            "yes_price": 3,
            "no_price": 97,
            "taker_side": "no"
        },
        {
            "trade_id": "126ef67c-42ec-474f-97cd-9340afe0ee92",
            "ticker": "KXHIGHNY-25MAR31-T67",
            "count": 3,
            "created_time": "2025-03-31T12:21:10.183925Z",
            "yes_price": 2,
            "no_price": 98,
            "taker_side": "no"
        },
        {
            "trade_id": "7f41a57b-9f4b-4ece-8c69-40e8a266df80",
            "ticker": "KXHIGHNY-25MAR31-T67",
            "count": 1,
            "created_time": "2025-03-31T12:01:11.365282Z",
            "yes_price": 3,
            "no_price": 97,
            "taker_side": "no"
        },
        {
            "trade_id": "0ac965da-8cf9-47c8-9782-bfecebb03a48",
            "ticker": "KXHIGHNY-25MAR31-T67",
            "count": 12,
            "created_time": "2025-03-31T12:00:48.297075Z",
            "yes_price": 8,
            "no_price": 92,
            "taker_side": "no"
        },
        {
            "trade_id": "c1d21725-98e2-4228-9a61-5c22b4d81efc",
            "ticker": "KXHIGHNY-25MAR31-T67",
            "count": 6,
            "created_time": "2025-03-31T12:00:44.237407Z",
            "yes_price": 8,
            "no_price": 92,
            "taker_side": "no"
        },
        {
            "trade_id": "b869ac22-d6ea-4c96-bfda-471dc07672bc",
            "ticker": "KXHIGHNY-25MAR31-T67",
            "count": 8,
            "created_time": "2025-03-31T12:00:37.841959Z",
            "yes_price": 8,
            "no_price": 92,
            "taker_side": "no"
        },
        {
            "trade_id": "cc28d2cf-6237-40d4-95a0-5740f318fea6",
            "ticker": "KXHIGHNY-25MAR31-T67",
            "count": 12,
            "created_time": "2025-03-31T12:00:33.535306Z",
            "yes_price": 8,
            "no_price": 92,
            "taker_side": "no"
        },
        {
            "trade_id": "17a1d338-6dbc-41b1-816b-f8af9c37752e",
            "ticker": "KXHIGHNY-25MAR31-T67",
            "count": 76,
            "created_time": "2025-03-31T12:00:33.172873Z",
            "yes_price": 8,
            "no_price": 92,
            "taker_side": "no"
        },
        {
            "trade_id": "ed93325f-8a97-4769-9bf5-4b1602627569",
            "ticker": "KXHIGHNY-25MAR31-T67",
            "count": 79,
            "created_time": "2025-03-31T06:51:02.936944Z",
            "yes_price": 8,
            "no_price": 92,
            "taker_side": "no"
        },
        {
            "trade_id": "c61272b3-31e3-4615-abe5-09080a1d30c8",
            "ticker": "KXHIGHNY-25MAR31-T67",
            "count": 121,
            "created_time": "2025-03-31T06:51:02.936944Z",
            "yes_price": 9,
            "no_price": 91,
            "taker_side": "no"
        },
        {
            "trade_id": "a8ba7439-190f-4c63-aeb1-9a0405cae5ae",
            "ticker": "KXHIGHNY-25MAR31-T67",
            "count": 1,
            "created_time": "2025-03-31T06:44:00.265652Z",
            "yes_price": 9,
            "no_price": 91,
            "taker_side": "no"
        },
        {
            "trade_id": "9cb7f7cc-1849-4c6c-af2d-063e738c3416",
            "ticker": "KXHIGHNY-25MAR31-T67",
            "count": 1,
            "created_time": "2025-03-31T06:43:59.411568Z",
            "yes_price": 9,
            "no_price": 91,
            "taker_side": "no"
        },
        {
            "trade_id": "c7bb3396-f20b-4c08-9c7c-3181143db2d7",
            "ticker": "KXHIGHNY-25MAR31-T67",
            "count": 1,
            "created_time": "2025-03-31T06:43:58.568102Z",
            "yes_price": 9,
            "no_price": 91,
            "taker_side": "no"
        },
        {
            "trade_id": "09dabb94-2034-419e-af11-c4b7663a4dc8",
            "ticker": "KXHIGHNY-25MAR31-T67",
            "count": 1,
            "created_time": "2025-03-31T06:31:50.656856Z",
            "yes_price": 11,
            "no_price": 89,
            "taker_side": "yes"
        },
        {
            "trade_id": "b0d1d3aa-13c0-48ba-93e9-4ea96230a0df",
            "ticker": "KXHIGHNY-25MAR31-T67",
            "count": 4,
            "created_time": "2025-03-31T06:29:37.910024Z",
            "yes_price": 9,
            "no_price": 91,
            "taker_side": "no"
        },
        {
            "trade_id": "7e308d6d-f88f-479f-b6c0-3963b18f355b",
            "ticker": "KXHIGHNY-25MAR31-T67",
            "count": 9,
            "created_time": "2025-03-31T05:42:40.314601Z",
            "yes_price": 15,
            "no_price": 85,
            "taker_side": "no"
        },
        {
            "trade_id": "4ad832ef-e214-41c8-bc85-c6253bdd4a3d",
            "ticker": "KXHIGHNY-25MAR31-T67",
            "count": 8,
            "created_time": "2025-03-31T05:42:40.314601Z",
            "yes_price": 15,
            "no_price": 85,
            "taker_side": "no"
        },
        {
            "trade_id": "5b1537b6-57ca-450a-8b8b-27d385847886",
            "ticker": "KXHIGHNY-25MAR31-T67",
            "count": 1,
            "created_time": "2025-03-31T05:42:38.982418Z",
            "yes_price": 16,
            "no_price": 84,
            "taker_side": "no"
        },
        {
            "trade_id": "d697fcad-7d7f-4c87-952c-d56a27704e2b",
            "ticker": "KXHIGHNY-25MAR31-T67",
            "count": 40,
            "created_time": "2025-03-31T05:37:45.180973Z",
            "yes_price": 24,
            "no_price": 76,
            "taker_side": "yes"
        },
        {
            "trade_id": "4cee3d12-89df-4c5a-8e8f-76d76665fba2",
            "ticker": "KXHIGHNY-25MAR31-T67",
            "count": 8,
            "created_time": "2025-03-31T05:37:45.180973Z",
            "yes_price": 21,
            "no_price": 79,
            "taker_side": "yes"
        },
        {
            "trade_id": "4280de32-6646-4191-bda3-b67e519b1b45",
            "ticker": "KXHIGHNY-25MAR31-T67",
            "count": 150,
            "created_time": "2025-03-31T05:37:45.180973Z",
            "yes_price": 22,
            "no_price": 78,
            "taker_side": "yes"
        },
        {
            "trade_id": "2f839b11-4a65-45fd-9980-b6b269f0ffd7",
            "ticker": "KXHIGHNY-25MAR31-T67",
            "count": 10,
            "created_time": "2025-03-31T05:37:45.180973Z",
            "yes_price": 18,
            "no_price": 82,
            "taker_side": "yes"
        },
        {
            "trade_id": "2af07a15-f2c7-4942-b046-da284a038813",
            "ticker": "KXHIGHNY-25MAR31-T67",
            "count": 1,
            "created_time": "2025-03-31T05:37:45.180973Z",
            "yes_price": 16,
            "no_price": 84,
            "taker_side": "yes"
        },
        {
            "trade_id": "12b6efc3-5a54-4b27-8d17-61a6d2f18a99",
            "ticker": "KXHIGHNY-25MAR31-T67",
            "count": 1,
            "created_time": "2025-03-31T05:37:45.180973Z",
            "yes_price": 13,
            "no_price": 87,
            "taker_side": "yes"
        },
        {
            "trade_id": "953f9e78-ac75-4970-b25f-bb5db0a68cee",
            "ticker": "KXHIGHNY-25MAR31-T67",
            "count": 1,
            "created_time": "2025-03-31T05:32:01.510606Z",
            "yes_price": 9,
            "no_price": 91,
            "taker_side": "no"
        },
        {
            "trade_id": "1365017c-406f-4660-b4ef-8ec876051c0e",
            "ticker": "KXHIGHNY-25MAR31-T67",
            "count": 1,
            "created_time": "2025-03-31T05:32:00.661644Z",
            "yes_price": 9,
            "no_price": 91,
            "taker_side": "no"
        },
        {
            "trade_id": "fb77b727-01fe-48be-b3a6-038eacb6e57f",
            "ticker": "KXHIGHNY-25MAR31-T67",
            "count": 1,
            "created_time": "2025-03-31T05:31:59.804038Z",
            "yes_price": 9,
            "no_price": 91,
            "taker_side": "no"
        },
        {
            "trade_id": "94611084-4ff2-4eb1-be82-1e2da89e470c",
            "ticker": "KXHIGHNY-25MAR31-T67",
            "count": 1,
            "created_time": "2025-03-31T05:30:48.597872Z",
            "yes_price": 9,
            "no_price": 91,
            "taker_side": "no"
        },
        {
            "trade_id": "65afa421-479d-491e-8545-2ad733de38e7",
            "ticker": "KXHIGHNY-25MAR31-T67",
            "count": 1,
            "created_time": "2025-03-31T05:30:48.597872Z",
            "yes_price": 10,
            "no_price": 90,
            "taker_side": "no"
        },
        {
            "trade_id": "8ea6eb79-716a-4f89-9868-529091e6a349",
            "ticker": "KXHIGHNY-25MAR31-T67",
            "count": 2,
            "created_time": "2025-03-31T05:30:48.424755Z",
            "yes_price": 10,
            "no_price": 90,
            "taker_side": "no"
        },
        {
            "trade_id": "edabd6a5-5e2c-44f0-ab6e-c58c27604a46",
            "ticker": "KXHIGHNY-25MAR31-T67",
            "count": 1,
            "created_time": "2025-03-31T05:30:47.577161Z",
            "yes_price": 10,
            "no_price": 90,
            "taker_side": "no"
        },
        {
            "trade_id": "309d9cb6-5800-41a3-a007-64f5ac16ba34",
            "ticker": "KXHIGHNY-25MAR31-T67",
            "count": 1,
            "created_time": "2025-03-31T05:30:47.019722Z",
            "yes_price": 10,
            "no_price": 90,
            "taker_side": "no"
        },
        {
            "trade_id": "9a840e83-b43b-4e25-9fec-ebd043b2dd57",
            "ticker": "KXHIGHNY-25MAR31-T67",
            "count": 1,
            "created_time": "2025-03-31T05:29:53.013077Z",
            "yes_price": 12,
            "no_price": 88,
            "taker_side": "no"
        },
        {
            "trade_id": "a48e484e-7a08-4bf5-8b77-d4bb6d8b0c28",
            "ticker": "KXHIGHNY-25MAR31-T67",
            "count": 1,
            "created_time": "2025-03-31T05:29:51.844307Z",
            "yes_price": 17,
            "no_price": 83,
            "taker_side": "yes"
        },
        {
            "trade_id": "d5cb17db-9366-4930-806c-fb999e011322",
            "ticker": "KXHIGHNY-25MAR31-T67",
            "count": 1,
            "created_time": "2025-03-31T05:29:51.6488Z",
            "yes_price": 16,
            "no_price": 84,
            "taker_side": "no"
        },
        {
            "trade_id": "6c26814c-eec6-422a-b33e-2bfedd197618",
            "ticker": "KXHIGHNY-25MAR31-T67",
            "count": 9,
            "created_time": "2025-03-31T05:09:03.034229Z",
            "yes_price": 17,
            "no_price": 83,
            "taker_side": "no"
        },
        {
            "trade_id": "19a3e383-799d-4f42-8c0e-81b61374653b",
            "ticker": "KXHIGHNY-25MAR31-T67",
            "count": 14,
            "created_time": "2025-03-31T05:09:02.178907Z",
            "yes_price": 17,
            "no_price": 83,
            "taker_side": "no"
        },
        {
            "trade_id": "15311d5e-4cc8-4bd5-855b-4786530f7364",
            "ticker": "KXHIGHNY-25MAR31-T67",
            "count": 1,
            "created_time": "2025-03-31T05:09:01.330843Z",
            "yes_price": 17,
            "no_price": 83,
            "taker_side": "no"
        },
        {
            "trade_id": "5c2c3788-c3b3-4fbf-8f3c-bdb1edb6e95c",
            "ticker": "KXHIGHNY-25MAR31-T67",
            "count": 1,
            "created_time": "2025-03-31T05:09:01.257101Z",
            "yes_price": 17,
            "no_price": 83,
            "taker_side": "yes"
        },
        {
            "trade_id": "04d7ef15-1797-4d14-86c7-a8df567d0c94",
            "ticker": "KXHIGHNY-25MAR31-T67",
            "count": 3,
            "created_time": "2025-03-31T05:07:10.966995Z",
            "yes_price": 9,
            "no_price": 91,
            "taker_side": "no"
        },
        {
            "trade_id": "1684335a-857e-4149-82fe-99c6f02f031d",
            "ticker": "KXHIGHNY-25MAR31-T67",
            "count": 3,
            "created_time": "2025-03-31T05:07:10.119241Z",
            "yes_price": 9,
            "no_price": 91,
            "taker_side": "no"
        },
        {
            "trade_id": "eba3e1fa-6ae0-468c-ada0-a7335a484f82",
            "ticker": "KXHIGHNY-25MAR31-T67",
            "count": 2,
            "created_time": "2025-03-31T05:07:09.223877Z",
            "yes_price": 9,
            "no_price": 91,
            "taker_side": "no"
        },
        {
            "trade_id": "ce21183f-f228-4796-80aa-c2381dd62195",
            "ticker": "KXHIGHNY-25MAR31-T67",
            "count": 1,
            "created_time": "2025-03-31T05:07:08.366179Z",
            "yes_price": 9,
            "no_price": 91,
            "taker_side": "no"
        },
        {
            "trade_id": "0bd754e6-3a50-4a4b-a85a-a95b1d616fd9",
            "ticker": "KXHIGHNY-25MAR31-T67",
            "count": 1,
            "created_time": "2025-03-31T04:55:02.546515Z",
            "yes_price": 9,
            "no_price": 91,
            "taker_side": "no"
        },
        {
            "trade_id": "70603170-5702-4c45-bbad-640d34043653",
            "ticker": "KXHIGHNY-25MAR31-T67",
            "count": 1,
            "created_time": "2025-03-31T04:55:02.472924Z",
            "yes_price": 9,
            "no_price": 91,
            "taker_side": "no"
        },
        {
            "trade_id": "d0f862b3-cd32-401c-9065-05f90d56c477",
            "ticker": "KXHIGHNY-25MAR31-T67",
            "count": 2,
            "created_time": "2025-03-31T04:54:52.130509Z",
            "yes_price": 9,
            "no_price": 91,
            "taker_side": "no"
        },
        {
            "trade_id": "3b508fb4-3dfc-4f4e-8e89-4e87ebdee1eb",
            "ticker": "KXHIGHNY-25MAR31-T67",
            "count": 1,
            "created_time": "2025-03-31T04:54:17.538948Z",
            "yes_price": 9,
            "no_price": 91,
            "taker_side": "no"
        },
        {
            "trade_id": "e3e7f8d9-ec41-4327-99b0-12181a6dbfc1",
            "ticker": "KXHIGHNY-25MAR31-T67",
            "count": 1,
            "created_time": "2025-03-31T04:54:16.690005Z",
            "yes_price": 9,
            "no_price": 91,
            "taker_side": "no"
        },
        {
            "trade_id": "f6d61ed3-4ec5-4886-8c04-7a7410b53dc7",
            "ticker": "KXHIGHNY-25MAR31-T67",
            "count": 1,
            "created_time": "2025-03-31T04:44:51.420513Z",
            "yes_price": 9,
            "no_price": 91,
            "taker_side": "no"
        },
        {
            "trade_id": "cac0bb0e-2e60-4de4-8562-b43ebc354b4d",
            "ticker": "KXHIGHNY-25MAR31-T67",
            "count": 1,
            "created_time": "2025-03-31T04:44:50.56012Z",
            "yes_price": 9,
            "no_price": 91,
            "taker_side": "no"
        },
        {
            "trade_id": "5b75729b-666b-4d77-a278-ef9c527ed5f2",
            "ticker": "KXHIGHNY-25MAR31-T67",
            "count": 1,
            "created_time": "2025-03-31T04:31:50.84807Z",
            "yes_price": 9,
            "no_price": 91,
            "taker_side": "no"
        },
        {
            "trade_id": "0839470b-99a6-486c-92cb-5a28c0884ed0",
            "ticker": "KXHIGHNY-25MAR31-T67",
            "count": 7,
            "created_time": "2025-03-31T04:31:41.108154Z",
            "yes_price": 9,
            "no_price": 91,
            "taker_side": "no"
        },
        {
            "trade_id": "76d05a09-672f-4343-9688-1b7a5fea5c0c",
            "ticker": "KXHIGHNY-25MAR31-T67",
            "count": 24,
            "created_time": "2025-03-31T04:30:54.273876Z",
            "yes_price": 9,
            "no_price": 91,
            "taker_side": "no"
        },
        {
            "trade_id": "5135cd38-e8e0-48b1-8010-55cb3ff1799b",
            "ticker": "KXHIGHNY-25MAR31-T67",
            "count": 5,
            "created_time": "2025-03-31T04:30:46.013172Z",
            "yes_price": 9,
            "no_price": 91,
            "taker_side": "no"
        },
        {
            "trade_id": "a53dc8d0-8736-41ad-84d2-9b0566de9d6f",
            "ticker": "KXHIGHNY-25MAR31-T67",
            "count": 8,
            "created_time": "2025-03-31T04:30:45.556991Z",
            "yes_price": 9,
            "no_price": 91,
            "taker_side": "no"
        },
        {
            "trade_id": "2d1e6075-1f8f-4f3f-996e-ceefcaf47aac",
            "ticker": "KXHIGHNY-25MAR31-T67",
            "count": 6,
            "created_time": "2025-03-31T04:30:45.160098Z",
            "yes_price": 9,
            "no_price": 91,
            "taker_side": "no"
        },
        {
            "trade_id": "6656f2c7-7e5b-4718-84b9-54f23931c4bd",
            "ticker": "KXHIGHNY-25MAR31-T67",
            "count": 3,
            "created_time": "2025-03-31T04:08:05.386473Z",
            "yes_price": 8,
            "no_price": 92,
            "taker_side": "no"
        },
        {
            "trade_id": "1fba88f3-847c-4714-9302-f0fe2087cce1",
            "ticker": "KXHIGHNY-25MAR31-T67",
            "count": 16,
            "created_time": "2025-03-31T04:06:49.300079Z",
            "yes_price": 9,
            "no_price": 91,
            "taker_side": "no"
        },
        {
            "trade_id": "851baf41-41a1-41c0-8233-0f33e9fa27fa",
            "ticker": "KXHIGHNY-25MAR31-T67",
            "count": 1,
            "created_time": "2025-03-31T04:03:20.664549Z",
            "yes_price": 9,
            "no_price": 91,
            "taker_side": "no"
        },
        {
            "trade_id": "158cbbcd-c923-4328-bc07-15284743993a",
            "ticker": "KXHIGHNY-25MAR31-T67",
            "count": 2,
            "created_time": "2025-03-31T04:02:50.490305Z",
            "yes_price": 9,
            "no_price": 91,
            "taker_side": "no"
        },
        {
            "trade_id": "45f7e982-6d8c-441d-9238-2fc3cef5dc0a",
            "ticker": "KXHIGHNY-25MAR31-T67",
            "count": 2,
            "created_time": "2025-03-31T04:02:49.640669Z",
            "yes_price": 9,
            "no_price": 91,
            "taker_side": "no"
        },
        {
            "trade_id": "c214d5d4-b51a-43fd-87a2-03f149f65400",
            "ticker": "KXHIGHNY-25MAR31-T67",
            "count": 1,
            "created_time": "2025-03-31T04:02:48.790657Z",
            "yes_price": 9,
            "no_price": 91,
            "taker_side": "no"
        },
        {
            "trade_id": "f3d8b53a-b2d9-4db3-bdf2-1a7446000bef",
            "ticker": "KXHIGHNY-25MAR31-T67",
            "count": 2,
            "created_time": "2025-03-31T04:02:48.048908Z",
            "yes_price": 8,
            "no_price": 92,
            "taker_side": "no"
        },
        {
            "trade_id": "7916206c-a94f-4604-b9c2-19596a6cdaec",
            "ticker": "KXHIGHNY-25MAR31-T67",
            "count": 2,
            "created_time": "2025-03-31T04:02:47.945738Z",
            "yes_price": 8,
            "no_price": 92,
            "taker_side": "no"
        },
        {
            "trade_id": "4223c91f-bbff-4671-8468-452de2d74887",
            "ticker": "KXHIGHNY-25MAR31-T67",
            "count": 1,
            "created_time": "2025-03-31T04:02:31.317504Z",
            "yes_price": 9,
            "no_price": 91,
            "taker_side": "no"
        },
        {
            "trade_id": "a4092460-c761-46f9-b212-c7a3a0892672",
            "ticker": "KXHIGHNY-25MAR31-T67",
            "count": 2,
            "created_time": "2025-03-31T04:02:04.073744Z",
            "yes_price": 9,
            "no_price": 91,
            "taker_side": "no"
        },
        {
            "trade_id": "7dc3175f-8c4e-4785-8a81-1586f5ed40e7",
            "ticker": "KXHIGHNY-25MAR31-T67",
            "count": 9,
            "created_time": "2025-03-31T04:01:46.579765Z",
            "yes_price": 10,
            "no_price": 90,
            "taker_side": "no"
        },
        {
            "trade_id": "ed3da41c-7ece-48a0-8b22-82c8a83d1480",
            "ticker": "KXHIGHNY-25MAR31-T67",
            "count": 1,
            "created_time": "2025-03-31T04:01:45.723638Z",
            "yes_price": 10,
            "no_price": 90,
            "taker_side": "no"
        },
        {
            "trade_id": "13a573e9-ed66-4c1a-9bb6-e6a445ea1e71",
            "ticker": "KXHIGHNY-25MAR31-T67",
            "count": 13,
            "created_time": "2025-03-31T04:01:45.723638Z",
            "yes_price": 10,
            "no_price": 90,
            "taker_side": "no"
        },
        {
            "trade_id": "de81b968-6299-42c2-92a3-208582b60a26",
            "ticker": "KXHIGHNY-25MAR31-T67",
            "count": 2,
            "created_time": "2025-03-31T04:00:19.393797Z",
            "yes_price": 11,
            "no_price": 89,
            "taker_side": "yes"
        },
        {
            "trade_id": "efd80e00-280c-475d-b445-5ca9292bfd6f",
            "ticker": "KXHIGHNY-25MAR31-T67",
            "count": 3,
            "created_time": "2025-03-31T03:53:41.952719Z",
            "yes_price": 10,
            "no_price": 90,
            "taker_side": "yes"
        },
        {
            "trade_id": "995ba2a9-6193-4c41-8f33-5a45474f6fde",
            "ticker": "KXHIGHNY-25MAR31-T67",
            "count": 4,
            "created_time": "2025-03-31T03:53:41.952719Z",
            "yes_price": 10,
            "no_price": 90,
            "taker_side": "yes"
        },
        {
            "trade_id": "8cff884f-7176-4fa5-869a-b8cfefc30470",
            "ticker": "KXHIGHNY-25MAR31-T67",
            "count": 1,
            "created_time": "2025-03-31T03:52:09.98986Z",
            "yes_price": 8,
            "no_price": 92,
            "taker_side": "no"
        },
        {
            "trade_id": "3682a7fc-96ef-44a5-9473-7051d8f4f3a9",
            "ticker": "KXHIGHNY-25MAR31-T67",
            "count": 18,
            "created_time": "2025-03-31T03:51:31.664017Z",
            "yes_price": 10,
            "no_price": 90,
            "taker_side": "yes"
        },
        {
            "trade_id": "900a3492-569e-404e-8b59-2fd1bb2f7994",
            "ticker": "KXHIGHNY-25MAR31-T67",
            "count": 1,
            "created_time": "2025-03-31T03:42:50.74985Z",
            "yes_price": 8,
            "no_price": 92,
            "taker_side": "no"
        },
        {
            "trade_id": "32713f65-74ff-4a27-8252-ee7cbc63b2e1",
            "ticker": "KXHIGHNY-25MAR31-T67",
            "count": 3,
            "created_time": "2025-03-31T03:42:42.789124Z",
            "yes_price": 9,
            "no_price": 91,
            "taker_side": "no"
        },
        {
            "trade_id": "d9f251dc-6df5-4ae6-8ca7-b56400108962",
            "ticker": "KXHIGHNY-25MAR31-T67",
            "count": 2,
            "created_time": "2025-03-31T03:42:25.123127Z",
            "yes_price": 10,
            "no_price": 90,
            "taker_side": "no"
        },
        {
            "trade_id": "fb639b3e-ce72-41b4-8ad9-457e0b45e6db",
            "ticker": "KXHIGHNY-25MAR31-T67",
            "count": 2,
            "created_time": "2025-03-31T03:42:10.709041Z",
            "yes_price": 11,
            "no_price": 89,
            "taker_side": "yes"
        },
        {
            "trade_id": "e8f0b1ba-bc96-4517-921d-16c157dae6a5",
            "ticker": "KXHIGHNY-25MAR31-T67",
            "count": 1,
            "created_time": "2025-03-31T03:42:07.982595Z",
            "yes_price": 11,
            "no_price": 89,
            "taker_side": "no"
        },
        {
            "trade_id": "ddc949ca-b190-4057-80bc-bed04d5848cf",
            "ticker": "KXHIGHNY-25MAR31-T67",
            "count": 1,
            "created_time": "2025-03-31T03:41:17.07761Z",
            "yes_price": 12,
            "no_price": 88,
            "taker_side": "no"
        },
        {
            "trade_id": "650584b3-e862-4be4-a5b7-60c014499df1",
            "ticker": "KXHIGHNY-25MAR31-T67",
            "count": 1,
            "created_time": "2025-03-31T03:41:14.086602Z",
            "yes_price": 8,
            "no_price": 92,
            "taker_side": "no"
        },
        {
            "trade_id": "c03830a1-eef6-443f-8468-aa0b30896b89",
            "ticker": "KXHIGHNY-25MAR31-T67",
            "count": 2,
            "created_time": "2025-03-31T03:40:51.305012Z",
            "yes_price": 11,
            "no_price": 89,
            "taker_side": "yes"
        },
        {
            "trade_id": "8d77a9d2-8bde-4a4f-be4f-01a4af8a996c",
            "ticker": "KXHIGHNY-25MAR31-T67",
            "count": 2,
            "created_time": "2025-03-31T03:40:51.305012Z",
            "yes_price": 12,
            "no_price": 88,
            "taker_side": "yes"
        },
        {
            "trade_id": "092afa0b-78f4-4b15-b2ec-dac0fe1dfdf7",
            "ticker": "KXHIGHNY-25MAR31-T67",
            "count": 2,
            "created_time": "2025-03-31T03:40:51.305012Z",
            "yes_price": 13,
            "no_price": 87,
            "taker_side": "yes"
        },
        {
            "trade_id": "5ff87547-b311-4707-b2be-c7832e151531",
            "ticker": "KXHIGHNY-25MAR31-T67",
            "count": 3,
            "created_time": "2025-03-31T03:40:27.2026Z",
            "yes_price": 10,
            "no_price": 90,
            "taker_side": "yes"
        },
        {
            "trade_id": "7ed9c4dc-c6b4-42e8-b430-ab282c71b30c",
            "ticker": "KXHIGHNY-25MAR31-T67",
            "count": 1,
            "created_time": "2025-03-31T03:35:00.273939Z",
            "yes_price": 9,
            "no_price": 91,
            "taker_side": "no"
        },
        {
            "trade_id": "4a2a7aa0-7979-4899-b174-95b01b365ead",
            "ticker": "KXHIGHNY-25MAR31-T67",
            "count": 1,
            "created_time": "2025-03-31T03:34:58.386953Z",
            "yes_price": 9,
            "no_price": 91,
            "taker_side": "no"
        },
        {
            "trade_id": "5f55a951-958f-48ae-9370-91d63e21dc0c",
            "ticker": "KXHIGHNY-25MAR31-T67",
            "count": 2,
            "created_time": "2025-03-31T03:34:57.800624Z",
            "yes_price": 9,
            "no_price": 91,
            "taker_side": "no"
        },
        {
            "trade_id": "7ca8bee6-b971-44ae-a6d3-92f01294ffa9",
            "ticker": "KXHIGHNY-25MAR31-T67",
            "count": 19,
            "created_time": "2025-03-31T03:31:18.759823Z",
            "yes_price": 9,
            "no_price": 91,
            "taker_side": "no"
        },
        {
            "trade_id": "f6d68ffe-201f-4ac9-8bcf-117122afaf36",
            "ticker": "KXHIGHNY-25MAR31-T67",
            "count": 1,
            "created_time": "2025-03-31T03:27:59.397504Z",
            "yes_price": 16,
            "no_price": 84,
            "taker_side": "yes"
        },
        {
            "trade_id": "60dad490-af8f-42d3-b1c9-2ea41d94feda",
            "ticker": "KXHIGHNY-25MAR31-T67",
            "count": 3,
            "created_time": "2025-03-31T03:27:59.397504Z",
            "yes_price": 22,
            "no_price": 78,
            "taker_side": "yes"
        },
        {
            "trade_id": "52af38ec-3ae3-40b3-aabb-929b5ea29635",
            "ticker": "KXHIGHNY-25MAR31-T67",
            "count": 1,
            "created_time": "2025-03-31T03:27:59.397504Z",
            "yes_price": 17,
            "no_price": 83,
            "taker_side": "yes"
        },
        {
            "trade_id": "2465205c-fe33-4cd1-896a-77abc53f6bb7",
            "ticker": "KXHIGHNY-25MAR31-T67",
            "count": 19,
            "created_time": "2025-03-31T03:27:59.397504Z",
            "yes_price": 18,
            "no_price": 82,
            "taker_side": "yes"
        },
        {
            "trade_id": "20b0cff8-016d-4895-87a5-17e696e9d923",
            "ticker": "KXHIGHNY-25MAR31-T67",
            "count": 1,
            "created_time": "2025-03-31T03:27:59.397504Z",
            "yes_price": 19,
            "no_price": 81,
            "taker_side": "yes"
        },
        {
            "trade_id": "cf6a50f0-c017-4cb0-a67a-37d440072419",
            "ticker": "KXHIGHNY-25MAR31-T67",
            "count": 6,
            "created_time": "2025-03-31T03:26:59.781807Z",
            "yes_price": 12,
            "no_price": 88,
            "taker_side": "yes"
        },
        {
            "trade_id": "ce389e74-f5fb-467e-879d-d3f1c34a6b25",
            "ticker": "KXHIGHNY-25MAR31-T67",
            "count": 8,
            "created_time": "2025-03-31T03:26:59.781807Z",
            "yes_price": 13,
            "no_price": 87,
            "taker_side": "yes"
        },
        {
            "trade_id": "c4219b79-e7be-492c-b72f-dc40263ed41a",
            "ticker": "KXHIGHNY-25MAR31-T67",
            "count": 34,
            "created_time": "2025-03-31T03:26:59.781807Z",
            "yes_price": 13,
            "no_price": 87,
            "taker_side": "yes"
        },
        {
            "trade_id": "708cf783-d0da-4e74-8b7c-cb8199ec66af",
            "ticker": "KXHIGHNY-25MAR31-T67",
            "count": 1,
            "created_time": "2025-03-31T03:26:59.781807Z",
            "yes_price": 12,
            "no_price": 88,
            "taker_side": "yes"
        },
        {
            "trade_id": "31b9840b-d52a-42d7-8fb2-3e5d43e3c0ab",
            "ticker": "KXHIGHNY-25MAR31-T67",
            "count": 298,
            "created_time": "2025-03-31T03:26:59.781807Z",
            "yes_price": 13,
            "no_price": 87,
            "taker_side": "yes"
        },
        {
            "trade_id": "1c6f7622-4562-4e3a-bdba-9fcc82ac9087",
            "ticker": "KXHIGHNY-25MAR31-T67",
            "count": 13,
            "created_time": "2025-03-31T03:26:59.781807Z",
            "yes_price": 13,
            "no_price": 87,
            "taker_side": "yes"
        },
        {
            "trade_id": "7f9624a0-cfb9-4587-92f2-52ea04fd2a3c",
            "ticker": "KXHIGHNY-25MAR31-T67",
            "count": 6,
            "created_time": "2025-03-31T03:21:39.387458Z",
            "yes_price": 9,
            "no_price": 91,
            "taker_side": "no"
        },
        {
            "trade_id": "5a5e908a-46b3-4a95-8b0e-e4442d505546",
            "ticker": "KXHIGHNY-25MAR31-T67",
            "count": 39,
            "created_time": "2025-03-31T03:21:39.284183Z",
            "yes_price": 12,
            "no_price": 88,
            "taker_side": "no"
        },
        {
            "trade_id": "d2ce2aba-efc9-4c5b-a285-6bec0a3f01de",
            "ticker": "KXHIGHNY-25MAR31-T67",
            "count": 240,
            "created_time": "2025-03-31T03:21:38.986976Z",
            "yes_price": 12,
            "no_price": 88,
            "taker_side": "no"
        },
        {
            "trade_id": "5bb3a333-74f9-4a2a-8d16-eb4ae95db27f",
            "ticker": "KXHIGHNY-25MAR31-T67",
            "count": 21,
            "created_time": "2025-03-31T03:21:38.917339Z",
            "yes_price": 12,
            "no_price": 88,
            "taker_side": "no"
        },
        {
            "trade_id": "93ea2300-7990-4ba4-91b0-8ee09e680c65",
            "ticker": "KXHIGHNY-25MAR31-T67",
            "count": 20,
            "created_time": "2025-03-31T02:48:35.984819Z",
            "yes_price": 13,
            "no_price": 87,
            "taker_side": "no"
        },
        {
            "trade_id": "d1440d73-1949-4cb0-ad78-43ece3624a3e",
            "ticker": "KXHIGHNY-25MAR31-T67",
            "count": 10,
            "created_time": "2025-03-31T01:41:38.564487Z",
            "yes_price": 22,
            "no_price": 78,
            "taker_side": "yes"
        },
        {
            "trade_id": "6c396c47-4dbf-4502-ad43-279daf7f246b",
            "ticker": "KXHIGHNY-25MAR31-T67",
            "count": 80,
            "created_time": "2025-03-31T01:33:40.094925Z",
            "yes_price": 10,
            "no_price": 90,
            "taker_side": "no"
        },
        {
            "trade_id": "f8fa1199-ee44-4db7-b046-01cab17b6bcf",
            "ticker": "KXHIGHNY-25MAR31-T67",
            "count": 40,
            "created_time": "2025-03-31T01:31:19.91397Z",
            "yes_price": 11,
            "no_price": 89,
            "taker_side": "no"
        },
        {
            "trade_id": "4a755fbc-6266-4e39-9619-b880108bcf64",
            "ticker": "KXHIGHNY-25MAR31-T67",
            "count": 20,
            "created_time": "2025-03-31T00:56:13.751638Z",
            "yes_price": 11,
            "no_price": 89,
            "taker_side": "yes"
        },
        {
            "trade_id": "bc6ad02b-7d79-4407-8374-6de6f1ae0167",
            "ticker": "KXHIGHNY-25MAR31-T67",
            "count": 119,
            "created_time": "2025-03-31T00:54:36.047431Z",
            "yes_price": 10,
            "no_price": 90,
            "taker_side": "no"
        },
        {
            "trade_id": "5bc23bfa-bd6f-4c40-b285-5058f63e53fb",
            "ticker": "KXHIGHNY-25MAR31-T67",
            "count": 101,
            "created_time": "2025-03-31T00:54:33.928261Z",
            "yes_price": 10,
            "no_price": 90,
            "taker_side": "no"
        },
        {
            "trade_id": "c0c24984-cddb-4eda-a76f-19850d851e5c",
            "ticker": "KXHIGHNY-25MAR31-T67",
            "count": 15,
            "created_time": "2025-03-31T00:35:11.054586Z",
            "yes_price": 11,
            "no_price": 89,
            "taker_side": "no"
        },
        {
            "trade_id": "977d2fbc-2d9d-4cc0-a154-50f4671ff87f",
            "ticker": "KXHIGHNY-25MAR31-T67",
            "count": 41,
            "created_time": "2025-03-30T23:55:47.972998Z",
            "yes_price": 17,
            "no_price": 83,
            "taker_side": "yes"
        },
        {
            "trade_id": "09c9b0c1-c84a-46f7-bfb8-3cc36021daf6",
            "ticker": "KXHIGHNY-25MAR31-T67",
            "count": 2,
            "created_time": "2025-03-30T23:55:47.972998Z",
            "yes_price": 27,
            "no_price": 73,
            "taker_side": "yes"
        },
        {
            "trade_id": "afea283f-a0ac-4a03-a850-d7a4f331eef8",
            "ticker": "KXHIGHNY-25MAR31-T67",
            "count": 50,
            "created_time": "2025-03-30T23:50:16.193384Z",
            "yes_price": 10,
            "no_price": 90,
            "taker_side": "yes"
        },
        {
            "trade_id": "7fa5e1af-8124-420f-a2db-e0011442b237",
            "ticker": "KXHIGHNY-25MAR31-T67",
            "count": 1,
            "created_time": "2025-03-30T23:49:27.687484Z",
            "yes_price": 8,
            "no_price": 92,
            "taker_side": "no"
        },
        {
            "trade_id": "1d44091c-d9ce-40ec-9fb2-717df0b3b7d1",
            "ticker": "KXHIGHNY-25MAR31-T67",
            "count": 51,
            "created_time": "2025-03-30T23:48:43.317617Z",
            "yes_price": 8,
            "no_price": 92,
            "taker_side": "no"
        },
        {
            "trade_id": "5d1b288e-70d2-497c-bdcd-78ae0c126b15",
            "ticker": "KXHIGHNY-25MAR31-T67",
            "count": 68,
            "created_time": "2025-03-30T23:44:44.347462Z",
            "yes_price": 8,
            "no_price": 92,
            "taker_side": "no"
        },
        {
            "trade_id": "c2e6d550-21f6-4b87-a46c-bd2cf18d407b",
            "ticker": "KXHIGHNY-25MAR31-T67",
            "count": 50,
            "created_time": "2025-03-30T23:44:42.25646Z",
            "yes_price": 9,
            "no_price": 91,
            "taker_side": "yes"
        },
        {
            "trade_id": "07fca386-f3c1-44f8-b870-e9c8b08525d7",
            "ticker": "KXHIGHNY-25MAR31-T67",
            "count": 1,
            "created_time": "2025-03-30T23:43:21.611579Z",
            "yes_price": 8,
            "no_price": 92,
            "taker_side": "no"
        },
        {
            "trade_id": "b9114093-55f7-48f3-886a-fe643acc9f3a",
            "ticker": "KXHIGHNY-25MAR31-T67",
            "count": 11,
            "created_time": "2025-03-30T23:42:35.387303Z",
            "yes_price": 8,
            "no_price": 92,
            "taker_side": "no"
        },
        {
            "trade_id": "4b3c84dc-2a98-4d8a-9962-0088e5c39ce3",
            "ticker": "KXHIGHNY-25MAR31-T67",
            "count": 38,
            "created_time": "2025-03-30T23:42:03.725428Z",
            "yes_price": 14,
            "no_price": 86,
            "taker_side": "yes"
        },
        {
            "trade_id": "3555ce07-0ef5-435f-b546-d872400f6cb3",
            "ticker": "KXHIGHNY-25MAR31-T67",
            "count": 34,
            "created_time": "2025-03-30T23:42:03.725428Z",
            "yes_price": 12,
            "no_price": 88,
            "taker_side": "yes"
        },
        {
            "trade_id": "dc9f1861-37b8-4c58-9bfa-742922b2d37e",
            "ticker": "KXHIGHNY-25MAR31-T67",
            "count": 50,
            "created_time": "2025-03-30T22:53:30.897904Z",
            "yes_price": 13,
            "no_price": 87,
            "taker_side": "yes"
        },
        {
            "trade_id": "1620f975-732f-4858-adb4-fa8ef963c6e4",
            "ticker": "KXHIGHNY-25MAR31-T67",
            "count": 25,
            "created_time": "2025-03-30T22:45:58.183696Z",
            "yes_price": 13,
            "no_price": 87,
            "taker_side": "yes"
        },
        {
            "trade_id": "43e9f2ba-adac-49b9-a23d-397aa50db43f",
            "ticker": "KXHIGHNY-25MAR31-T67",
            "count": 116,
            "created_time": "2025-03-30T22:40:27.480551Z",
            "yes_price": 12,
            "no_price": 88,
            "taker_side": "yes"
        },
        {
            "trade_id": "2b52289d-2e04-456d-8dde-174d4d0ad50f",
            "ticker": "KXHIGHNY-25MAR31-T67",
            "count": 105,
            "created_time": "2025-03-30T18:24:44.311769Z",
            "yes_price": 6,
            "no_price": 94,
            "taker_side": "yes"
        },
        {
            "trade_id": "e0c3abe5-6514-41a8-8103-e3a7264ca7e3",
            "ticker": "KXHIGHNY-25MAR31-T67",
            "count": 1,
            "created_time": "2025-03-30T18:24:42.474836Z",
            "yes_price": 6,
            "no_price": 94,
            "taker_side": "no"
        },
        {
            "trade_id": "ac8833b2-cdcb-445a-9471-60cf806ec217",
            "ticker": "KXHIGHNY-25MAR31-T67",
            "count": 103,
            "created_time": "2025-03-30T18:24:42.474836Z",
            "yes_price": 6,
            "no_price": 94,
            "taker_side": "no"
        },
        {
            "trade_id": "1ef939b0-68a1-48c7-ba66-0bff9b85566b",
            "ticker": "KXHIGHNY-25MAR31-T67",
            "count": 1,
            "created_time": "2025-03-30T18:24:42.474836Z",
            "yes_price": 6,
            "no_price": 94,
            "taker_side": "no"
        }
    ],
    "KXHIGHNY-25MAR31-B67.5": [
        {
            "trade_id": "91f00fde-bb0f-4109-98e7-9a2b52513a0f",
            "ticker": "KXHIGHNY-25MAR31-B67.5",
            "count": 180,
            "created_time": "2025-03-31T18:48:53.261771Z",
            "yes_price": 1,
            "no_price": 99,
            "taker_side": "yes"
        },
        {
            "trade_id": "fb7f49cd-e182-45da-9e1b-81bdf821cb70",
            "ticker": "KXHIGHNY-25MAR31-B67.5",
            "count": 50,
            "created_time": "2025-03-31T18:44:07.310025Z",
            "yes_price": 1,
            "no_price": 99,
            "taker_side": "yes"
        },
        {
            "trade_id": "002d0b05-ebb0-4ab8-a7b4-0b1256510c5b",
            "ticker": "KXHIGHNY-25MAR31-B67.5",
            "count": 8,
            "created_time": "2025-03-31T18:03:52.550364Z",
            "yes_price": 1,
            "no_price": 99,
            "taker_side": "yes"
        },
        {
            "trade_id": "a22d4b95-722a-49a4-91e7-551840230f9b",
            "ticker": "KXHIGHNY-25MAR31-B67.5",
            "count": 7,
            "created_time": "2025-03-31T17:48:01.441553Z",
            "yes_price": 1,
            "no_price": 99,
            "taker_side": "no"
        },
        {
            "trade_id": "87575a44-c403-4d1e-868a-0b0331ecf999",
            "ticker": "KXHIGHNY-25MAR31-B67.5",
            "count": 42,
            "created_time": "2025-03-31T17:48:01.441553Z",
            "yes_price": 1,
            "no_price": 99,
            "taker_side": "no"
        },
        {
            "trade_id": "85b80405-97c1-464c-be19-b6d8e479748c",
            "ticker": "KXHIGHNY-25MAR31-B67.5",
            "count": 50,
            "created_time": "2025-03-31T17:48:01.441553Z",
            "yes_price": 1,
            "no_price": 99,
            "taker_side": "no"
        },
        {
            "trade_id": "f8f9f2af-9255-47eb-aed7-ccc4b711c31c",
            "ticker": "KXHIGHNY-25MAR31-B67.5",
            "count": 25,
            "created_time": "2025-03-31T17:44:10.568679Z",
            "yes_price": 2,
            "no_price": 98,
            "taker_side": "yes"
        },
        {
            "trade_id": "b893d058-6018-4ec8-960b-1386a3ab308c",
            "ticker": "KXHIGHNY-25MAR31-B67.5",
            "count": 200,
            "created_time": "2025-03-31T17:44:10.568679Z",
            "yes_price": 2,
            "no_price": 98,
            "taker_side": "yes"
        },
        {
            "trade_id": "906d9e57-d664-49c8-85e4-059b6c8a240d",
            "ticker": "KXHIGHNY-25MAR31-B67.5",
            "count": 50,
            "created_time": "2025-03-31T17:43:19.777053Z",
            "yes_price": 2,
            "no_price": 98,
            "taker_side": "no"
        },
        {
            "trade_id": "adcee031-ade1-47ad-9d75-60d10408db9c",
            "ticker": "KXHIGHNY-25MAR31-B67.5",
            "count": 9,
            "created_time": "2025-03-31T17:42:36.601862Z",
            "yes_price": 1,
            "no_price": 99,
            "taker_side": "no"
        },
        {
            "trade_id": "7a92d83e-a036-4f35-824b-16456b3f1fe2",
            "ticker": "KXHIGHNY-25MAR31-B67.5",
            "count": 49,
            "created_time": "2025-03-31T17:42:36.601862Z",
            "yes_price": 1,
            "no_price": 99,
            "taker_side": "no"
        },
        {
            "trade_id": "dd836cd4-3bf4-4e55-a52f-31cf62a9e895",
            "ticker": "KXHIGHNY-25MAR31-B67.5",
            "count": 27,
            "created_time": "2025-03-31T17:42:18.72984Z",
            "yes_price": 1,
            "no_price": 99,
            "taker_side": "no"
        },
        {
            "trade_id": "957d3cb5-74e2-46a7-bfad-d2f152c8d96e",
            "ticker": "KXHIGHNY-25MAR31-B67.5",
            "count": 17,
            "created_time": "2025-03-31T17:42:18.72984Z",
            "yes_price": 1,
            "no_price": 99,
            "taker_side": "no"
        },
        {
            "trade_id": "5872a8ab-a7d4-4e1a-b2e8-8329b5845ff3",
            "ticker": "KXHIGHNY-25MAR31-B67.5",
            "count": 100,
            "created_time": "2025-03-31T17:42:18.72984Z",
            "yes_price": 1,
            "no_price": 99,
            "taker_side": "no"
        },
        {
            "trade_id": "0fbbde6c-292f-4119-8a15-99f7db5bb218",
            "ticker": "KXHIGHNY-25MAR31-B67.5",
            "count": 87,
            "created_time": "2025-03-31T17:42:18.72984Z",
            "yes_price": 1,
            "no_price": 99,
            "taker_side": "no"
        },
        {
            "trade_id": "7989cae7-ed03-4cf0-b636-9a9687d874bf",
            "ticker": "KXHIGHNY-25MAR31-B67.5",
            "count": 50,
            "created_time": "2025-03-31T17:41:47.48399Z",
            "yes_price": 2,
            "no_price": 98,
            "taker_side": "no"
        },
        {
            "trade_id": "bb9f16cf-3446-40e9-8669-53cb86f1bca6",
            "ticker": "KXHIGHNY-25MAR31-B67.5",
            "count": 25,
            "created_time": "2025-03-31T17:32:59.148647Z",
            "yes_price": 4,
            "no_price": 96,
            "taker_side": "yes"
        },
        {
            "trade_id": "10497693-6002-4959-877d-d481ab9bb167",
            "ticker": "KXHIGHNY-25MAR31-B67.5",
            "count": 15,
            "created_time": "2025-03-31T17:27:13.710514Z",
            "yes_price": 3,
            "no_price": 97,
            "taker_side": "yes"
        },
        {
            "trade_id": "8daff70c-69f5-4f10-8fba-050a055751d1",
            "ticker": "KXHIGHNY-25MAR31-B67.5",
            "count": 50,
            "created_time": "2025-03-31T17:26:03.887611Z",
            "yes_price": 2,
            "no_price": 98,
            "taker_side": "no"
        },
        {
            "trade_id": "fcff4661-9bbe-4473-98e1-79339e68c807",
            "ticker": "KXHIGHNY-25MAR31-B67.5",
            "count": 41,
            "created_time": "2025-03-31T17:24:21.252802Z",
            "yes_price": 2,
            "no_price": 98,
            "taker_side": "no"
        },
        {
            "trade_id": "6b00e527-7569-4958-bdbc-a9ac4df98472",
            "ticker": "KXHIGHNY-25MAR31-B67.5",
            "count": 6,
            "created_time": "2025-03-31T17:24:05.426366Z",
            "yes_price": 2,
            "no_price": 98,
            "taker_side": "no"
        },
        {
            "trade_id": "0aa698c0-1ad8-42e8-8f84-5d0c4eb27a86",
            "ticker": "KXHIGHNY-25MAR31-B67.5",
            "count": 50,
            "created_time": "2025-03-31T17:23:51.805684Z",
            "yes_price": 3,
            "no_price": 97,
            "taker_side": "no"
        },
        {
            "trade_id": "f1bb43f2-c0ef-4b45-ae87-63d8250569c0",
            "ticker": "KXHIGHNY-25MAR31-B67.5",
            "count": 15,
            "created_time": "2025-03-31T17:22:48.363802Z",
            "yes_price": 6,
            "no_price": 94,
            "taker_side": "yes"
        },
        {
            "trade_id": "76e9162a-1127-4674-be06-9411e2c1f24b",
            "ticker": "KXHIGHNY-25MAR31-B67.5",
            "count": 25,
            "created_time": "2025-03-31T17:22:48.363802Z",
            "yes_price": 6,
            "no_price": 94,
            "taker_side": "yes"
        },
        {
            "trade_id": "d552e430-43bc-466d-9a84-87825a835c4d",
            "ticker": "KXHIGHNY-25MAR31-B67.5",
            "count": 50,
            "created_time": "2025-03-31T17:21:19.658317Z",
            "yes_price": 3,
            "no_price": 97,
            "taker_side": "no"
        },
        {
            "trade_id": "7c27875f-30f0-4c19-9068-bead43a42c9e",
            "ticker": "KXHIGHNY-25MAR31-B67.5",
            "count": 200,
            "created_time": "2025-03-31T17:17:06.82713Z",
            "yes_price": 3,
            "no_price": 97,
            "taker_side": "no"
        },
        {
            "trade_id": "6d135024-8b9c-4397-9d7b-7503ee4c3527",
            "ticker": "KXHIGHNY-25MAR31-B67.5",
            "count": 200,
            "created_time": "2025-03-31T17:17:06.82713Z",
            "yes_price": 2,
            "no_price": 98,
            "taker_side": "no"
        },
        {
            "trade_id": "2e749bd9-cf13-4e1c-a075-7d5a5c54d626",
            "ticker": "KXHIGHNY-25MAR31-B67.5",
            "count": 50,
            "created_time": "2025-03-31T17:17:06.82713Z",
            "yes_price": 3,
            "no_price": 97,
            "taker_side": "no"
        },
        {
            "trade_id": "8e078b99-6015-40c4-bdc4-bd26415de4a5",
            "ticker": "KXHIGHNY-25MAR31-B67.5",
            "count": 18,
            "created_time": "2025-03-31T17:15:28.21863Z",
            "yes_price": 3,
            "no_price": 97,
            "taker_side": "no"
        },
        {
            "trade_id": "6e275912-bfa3-424d-a4d9-368acfd43ef9",
            "ticker": "KXHIGHNY-25MAR31-B67.5",
            "count": 75,
            "created_time": "2025-03-31T17:15:28.21863Z",
            "yes_price": 4,
            "no_price": 96,
            "taker_side": "no"
        },
        {
            "trade_id": "491a05bb-df13-48fc-abc7-58d4f4f1c480",
            "ticker": "KXHIGHNY-25MAR31-B67.5",
            "count": 50,
            "created_time": "2025-03-31T17:15:28.21863Z",
            "yes_price": 5,
            "no_price": 95,
            "taker_side": "no"
        },
        {
            "trade_id": "ac680e0b-d9c9-4d4e-81f8-dab248692249",
            "ticker": "KXHIGHNY-25MAR31-B67.5",
            "count": 30,
            "created_time": "2025-03-31T17:08:01.282196Z",
            "yes_price": 7,
            "no_price": 93,
            "taker_side": "yes"
        },
        {
            "trade_id": "71394553-a14e-4ed2-b0f9-660798777883",
            "ticker": "KXHIGHNY-25MAR31-B67.5",
            "count": 3,
            "created_time": "2025-03-31T17:00:31.544747Z",
            "yes_price": 5,
            "no_price": 95,
            "taker_side": "no"
        },
        {
            "trade_id": "0190f78c-1a21-43f9-9c66-8b9b94dfe713",
            "ticker": "KXHIGHNY-25MAR31-B67.5",
            "count": 49,
            "created_time": "2025-03-31T17:00:31.544747Z",
            "yes_price": 5,
            "no_price": 95,
            "taker_side": "no"
        },
        {
            "trade_id": "d2f9d0fc-e4a9-401d-807a-206bb8719d13",
            "ticker": "KXHIGHNY-25MAR31-B67.5",
            "count": 1,
            "created_time": "2025-03-31T17:00:27.391359Z",
            "yes_price": 5,
            "no_price": 95,
            "taker_side": "no"
        },
        {
            "trade_id": "887f6c8f-580f-420c-8f79-d64d8919db3d",
            "ticker": "KXHIGHNY-25MAR31-B67.5",
            "count": 50,
            "created_time": "2025-03-31T17:00:26.156514Z",
            "yes_price": 6,
            "no_price": 94,
            "taker_side": "no"
        },
        {
            "trade_id": "f63df26d-7c25-4649-a038-b8cc644eb338",
            "ticker": "KXHIGHNY-25MAR31-B67.5",
            "count": 50,
            "created_time": "2025-03-31T16:59:27.049438Z",
            "yes_price": 5,
            "no_price": 95,
            "taker_side": "no"
        },
        {
            "trade_id": "e4eac55e-94c1-43fe-98c8-02c2f2dca11b",
            "ticker": "KXHIGHNY-25MAR31-B67.5",
            "count": 47,
            "created_time": "2025-03-31T16:58:59.879264Z",
            "yes_price": 6,
            "no_price": 94,
            "taker_side": "no"
        },
        {
            "trade_id": "de517c7f-0edb-49c2-8f44-7d3e82ab598b",
            "ticker": "KXHIGHNY-25MAR31-B67.5",
            "count": 3,
            "created_time": "2025-03-31T16:58:59.879264Z",
            "yes_price": 6,
            "no_price": 94,
            "taker_side": "no"
        },
        {
            "trade_id": "e3757430-c7bc-471b-86c1-9aca37d6d505",
            "ticker": "KXHIGHNY-25MAR31-B67.5",
            "count": 1,
            "created_time": "2025-03-31T16:58:20.669885Z",
            "yes_price": 8,
            "no_price": 92,
            "taker_side": "no"
        },
        {
            "trade_id": "e26ee0dd-bfb0-4306-a5bd-0b1e5c7afcb5",
            "ticker": "KXHIGHNY-25MAR31-B67.5",
            "count": 1,
            "created_time": "2025-03-31T16:58:20.669885Z",
            "yes_price": 11,
            "no_price": 89,
            "taker_side": "no"
        },
        {
            "trade_id": "af2615e8-b0ad-4bf9-8abf-ceda18da09c8",
            "ticker": "KXHIGHNY-25MAR31-B67.5",
            "count": 20,
            "created_time": "2025-03-31T16:58:20.669885Z",
            "yes_price": 6,
            "no_price": 94,
            "taker_side": "no"
        },
        {
            "trade_id": "8e4f6004-5485-4aa2-93af-444979626d07",
            "ticker": "KXHIGHNY-25MAR31-B67.5",
            "count": 1,
            "created_time": "2025-03-31T16:58:20.669885Z",
            "yes_price": 9,
            "no_price": 91,
            "taker_side": "no"
        },
        {
            "trade_id": "1e5269cb-1b99-4a26-9d28-93e43932394f",
            "ticker": "KXHIGHNY-25MAR31-B67.5",
            "count": 1,
            "created_time": "2025-03-31T16:58:20.669885Z",
            "yes_price": 10,
            "no_price": 90,
            "taker_side": "no"
        },
        {
            "trade_id": "197ab5a8-eb80-43b1-a8f9-6204d05760f1",
            "ticker": "KXHIGHNY-25MAR31-B67.5",
            "count": 1,
            "created_time": "2025-03-31T16:58:20.669885Z",
            "yes_price": 7,
            "no_price": 93,
            "taker_side": "no"
        },
        {
            "trade_id": "ef76f189-ba5a-4d30-8210-3a82485d7f43",
            "ticker": "KXHIGHNY-25MAR31-B67.5",
            "count": 3,
            "created_time": "2025-03-31T16:56:57.66371Z",
            "yes_price": 12,
            "no_price": 88,
            "taker_side": "no"
        },
        {
            "trade_id": "d32a17a5-1b03-4385-a752-5143decae95e",
            "ticker": "KXHIGHNY-25MAR31-B67.5",
            "count": 1,
            "created_time": "2025-03-31T16:56:57.66371Z",
            "yes_price": 12,
            "no_price": 88,
            "taker_side": "no"
        },
        {
            "trade_id": "8a0ac1ba-d399-460a-b2a8-fefd3e2fc60d",
            "ticker": "KXHIGHNY-25MAR31-B67.5",
            "count": 1,
            "created_time": "2025-03-31T16:56:57.66371Z",
            "yes_price": 12,
            "no_price": 88,
            "taker_side": "no"
        },
        {
            "trade_id": "f8b8e436-65b0-4c08-9549-cf488fa67d33",
            "ticker": "KXHIGHNY-25MAR31-B67.5",
            "count": 56,
            "created_time": "2025-03-31T16:52:16.675132Z",
            "yes_price": 12,
            "no_price": 88,
            "taker_side": "no"
        },
        {
            "trade_id": "cfd6e66a-97aa-434a-a74c-82aa15618c11",
            "ticker": "KXHIGHNY-25MAR31-B67.5",
            "count": 1,
            "created_time": "2025-03-31T16:45:28.025467Z",
            "yes_price": 15,
            "no_price": 85,
            "taker_side": "no"
        },
        {
            "trade_id": "fc67007d-3c68-4d37-8045-e7880686921d",
            "ticker": "KXHIGHNY-25MAR31-B67.5",
            "count": 48,
            "created_time": "2025-03-31T16:42:42.511017Z",
            "yes_price": 18,
            "no_price": 82,
            "taker_side": "no"
        },
        {
            "trade_id": "bfc22777-bdea-4676-80e6-8bbc389228c3",
            "ticker": "KXHIGHNY-25MAR31-B67.5",
            "count": 1,
            "created_time": "2025-03-31T16:42:21.219695Z",
            "yes_price": 19,
            "no_price": 81,
            "taker_side": "no"
        },
        {
            "trade_id": "29db844e-9e50-40da-b50a-82c4334e970d",
            "ticker": "KXHIGHNY-25MAR31-B67.5",
            "count": 2,
            "created_time": "2025-03-31T16:42:00.529736Z",
            "yes_price": 21,
            "no_price": 79,
            "taker_side": "yes"
        },
        {
            "trade_id": "0685a782-5fc1-4fb4-9a54-1e1ef85713bb",
            "ticker": "KXHIGHNY-25MAR31-B67.5",
            "count": 1,
            "created_time": "2025-03-31T16:41:11.379195Z",
            "yes_price": 15,
            "no_price": 85,
            "taker_side": "no"
        },
        {
            "trade_id": "c04e66e6-49e6-4365-91db-448ef5feebee",
            "ticker": "KXHIGHNY-25MAR31-B67.5",
            "count": 6,
            "created_time": "2025-03-31T16:41:04.026119Z",
            "yes_price": 15,
            "no_price": 85,
            "taker_side": "no"
        },
        {
            "trade_id": "fad160d9-e830-4d84-8e95-5878e444b1c4",
            "ticker": "KXHIGHNY-25MAR31-B67.5",
            "count": 1,
            "created_time": "2025-03-31T16:39:59.056821Z",
            "yes_price": 19,
            "no_price": 81,
            "taker_side": "yes"
        },
        {
            "trade_id": "0c6da427-5408-411f-81c8-ecd1a143233c",
            "ticker": "KXHIGHNY-25MAR31-B67.5",
            "count": 5,
            "created_time": "2025-03-31T16:39:29.257036Z",
            "yes_price": 21,
            "no_price": 79,
            "taker_side": "yes"
        },
        {
            "trade_id": "7596c3f2-a298-4e37-814e-b7eda6d210b2",
            "ticker": "KXHIGHNY-25MAR31-B67.5",
            "count": 27,
            "created_time": "2025-03-31T16:39:01.811213Z",
            "yes_price": 17,
            "no_price": 83,
            "taker_side": "yes"
        },
        {
            "trade_id": "d4455c38-e990-4975-8ce1-f96271a2edd2",
            "ticker": "KXHIGHNY-25MAR31-B67.5",
            "count": 1,
            "created_time": "2025-03-31T16:34:44.399657Z",
            "yes_price": 15,
            "no_price": 85,
            "taker_side": "no"
        },
        {
            "trade_id": "1e24fd66-fdc3-47d4-868f-2e1532f955de",
            "ticker": "KXHIGHNY-25MAR31-B67.5",
            "count": 2,
            "created_time": "2025-03-31T16:34:43.721579Z",
            "yes_price": 16,
            "no_price": 84,
            "taker_side": "yes"
        },
        {
            "trade_id": "a584c4ec-479a-4c95-8fe1-893a92aa0d08",
            "ticker": "KXHIGHNY-25MAR31-B67.5",
            "count": 5,
            "created_time": "2025-03-31T16:25:38.927273Z",
            "yes_price": 12,
            "no_price": 88,
            "taker_side": "no"
        },
        {
            "trade_id": "3168c105-b9c3-45b5-b43a-c7c4491ada2e",
            "ticker": "KXHIGHNY-25MAR31-B67.5",
            "count": 24,
            "created_time": "2025-03-31T16:19:21.046534Z",
            "yes_price": 21,
            "no_price": 79,
            "taker_side": "yes"
        },
        {
            "trade_id": "06e5c734-203f-45b7-ae55-b730a39250e0",
            "ticker": "KXHIGHNY-25MAR31-B67.5",
            "count": 1,
            "created_time": "2025-03-31T16:19:21.046534Z",
            "yes_price": 20,
            "no_price": 80,
            "taker_side": "yes"
        },
        {
            "trade_id": "0f122a09-e921-45b5-8895-9b40a6bb04bf",
            "ticker": "KXHIGHNY-25MAR31-B67.5",
            "count": 1,
            "created_time": "2025-03-31T16:19:19.081246Z",
            "yes_price": 17,
            "no_price": 83,
            "taker_side": "no"
        },
        {
            "trade_id": "69037eec-04d9-43b3-ba95-ecc11c6d1e96",
            "ticker": "KXHIGHNY-25MAR31-B67.5",
            "count": 1,
            "created_time": "2025-03-31T16:19:07.129585Z",
            "yes_price": 17,
            "no_price": 83,
            "taker_side": "no"
        },
        {
            "trade_id": "f45c0da0-7f1a-4322-90a8-20fa7e15d3c3",
            "ticker": "KXHIGHNY-25MAR31-B67.5",
            "count": 2,
            "created_time": "2025-03-31T16:18:55.426091Z",
            "yes_price": 17,
            "no_price": 83,
            "taker_side": "no"
        },
        {
            "trade_id": "e2eaf15e-f8f4-4d2e-b4cc-727fc273bdf3",
            "ticker": "KXHIGHNY-25MAR31-B67.5",
            "count": 1,
            "created_time": "2025-03-31T16:18:54.576303Z",
            "yes_price": 17,
            "no_price": 83,
            "taker_side": "no"
        },
        {
            "trade_id": "477424ee-5b7e-45e7-974f-23b74599e35e",
            "ticker": "KXHIGHNY-25MAR31-B67.5",
            "count": 28,
            "created_time": "2025-03-31T16:15:36.889941Z",
            "yes_price": 12,
            "no_price": 88,
            "taker_side": "no"
        },
        {
            "trade_id": "275b5415-1360-4607-b3e9-cf9c41e720b6",
            "ticker": "KXHIGHNY-25MAR31-B67.5",
            "count": 1,
            "created_time": "2025-03-31T16:13:32.210673Z",
            "yes_price": 16,
            "no_price": 84,
            "taker_side": "yes"
        },
        {
            "trade_id": "a865cc40-d839-4771-ad1c-fec1da1256ae",
            "ticker": "KXHIGHNY-25MAR31-B67.5",
            "count": 8,
            "created_time": "2025-03-31T16:05:25.345447Z",
            "yes_price": 12,
            "no_price": 88,
            "taker_side": "no"
        },
        {
            "trade_id": "a649c456-78cf-4727-86e6-ded78b87f434",
            "ticker": "KXHIGHNY-25MAR31-B67.5",
            "count": 2,
            "created_time": "2025-03-31T16:05:25.345447Z",
            "yes_price": 14,
            "no_price": 86,
            "taker_side": "no"
        },
        {
            "trade_id": "5526e062-b59c-4d16-9ba8-ccac6415a890",
            "ticker": "KXHIGHNY-25MAR31-B67.5",
            "count": 2,
            "created_time": "2025-03-31T16:05:25.345447Z",
            "yes_price": 13,
            "no_price": 87,
            "taker_side": "no"
        },
        {
            "trade_id": "867e7e0b-c51f-4598-9792-4d254f7e3372",
            "ticker": "KXHIGHNY-25MAR31-B67.5",
            "count": 16,
            "created_time": "2025-03-31T16:02:22.023221Z",
            "yes_price": 21,
            "no_price": 79,
            "taker_side": "yes"
        },
        {
            "trade_id": "5743bff6-6403-4272-9912-0e2dd7cce5f8",
            "ticker": "KXHIGHNY-25MAR31-B67.5",
            "count": 4,
            "created_time": "2025-03-31T16:02:22.023221Z",
            "yes_price": 16,
            "no_price": 84,
            "taker_side": "yes"
        },
        {
            "trade_id": "2ea8cb31-6904-40a7-afea-0b027cd09023",
            "ticker": "KXHIGHNY-25MAR31-B67.5",
            "count": 2,
            "created_time": "2025-03-31T16:02:22.023221Z",
            "yes_price": 30,
            "no_price": 70,
            "taker_side": "yes"
        },
        {
            "trade_id": "18ca24db-64bf-42c3-aef0-6853b9ffa999",
            "ticker": "KXHIGHNY-25MAR31-B67.5",
            "count": 17,
            "created_time": "2025-03-31T16:01:56.090345Z",
            "yes_price": 16,
            "no_price": 84,
            "taker_side": "yes"
        },
        {
            "trade_id": "5c1f2a70-1dbf-4fcb-984d-f58e8cff852d",
            "ticker": "KXHIGHNY-25MAR31-B67.5",
            "count": 8,
            "created_time": "2025-03-31T16:01:20.998797Z",
            "yes_price": 12,
            "no_price": 88,
            "taker_side": "no"
        },
        {
            "trade_id": "5590f31f-da62-4033-a7c6-f318706ab463",
            "ticker": "KXHIGHNY-25MAR31-B67.5",
            "count": 58,
            "created_time": "2025-03-31T16:01:20.998797Z",
            "yes_price": 14,
            "no_price": 86,
            "taker_side": "no"
        },
        {
            "trade_id": "2d40df48-9690-49df-8522-fc01a50ab96e",
            "ticker": "KXHIGHNY-25MAR31-B67.5",
            "count": 50,
            "created_time": "2025-03-31T16:01:20.998797Z",
            "yes_price": 15,
            "no_price": 85,
            "taker_side": "no"
        },
        {
            "trade_id": "8d048cbb-3f3c-4163-bc57-dc643fd91dd7",
            "ticker": "KXHIGHNY-25MAR31-B67.5",
            "count": 23,
            "created_time": "2025-03-31T15:54:08.915358Z",
            "yes_price": 20,
            "no_price": 80,
            "taker_side": "yes"
        },
        {
            "trade_id": "b281ab66-8c2d-4977-8353-17241f187aac",
            "ticker": "KXHIGHNY-25MAR31-B67.5",
            "count": 1,
            "created_time": "2025-03-31T15:52:54.865398Z",
            "yes_price": 17,
            "no_price": 83,
            "taker_side": "yes"
        },
        {
            "trade_id": "8a1cdd11-cb34-48f6-9e33-48b87c84d8c8",
            "ticker": "KXHIGHNY-25MAR31-B67.5",
            "count": 35,
            "created_time": "2025-03-31T15:52:54.865398Z",
            "yes_price": 20,
            "no_price": 80,
            "taker_side": "yes"
        },
        {
            "trade_id": "57b10ac4-6815-4764-b7d2-5192dbe6fd1c",
            "ticker": "KXHIGHNY-25MAR31-B67.5",
            "count": 1,
            "created_time": "2025-03-31T15:50:30.960461Z",
            "yes_price": 12,
            "no_price": 88,
            "taker_side": "yes"
        },
        {
            "trade_id": "b6ed4d98-8abb-4d36-b004-fd38f4b6df6a",
            "ticker": "KXHIGHNY-25MAR31-B67.5",
            "count": 1,
            "created_time": "2025-03-31T15:50:01.864153Z",
            "yes_price": 10,
            "no_price": 90,
            "taker_side": "yes"
        },
        {
            "trade_id": "91c54695-562a-4989-ac60-6b5656afde35",
            "ticker": "KXHIGHNY-25MAR31-B67.5",
            "count": 32,
            "created_time": "2025-03-31T15:48:02.206654Z",
            "yes_price": 21,
            "no_price": 79,
            "taker_side": "yes"
        },
        {
            "trade_id": "94b893c9-a4ef-4610-8ecc-ac0aa8b5b2b8",
            "ticker": "KXHIGHNY-25MAR31-B67.5",
            "count": 1,
            "created_time": "2025-03-31T15:47:49.616156Z",
            "yes_price": 7,
            "no_price": 93,
            "taker_side": "no"
        },
        {
            "trade_id": "1d400a9b-43fe-419d-9619-72a023051d21",
            "ticker": "KXHIGHNY-25MAR31-B67.5",
            "count": 1,
            "created_time": "2025-03-31T15:47:49.330101Z",
            "yes_price": 9,
            "no_price": 91,
            "taker_side": "no"
        },
        {
            "trade_id": "42010ef4-a6e0-435d-915f-85d349f8a0a7",
            "ticker": "KXHIGHNY-25MAR31-B67.5",
            "count": 1,
            "created_time": "2025-03-31T15:45:04.998331Z",
            "yes_price": 13,
            "no_price": 87,
            "taker_side": "yes"
        },
        {
            "trade_id": "a60fad5e-4aa8-45ca-9e7b-1411c054ae22",
            "ticker": "KXHIGHNY-25MAR31-B67.5",
            "count": 1,
            "created_time": "2025-03-31T15:44:27.829177Z",
            "yes_price": 19,
            "no_price": 81,
            "taker_side": "yes"
        },
        {
            "trade_id": "4bd87532-404b-46c9-8592-b00599014418",
            "ticker": "KXHIGHNY-25MAR31-B67.5",
            "count": 16,
            "created_time": "2025-03-31T15:44:27.829177Z",
            "yes_price": 20,
            "no_price": 80,
            "taker_side": "yes"
        },
        {
            "trade_id": "23cfe0f1-5870-4088-9437-c633ef1bdda2",
            "ticker": "KXHIGHNY-25MAR31-B67.5",
            "count": 50,
            "created_time": "2025-03-31T15:44:27.829177Z",
            "yes_price": 19,
            "no_price": 81,
            "taker_side": "yes"
        },
        {
            "trade_id": "0975b7db-93e7-498e-91db-650c01bddd20",
            "ticker": "KXHIGHNY-25MAR31-B67.5",
            "count": 1,
            "created_time": "2025-03-31T15:44:27.829177Z",
            "yes_price": 20,
            "no_price": 80,
            "taker_side": "yes"
        },
        {
            "trade_id": "dc4fb23f-23ac-4875-bdce-c41fdde0c910",
            "ticker": "KXHIGHNY-25MAR31-B67.5",
            "count": 50,
            "created_time": "2025-03-31T15:43:29.635421Z",
            "yes_price": 13,
            "no_price": 87,
            "taker_side": "yes"
        },
        {
            "trade_id": "27f3a570-a751-48c8-a575-6b062f1f2541",
            "ticker": "KXHIGHNY-25MAR31-B67.5",
            "count": 25,
            "created_time": "2025-03-31T15:43:29.635421Z",
            "yes_price": 13,
            "no_price": 87,
            "taker_side": "yes"
        },
        {
            "trade_id": "03f5fbbe-d30d-44c1-a4f2-6a125d1d3aa5",
            "ticker": "KXHIGHNY-25MAR31-B67.5",
            "count": 25,
            "created_time": "2025-03-31T15:43:29.635421Z",
            "yes_price": 11,
            "no_price": 89,
            "taker_side": "yes"
        },
        {
            "trade_id": "df8d08bb-ca58-421c-8b64-7b9f9f1cc3ac",
            "ticker": "KXHIGHNY-25MAR31-B67.5",
            "count": 2,
            "created_time": "2025-03-31T15:41:33.235562Z",
            "yes_price": 10,
            "no_price": 90,
            "taker_side": "no"
        },
        {
            "trade_id": "21e63cb8-1258-4df3-84c8-4e80e3a715e4",
            "ticker": "KXHIGHNY-25MAR31-B67.5",
            "count": 1,
            "created_time": "2025-03-31T15:41:32.946772Z",
            "yes_price": 10,
            "no_price": 90,
            "taker_side": "no"
        },
        {
            "trade_id": "fcb64844-fe18-4a7a-be8c-913f443023bc",
            "ticker": "KXHIGHNY-25MAR31-B67.5",
            "count": 50,
            "created_time": "2025-03-31T15:41:32.878532Z",
            "yes_price": 10,
            "no_price": 90,
            "taker_side": "yes"
        },
        {
            "trade_id": "b81f9437-72f4-42d0-9f0c-c853d6f9f431",
            "ticker": "KXHIGHNY-25MAR31-B67.5",
            "count": 1,
            "created_time": "2025-03-31T15:41:32.878532Z",
            "yes_price": 10,
            "no_price": 90,
            "taker_side": "yes"
        },
        {
            "trade_id": "42d423ee-b147-4ae2-a1a9-3793a0a21029",
            "ticker": "KXHIGHNY-25MAR31-B67.5",
            "count": 1,
            "created_time": "2025-03-31T15:41:32.878532Z",
            "yes_price": 8,
            "no_price": 92,
            "taker_side": "yes"
        },
        {
            "trade_id": "0e34b38d-8d3e-49c6-8848-a125d473aa1f",
            "ticker": "KXHIGHNY-25MAR31-B67.5",
            "count": 1,
            "created_time": "2025-03-31T15:41:32.878532Z",
            "yes_price": 7,
            "no_price": 93,
            "taker_side": "yes"
        },
        {
            "trade_id": "b2b277ce-49be-412c-8e25-92f055b0c439",
            "ticker": "KXHIGHNY-25MAR31-B67.5",
            "count": 2,
            "created_time": "2025-03-31T15:41:07.480555Z",
            "yes_price": 6,
            "no_price": 94,
            "taker_side": "yes"
        },
        {
            "trade_id": "80d257d9-1514-4d79-b1f1-bf91f8f7117a",
            "ticker": "KXHIGHNY-25MAR31-B67.5",
            "count": 2,
            "created_time": "2025-03-31T15:40:17.300464Z",
            "yes_price": 5,
            "no_price": 95,
            "taker_side": "yes"
        },
        {
            "trade_id": "e942bcd3-57d4-469d-9615-86a1a6c3a17d",
            "ticker": "KXHIGHNY-25MAR31-B67.5",
            "count": 78,
            "created_time": "2025-03-31T15:30:55.513711Z",
            "yes_price": 4,
            "no_price": 96,
            "taker_side": "yes"
        },
        {
            "trade_id": "dfcde67e-ec69-4025-af94-31185b3018fe",
            "ticker": "KXHIGHNY-25MAR31-B67.5",
            "count": 3,
            "created_time": "2025-03-31T15:29:33.198897Z",
            "yes_price": 3,
            "no_price": 97,
            "taker_side": "no"
        },
        {
            "trade_id": "bf483ed3-5b06-4335-9939-cc8e5d7e600a",
            "ticker": "KXHIGHNY-25MAR31-B67.5",
            "count": 8,
            "created_time": "2025-03-31T15:28:12.661501Z",
            "yes_price": 3,
            "no_price": 97,
            "taker_side": "no"
        },
        {
            "trade_id": "69992b2b-9a69-4436-94d3-919f09dfe0f0",
            "ticker": "KXHIGHNY-25MAR31-B67.5",
            "count": 14,
            "created_time": "2025-03-31T15:28:12.051369Z",
            "yes_price": 4,
            "no_price": 96,
            "taker_side": "no"
        },
        {
            "trade_id": "3e6f3820-c57e-4b35-b46f-f9412c48e582",
            "ticker": "KXHIGHNY-25MAR31-B67.5",
            "count": 4,
            "created_time": "2025-03-31T15:19:25.995286Z",
            "yes_price": 10,
            "no_price": 90,
            "taker_side": "no"
        },
        {
            "trade_id": "60392ea7-96c1-4132-bbdc-023ae196d52c",
            "ticker": "KXHIGHNY-25MAR31-B67.5",
            "count": 1,
            "created_time": "2025-03-31T15:19:25.795487Z",
            "yes_price": 10,
            "no_price": 90,
            "taker_side": "no"
        },
        {
            "trade_id": "fd624f13-944c-4a52-af05-aec75a8fa2be",
            "ticker": "KXHIGHNY-25MAR31-B67.5",
            "count": 1,
            "created_time": "2025-03-31T15:19:25.685478Z",
            "yes_price": 10,
            "no_price": 90,
            "taker_side": "yes"
        },
        {
            "trade_id": "df6bc178-7a26-4dc1-94ac-e40b599f15ce",
            "ticker": "KXHIGHNY-25MAR31-B67.5",
            "count": 25,
            "created_time": "2025-03-31T15:19:25.685478Z",
            "yes_price": 9,
            "no_price": 91,
            "taker_side": "yes"
        },
        {
            "trade_id": "574bc41f-4bf0-4c0f-a275-be1af1aff27d",
            "ticker": "KXHIGHNY-25MAR31-B67.5",
            "count": 200,
            "created_time": "2025-03-31T15:19:25.685478Z",
            "yes_price": 10,
            "no_price": 90,
            "taker_side": "yes"
        },
        {
            "trade_id": "18275b69-3de0-44ed-971e-b3a9f5e9cb08",
            "ticker": "KXHIGHNY-25MAR31-B67.5",
            "count": 50,
            "created_time": "2025-03-31T15:19:25.685478Z",
            "yes_price": 8,
            "no_price": 92,
            "taker_side": "yes"
        },
        {
            "trade_id": "e87f90bd-faf9-4c52-8ed1-a6a19c54141c",
            "ticker": "KXHIGHNY-25MAR31-B67.5",
            "count": 1,
            "created_time": "2025-03-31T15:19:19.305908Z",
            "yes_price": 4,
            "no_price": 96,
            "taker_side": "no"
        },
        {
            "trade_id": "fb6a4dee-8e08-42a6-be0f-8c6d4b0cd679",
            "ticker": "KXHIGHNY-25MAR31-B67.5",
            "count": 50,
            "created_time": "2025-03-31T15:14:16.130981Z",
            "yes_price": 5,
            "no_price": 95,
            "taker_side": "yes"
        },
        {
            "trade_id": "011c4685-d084-4fbf-a011-f4efadbe7555",
            "ticker": "KXHIGHNY-25MAR31-B67.5",
            "count": 4,
            "created_time": "2025-03-31T15:14:16.130981Z",
            "yes_price": 5,
            "no_price": 95,
            "taker_side": "yes"
        },
        {
            "trade_id": "e5cc1aad-3e19-496e-ae7e-2663d7f79c97",
            "ticker": "KXHIGHNY-25MAR31-B67.5",
            "count": 50,
            "created_time": "2025-03-31T15:11:20.911406Z",
            "yes_price": 4,
            "no_price": 96,
            "taker_side": "no"
        },
        {
            "trade_id": "bdaa445a-60e1-4943-9c7e-ed5dadf956a0",
            "ticker": "KXHIGHNY-25MAR31-B67.5",
            "count": 188,
            "created_time": "2025-03-31T15:11:20.911406Z",
            "yes_price": 3,
            "no_price": 97,
            "taker_side": "no"
        },
        {
            "trade_id": "30f46ca9-59b3-4280-8872-a31a33b1fd73",
            "ticker": "KXHIGHNY-25MAR31-B67.5",
            "count": 7,
            "created_time": "2025-03-31T15:11:20.911406Z",
            "yes_price": 4,
            "no_price": 96,
            "taker_side": "no"
        },
        {
            "trade_id": "2cb9ed71-01e0-4335-9bdb-6a488d7bd296",
            "ticker": "KXHIGHNY-25MAR31-B67.5",
            "count": 5,
            "created_time": "2025-03-31T15:11:20.911406Z",
            "yes_price": 5,
            "no_price": 95,
            "taker_side": "no"
        },
        {
            "trade_id": "cb6619fb-e1ce-4411-8c33-1747765e01e6",
            "ticker": "KXHIGHNY-25MAR31-B67.5",
            "count": 3,
            "created_time": "2025-03-31T15:04:07.291072Z",
            "yes_price": 6,
