{
    "KXHIGHNY-25JAN18-T41": [
        {
            "trade_id": "f5ad4d6e-1b3d-44bc-bbd3-a2e80fc1dd66",
            "ticker": "KXHIGHNY-25JAN18-T41",
            "count": 146,
            "created_time": "2025-01-18T13:00:59.481748Z",
            "yes_price": 1,
            "no_price": 99,
            "taker_side": "no"
        },
        {
            "trade_id": "d2183a3c-a4dc-48aa-b717-90bc6f5a426f",
            "ticker": "KXHIGHNY-25JAN18-T41",
            "count": 21,
            "created_time": "2025-01-18T12:25:01.115442Z",
            "yes_price": 1,
            "no_price": 99,
            "taker_side": "no"
        },
        {
            "trade_id": "1e3db6c9-d15e-47d3-972d-191978a07c8b",
            "ticker": "KXHIGHNY-25JAN18-T41",
            "count": 54,
            "created_time": "2025-01-18T12:25:01.115442Z",
            "yes_price": 1,
            "no_price": 99,
            "taker_side": "no"
        },
        {
            "trade_id": "72cf4e3b-439e-462e-8039-331784dca0cd",
            "ticker": "KXHIGHNY-25JAN18-T41",
            "count": 25,
            "created_time": "2025-01-18T10:01:55.334085Z",
            "yes_price": 1,
            "no_price": 99,
            "taker_side": "no"
        },
        {
            "trade_id": "ccc87129-907e-4ead-8332-d20ab5edd495",
            "ticker": "KXHIGHNY-25JAN18-T41",
            "count": 46,
            "created_time": "2025-01-17T21:52:05.048419Z",
            "yes_price": 4,
            "no_price": 96,
            "taker_side": "yes"
        },
        {
            "trade_id": "b98fc107-2211-4179-bfb5-8b8738a17c33",
            "ticker": "KXHIGHNY-25JAN18-T41",
            "count": 1,
            "created_time": "2025-01-17T17:30:24.36852Z",
            "yes_price": 5,
            "no_price": 95,
            "taker_side": "yes"
        }
    ],
    "KXHIGHNY-25JAN18-B41.5": [
        {
            "trade_id": "c9e52ff3-3113-4dca-b065-f6c5fbf74a99",
            "ticker": "KXHIGHNY-25JAN18-B41.5",
            "count": 7,
            "created_time": "2025-01-18T10:48:33.969586Z",
            "yes_price": 10,
            "no_price": 90,
            "taker_side": "yes"
        },
        {
            "trade_id": "8759429b-8e94-4f1f-b0ab-b0464c89fee0",
            "ticker": "KXHIGHNY-25JAN18-B41.5",
            "count": 40,
            "created_time": "2025-01-18T10:48:33.969586Z",
            "yes_price": 5,
            "no_price": 95,
            "taker_side": "yes"
        },
        {
            "trade_id": "e5ff63b0-a195-45b2-a471-9b4c3401547b",
            "ticker": "KXHIGHNY-25JAN18-B41.5",
            "count": 200,
            "created_time": "2025-01-18T07:45:23.574471Z",
            "yes_price": 2,
            "no_price": 98,
            "taker_side": "no"
        },
        {
            "trade_id": "a871ea9d-480a-4f82-9a1d-297bc784828c",
            "ticker": "KXHIGHNY-25JAN18-B41.5",
            "count": 50,
            "created_time": "2025-01-18T07:45:23.574471Z",
            "yes_price": 1,
            "no_price": 99,
            "taker_side": "no"
        },
        {
            "trade_id": "67f3bfc0-7c49-4273-82a0-800634b7f0ee",
            "ticker": "KXHIGHNY-25JAN18-B41.5",
            "count": 160,
            "created_time": "2025-01-17T22:12:21.252844Z",
            "yes_price": 5,
            "no_price": 95,
            "taker_side": "no"
        },
        {
            "trade_id": "97c2c4fb-557c-4dae-947d-ce28ace82809",
            "ticker": "KXHIGHNY-25JAN18-B41.5",
            "count": 4,
            "created_time": "2025-01-17T21:54:39.736404Z",
            "yes_price": 5,
            "no_price": 95,
            "taker_side": "no"
        },
        {
            "trade_id": "387fff9c-ba95-4796-8bbc-32074833943a",
            "ticker": "KXHIGHNY-25JAN18-B41.5",
            "count": 86,
            "created_time": "2025-01-17T21:52:00.587533Z",
            "yes_price": 5,
            "no_price": 95,
            "taker_side": "no"
        },
        {
            "trade_id": "22855d46-69a5-4e0c-8aca-d14f2a488773",
            "ticker": "KXHIGHNY-25JAN18-B41.5",
            "count": 66,
            "created_time": "2025-01-17T21:48:33.253959Z",
            "yes_price": 5,
            "no_price": 95,
            "taker_side": "no"
        },
        {
            "trade_id": "39df66a9-2a85-4d48-bf70-ccd9c9cc1d27",
            "ticker": "KXHIGHNY-25JAN18-B41.5",
            "count": 2,
            "created_time": "2025-01-17T21:45:58.839412Z",
            "yes_price": 5,
            "no_price": 95,
            "taker_side": "no"
        },
        {
            "trade_id": "414e1bc2-068a-43b6-83c0-37132fbe3559",
            "ticker": "KXHIGHNY-25JAN18-B41.5",
            "count": 27,
            "created_time": "2025-01-17T21:45:39.596196Z",
            "yes_price": 5,
            "no_price": 95,
            "taker_side": "no"
        },
        {
            "trade_id": "fd5ba5c7-0c57-4528-a390-b0786705eb3c",
            "ticker": "KXHIGHNY-25JAN18-B41.5",
            "count": 136,
            "created_time": "2025-01-17T21:28:42.362297Z",
            "yes_price": 8,
            "no_price": 92,
            "taker_side": "yes"
        },
        {
            "trade_id": "9ab4954f-4663-4292-8d69-379fa9b54495",
            "ticker": "KXHIGHNY-25JAN18-B41.5",
            "count": 1,
            "created_time": "2025-01-17T17:30:24.69665Z",
            "yes_price": 8,
            "no_price": 92,
            "taker_side": "yes"
        }
    ],
    "KXHIGHNY-25JAN18-B43.5": [
        {
            "trade_id": "48b7a070-19ba-47fa-8658-545d4be6a829",
            "ticker": "KXHIGHNY-25JAN18-B43.5",
            "count": 1776,
            "created_time": "2025-01-18T20:32:24.192754Z",
            "yes_price": 1,
            "no_price": 99,
            "taker_side": "yes"
        },
        {
            "trade_id": "bb06bad0-3a90-4069-8332-7f44894abcdc",
            "ticker": "KXHIGHNY-25JAN18-B43.5",
            "count": 63,
            "created_time": "2025-01-18T20:18:13.500877Z",
            "yes_price": 1,
            "no_price": 99,
            "taker_side": "yes"
        },
        {
            "trade_id": "c9d43d4d-8443-4d53-bf87-eaa9021fdec7",
            "ticker": "KXHIGHNY-25JAN18-B43.5",
            "count": 929,
            "created_time": "2025-01-18T19:32:23.111121Z",
            "yes_price": 1,
            "no_price": 99,
            "taker_side": "yes"
        },
        {
            "trade_id": "32b99625-fa9b-41f8-8210-e709855b542c",
            "ticker": "KXHIGHNY-25JAN18-B43.5",
            "count": 136,
            "created_time": "2025-01-18T17:29:52.053252Z",
            "yes_price": 1,
            "no_price": 99,
            "taker_side": "yes"
        },
        {
            "trade_id": "83ad07b2-d5a2-4487-9bc6-4bf933572ffd",
            "ticker": "KXHIGHNY-25JAN18-B43.5",
            "count": 467,
            "created_time": "2025-01-18T17:15:24.212023Z",
            "yes_price": 1,
            "no_price": 99,
            "taker_side": "yes"
        },
        {
            "trade_id": "a5309d37-89b6-4a8d-962e-453febc04af0",
            "ticker": "KXHIGHNY-25JAN18-B43.5",
            "count": 50,
            "created_time": "2025-01-18T16:55:03.132355Z",
            "yes_price": 1,
            "no_price": 99,
            "taker_side": "yes"
        },
        {
            "trade_id": "ba4b19c1-4fe0-4719-921f-f606ef2b71de",
            "ticker": "KXHIGHNY-25JAN18-B43.5",
            "count": 93,
            "created_time": "2025-01-18T16:48:29.867037Z",
            "yes_price": 1,
            "no_price": 99,
            "taker_side": "yes"
        },
        {
            "trade_id": "5aacac57-700d-4573-bdf5-0ea1a61adaed",
            "ticker": "KXHIGHNY-25JAN18-B43.5",
            "count": 880,
            "created_time": "2025-01-18T16:27:13.203418Z",
            "yes_price": 1,
            "no_price": 99,
            "taker_side": "yes"
        },
        {
            "trade_id": "67b54adb-cb2e-4a1f-83f0-276926312ffe",
            "ticker": "KXHIGHNY-25JAN18-B43.5",
            "count": 300,
            "created_time": "2025-01-18T15:56:18.857432Z",
            "yes_price": 1,
            "no_price": 99,
            "taker_side": "yes"
        },
        {
            "trade_id": "83ce43f3-d180-4133-b0ae-4525d73a0f93",
            "ticker": "KXHIGHNY-25JAN18-B43.5",
            "count": 42,
            "created_time": "2025-01-18T15:56:03.413881Z",
            "yes_price": 1,
            "no_price": 99,
            "taker_side": "yes"
        },
        {
            "trade_id": "92f2f6a5-7b20-4380-9f98-368a19998761",
            "ticker": "KXHIGHNY-25JAN18-B43.5",
            "count": 1,
            "created_time": "2025-01-18T15:55:44.346325Z",
            "yes_price": 2,
            "no_price": 98,
            "taker_side": "no"
        },
        {
            "trade_id": "68d4887f-0dfd-4106-8427-182fd752e1d2",
            "ticker": "KXHIGHNY-25JAN18-B43.5",
            "count": 150,
            "created_time": "2025-01-18T15:55:44.346325Z",
            "yes_price": 1,
            "no_price": 99,
            "taker_side": "no"
        },
        {
            "trade_id": "22cef7e3-be51-4721-94cd-035728e46f17",
            "ticker": "KXHIGHNY-25JAN18-B43.5",
            "count": 200,
            "created_time": "2025-01-18T15:55:44.346325Z",
            "yes_price": 1,
            "no_price": 99,
            "taker_side": "no"
        },
        {
            "trade_id": "d60a39d9-3221-4c78-ac6a-d145cc7e2359",
            "ticker": "KXHIGHNY-25JAN18-B43.5",
            "count": 50,
            "created_time": "2025-01-18T15:53:32.994432Z",
            "yes_price": 3,
            "no_price": 97,
            "taker_side": "no"
        },
        {
            "trade_id": "0575440a-e9fc-45fc-b9ce-6638c8fb4988",
            "ticker": "KXHIGHNY-25JAN18-B43.5",
            "count": 14,
            "created_time": "2025-01-18T15:53:32.994432Z",
            "yes_price": 5,
            "no_price": 95,
            "taker_side": "no"
        },
        {
            "trade_id": "4305ee82-607b-4440-9a0f-a6b883f900e4",
            "ticker": "KXHIGHNY-25JAN18-B43.5",
            "count": 86,
            "created_time": "2025-01-18T15:52:36.524322Z",
            "yes_price": 5,
            "no_price": 95,
            "taker_side": "no"
        },
        {
            "trade_id": "2f1b1408-1c93-4828-94ce-babed79f0b39",
            "ticker": "KXHIGHNY-25JAN18-B43.5",
            "count": 39,
            "created_time": "2025-01-18T15:52:36.524322Z",
            "yes_price": 6,
            "no_price": 94,
            "taker_side": "no"
        },
        {
            "trade_id": "0c1c5931-ab1f-4999-8699-aedea3a8f928",
            "ticker": "KXHIGHNY-25JAN18-B43.5",
            "count": 175,
            "created_time": "2025-01-18T15:52:36.524322Z",
            "yes_price": 6,
            "no_price": 94,
            "taker_side": "no"
        },
        {
            "trade_id": "d1d3adf9-e0bf-48e7-a0ae-e4b46e25750c",
            "ticker": "KXHIGHNY-25JAN18-B43.5",
            "count": 1,
            "created_time": "2025-01-18T15:49:01.342926Z",
            "yes_price": 6,
            "no_price": 94,
            "taker_side": "no"
        },
        {
            "trade_id": "407b7a68-4693-40ba-8639-803564485031",
            "ticker": "KXHIGHNY-25JAN18-B43.5",
            "count": 1,
            "created_time": "2025-01-18T15:49:00.124507Z",
            "yes_price": 11,
            "no_price": 89,
            "taker_side": "yes"
        },
        {
            "trade_id": "6e0d056d-2b87-4949-8630-804c320cce17",
            "ticker": "KXHIGHNY-25JAN18-B43.5",
            "count": 10,
            "created_time": "2025-01-18T15:48:58.464358Z",
            "yes_price": 6,
            "no_price": 94,
            "taker_side": "no"
        },
        {
            "trade_id": "681a4281-7d6a-47f4-a204-c7c737fbc6f3",
            "ticker": "KXHIGHNY-25JAN18-B43.5",
            "count": 24,
            "created_time": "2025-01-18T15:48:27.317105Z",
            "yes_price": 8,
            "no_price": 92,
            "taker_side": "no"
        },
        {
            "trade_id": "cadc3e1d-17fe-4ac1-8c07-83f53143e7eb",
            "ticker": "KXHIGHNY-25JAN18-B43.5",
            "count": 229,
            "created_time": "2025-01-18T15:46:42.246468Z",
            "yes_price": 11,
            "no_price": 89,
            "taker_side": "yes"
        },
        {
            "trade_id": "8cc1e305-b3e7-4572-a645-112cc263ce1b",
            "ticker": "KXHIGHNY-25JAN18-B43.5",
            "count": 14,
            "created_time": "2025-01-18T15:46:42.246468Z",
            "yes_price": 10,
            "no_price": 90,
            "taker_side": "yes"
        },
        {
            "trade_id": "026c5dbb-0ba8-4fc9-929b-31affe0c7995",
            "ticker": "KXHIGHNY-25JAN18-B43.5",
            "count": 57,
            "created_time": "2025-01-18T15:46:42.246468Z",
            "yes_price": 12,
            "no_price": 88,
            "taker_side": "yes"
        },
        {
            "trade_id": "c66d942b-079a-4a1a-b076-fb431a0d5c50",
            "ticker": "KXHIGHNY-25JAN18-B43.5",
            "count": 19,
            "created_time": "2025-01-18T15:45:39.509619Z",
            "yes_price": 9,
            "no_price": 91,
            "taker_side": "yes"
        },
        {
            "trade_id": "64728850-14ae-4a94-b1b7-b7436787a470",
            "ticker": "KXHIGHNY-25JAN18-B43.5",
            "count": 15,
            "created_time": "2025-01-18T15:45:39.509619Z",
            "yes_price": 9,
            "no_price": 91,
            "taker_side": "yes"
        },
        {
            "trade_id": "36a87f9e-8d01-4d45-b85d-be8e89dbc4fe",
            "ticker": "KXHIGHNY-25JAN18-B43.5",
            "count": 19,
            "created_time": "2025-01-18T15:41:08.800088Z",
            "yes_price": 8,
            "no_price": 92,
            "taker_side": "no"
        },
        {
            "trade_id": "d85c18ba-a7f0-4827-b3a8-aa38ed79b6ea",
            "ticker": "KXHIGHNY-25JAN18-B43.5",
            "count": 31,
            "created_time": "2025-01-18T15:40:37.602873Z",
            "yes_price": 9,
            "no_price": 91,
            "taker_side": "no"
        },
        {
            "trade_id": "a3f1402f-c010-478f-a9fa-7643c61f442c",
            "ticker": "KXHIGHNY-25JAN18-B43.5",
            "count": 13,
            "created_time": "2025-01-18T15:35:43.095493Z",
            "yes_price": 9,
            "no_price": 91,
            "taker_side": "yes"
        },
        {
            "trade_id": "ea19d01e-0786-4831-a59f-ce4175e15873",
            "ticker": "KXHIGHNY-25JAN18-B43.5",
            "count": 203,
            "created_time": "2025-01-18T15:35:34.285825Z",
            "yes_price": 7,
            "no_price": 93,
            "taker_side": "no"
        },
        {
            "trade_id": "0fc0ca95-b5ee-4970-aa46-03cf669b4008",
            "ticker": "KXHIGHNY-25JAN18-B43.5",
            "count": 21,
            "created_time": "2025-01-18T15:34:08.732964Z",
            "yes_price": 11,
            "no_price": 89,
            "taker_side": "no"
        },
        {
            "trade_id": "f30c3b5a-94a9-4cf5-91a1-03d6905f3101",
            "ticker": "KXHIGHNY-25JAN18-B43.5",
            "count": 25,
            "created_time": "2025-01-18T15:31:31.908698Z",
            "yes_price": 11,
            "no_price": 89,
            "taker_side": "no"
        },
        {
            "trade_id": "3f47ce74-4e3d-4623-8264-10162492f956",
            "ticker": "KXHIGHNY-25JAN18-B43.5",
            "count": 9,
            "created_time": "2025-01-18T15:30:48.833306Z",
            "yes_price": 12,
            "no_price": 88,
            "taker_side": "no"
        },
        {
            "trade_id": "43bce551-b561-487b-bdfa-0b7f135d7e73",
            "ticker": "KXHIGHNY-25JAN18-B43.5",
            "count": 9,
            "created_time": "2025-01-18T15:30:48.699615Z",
            "yes_price": 12,
            "no_price": 88,
            "taker_side": "no"
        },
        {
            "trade_id": "cca201fe-efec-421b-bbdb-92dcc9a88193",
            "ticker": "KXHIGHNY-25JAN18-B43.5",
            "count": 22,
            "created_time": "2025-01-18T15:26:37.510367Z",
            "yes_price": 12,
            "no_price": 88,
            "taker_side": "no"
        },
        {
            "trade_id": "fd8f4059-c48a-4d3c-844c-dc8a857a2bb3",
            "ticker": "KXHIGHNY-25JAN18-B43.5",
            "count": 53,
            "created_time": "2025-01-18T15:19:18.204074Z",
            "yes_price": 12,
            "no_price": 88,
            "taker_side": "yes"
        },
        {
            "trade_id": "a42cacbf-d1cb-46be-994c-e393df026e53",
            "ticker": "KXHIGHNY-25JAN18-B43.5",
            "count": 3,
            "created_time": "2025-01-18T15:19:16.944781Z",
            "yes_price": 12,
            "no_price": 88,
            "taker_side": "yes"
        },
        {
            "trade_id": "1e2d586f-4303-4112-b83d-90331bfaf656",
            "ticker": "KXHIGHNY-25JAN18-B43.5",
            "count": 5,
            "created_time": "2025-01-18T15:19:11.817544Z",
            "yes_price": 12,
            "no_price": 88,
            "taker_side": "no"
        },
        {
            "trade_id": "efc463b4-b0de-4caa-bb3e-03474282f3e6",
            "ticker": "KXHIGHNY-25JAN18-B43.5",
            "count": 25,
            "created_time": "2025-01-18T15:19:06.649602Z",
            "yes_price": 16,
            "no_price": 84,
            "taker_side": "yes"
        },
        {
            "trade_id": "c85c5949-00a1-4b6e-9ad4-91c9d4edd196",
            "ticker": "KXHIGHNY-25JAN18-B43.5",
            "count": 50,
            "created_time": "2025-01-18T15:19:06.649602Z",
            "yes_price": 17,
            "no_price": 83,
            "taker_side": "yes"
        },
        {
            "trade_id": "9bb03a55-ada0-45d4-8ea4-6c9a1fef619d",
            "ticker": "KXHIGHNY-25JAN18-B43.5",
            "count": 1,
            "created_time": "2025-01-18T15:19:06.649602Z",
            "yes_price": 16,
            "no_price": 84,
            "taker_side": "yes"
        },
        {
            "trade_id": "5aa5119d-de93-4ba4-bf7d-c8b1a78c8f35",
            "ticker": "KXHIGHNY-25JAN18-B43.5",
            "count": 75,
            "created_time": "2025-01-18T15:19:06.649602Z",
            "yes_price": 19,
            "no_price": 81,
            "taker_side": "yes"
        },
        {
            "trade_id": "5dbc866f-ccf1-4b9d-8d36-8f4c77198a58",
            "ticker": "KXHIGHNY-25JAN18-B43.5",
            "count": 98,
            "created_time": "2025-01-18T15:16:38.609537Z",
            "yes_price": 16,
            "no_price": 84,
            "taker_side": "yes"
        },
        {
            "trade_id": "8d4ddd87-f9c9-43f8-80eb-6f74a376ce8c",
            "ticker": "KXHIGHNY-25JAN18-B43.5",
            "count": 8,
            "created_time": "2025-01-18T15:16:09.096757Z",
            "yes_price": 19,
            "no_price": 81,
            "taker_side": "yes"
        },
        {
            "trade_id": "05d86133-9d30-495c-8c48-c3e7cd0dd058",
            "ticker": "KXHIGHNY-25JAN18-B43.5",
            "count": 9,
            "created_time": "2025-01-18T15:16:09.096757Z",
            "yes_price": 19,
            "no_price": 81,
            "taker_side": "yes"
        },
        {
            "trade_id": "c56a591d-7659-4a34-874c-d5dda7be5b83",
            "ticker": "KXHIGHNY-25JAN18-B43.5",
            "count": 8,
            "created_time": "2025-01-18T15:12:47.045384Z",
            "yes_price": 15,
            "no_price": 85,
            "taker_side": "no"
        },
        {
            "trade_id": "2160f5a3-69e6-4950-8437-8208aebc8d3e",
            "ticker": "KXHIGHNY-25JAN18-B43.5",
            "count": 4,
            "created_time": "2025-01-18T15:12:47.045384Z",
            "yes_price": 15,
            "no_price": 85,
            "taker_side": "no"
        },
        {
            "trade_id": "b81414f8-22f6-4a26-8b8a-fc2870b49950",
            "ticker": "KXHIGHNY-25JAN18-B43.5",
            "count": 1,
            "created_time": "2025-01-18T15:12:39.953995Z",
            "yes_price": 20,
            "no_price": 80,
            "taker_side": "yes"
        },
        {
            "trade_id": "1e338bd7-ac0c-4371-85f8-c005ca44d8f3",
            "ticker": "KXHIGHNY-25JAN18-B43.5",
            "count": 10,
            "created_time": "2025-01-18T15:12:39.953995Z",
            "yes_price": 20,
            "no_price": 80,
            "taker_side": "yes"
        },
        {
            "trade_id": "95461360-8a47-4f3e-9223-c8aa0eea4b96",
            "ticker": "KXHIGHNY-25JAN18-B43.5",
            "count": 50,
            "created_time": "2025-01-18T15:11:22.614695Z",
            "yes_price": 20,
            "no_price": 80,
            "taker_side": "yes"
        },
        {
            "trade_id": "abb14e94-27e2-4ec2-acdc-566c42fea9e0",
            "ticker": "KXHIGHNY-25JAN18-B43.5",
            "count": 4,
            "created_time": "2025-01-18T15:10:33.582755Z",
            "yes_price": 20,
            "no_price": 80,
            "taker_side": "yes"
        },
        {
            "trade_id": "01273c2e-9e90-434b-b017-8320b58e74dc",
            "ticker": "KXHIGHNY-25JAN18-B43.5",
            "count": 34,
            "created_time": "2025-01-18T15:09:48.86331Z",
            "yes_price": 13,
            "no_price": 87,
            "taker_side": "no"
        },
        {
            "trade_id": "e9f37707-3a59-45ad-b7bd-912c86bde86f",
            "ticker": "KXHIGHNY-25JAN18-B43.5",
            "count": 53,
            "created_time": "2025-01-18T15:01:55.011923Z",
            "yes_price": 25,
            "no_price": 75,
            "taker_side": "yes"
        },
        {
            "trade_id": "95858a85-8f09-4ba4-b3b2-87293c1220c7",
            "ticker": "KXHIGHNY-25JAN18-B43.5",
            "count": 4,
            "created_time": "2025-01-18T15:01:55.011923Z",
            "yes_price": 26,
            "no_price": 74,
            "taker_side": "yes"
        },
        {
            "trade_id": "92f34e0d-2695-4a19-a782-24f48ea31c93",
            "ticker": "KXHIGHNY-25JAN18-B43.5",
            "count": 3,
            "created_time": "2025-01-18T15:01:55.011923Z",
            "yes_price": 25,
            "no_price": 75,
            "taker_side": "yes"
        },
        {
            "trade_id": "8570742a-448c-4117-8ee0-f6e64eac93a4",
            "ticker": "KXHIGHNY-25JAN18-B43.5",
            "count": 2,
            "created_time": "2025-01-18T14:58:59.26903Z",
            "yes_price": 30,
            "no_price": 70,
            "taker_side": "yes"
        },
        {
            "trade_id": "63d0f032-1e4b-4f0e-b86e-097334c50bde",
            "ticker": "KXHIGHNY-25JAN18-B43.5",
            "count": 14,
            "created_time": "2025-01-18T14:58:59.26903Z",
            "yes_price": 25,
            "no_price": 75,
            "taker_side": "yes"
        },
        {
            "trade_id": "eabffaeb-98a7-4f49-829b-3437e605c64b",
            "ticker": "KXHIGHNY-25JAN18-B43.5",
            "count": 3,
            "created_time": "2025-01-18T14:46:54.268949Z",
            "yes_price": 15,
            "no_price": 85,
            "taker_side": "yes"
        },
        {
            "trade_id": "e9ae47a3-98c9-45b8-8f67-e4f2b555f899",
            "ticker": "KXHIGHNY-25JAN18-B43.5",
            "count": 200,
            "created_time": "2025-01-18T14:46:54.268949Z",
            "yes_price": 18,
            "no_price": 82,
            "taker_side": "yes"
        },
        {
            "trade_id": "f3d0a458-9ae6-442a-ac08-205e13ef07d6",
            "ticker": "KXHIGHNY-25JAN18-B43.5",
            "count": 100,
            "created_time": "2025-01-18T14:46:12.907697Z",
            "yes_price": 14,
            "no_price": 86,
            "taker_side": "yes"
        },
        {
            "trade_id": "704e264d-92d6-448b-922d-0b2fb3d5a70d",
            "ticker": "KXHIGHNY-25JAN18-B43.5",
            "count": 100,
            "created_time": "2025-01-18T14:46:12.907697Z",
            "yes_price": 15,
            "no_price": 85,
            "taker_side": "yes"
        },
        {
            "trade_id": "6de2c0ed-870a-4422-92b0-79906dae1895",
            "ticker": "KXHIGHNY-25JAN18-B43.5",
            "count": 10,
            "created_time": "2025-01-18T14:46:12.907697Z",
            "yes_price": 17,
            "no_price": 83,
            "taker_side": "yes"
        },
        {
            "trade_id": "400013af-1ea6-4b5e-80f5-ec553a823c8b",
            "ticker": "KXHIGHNY-25JAN18-B43.5",
            "count": 20,
            "created_time": "2025-01-18T14:46:12.907697Z",
            "yes_price": 16,
            "no_price": 84,
            "taker_side": "yes"
        },
        {
            "trade_id": "2dae80aa-cc4a-4631-b9c8-922d488be2f2",
            "ticker": "KXHIGHNY-25JAN18-B43.5",
            "count": 75,
            "created_time": "2025-01-18T14:46:12.907697Z",
            "yes_price": 16,
            "no_price": 84,
            "taker_side": "yes"
        },
        {
            "trade_id": "778bc992-d7ab-49f8-912f-de76bfceb544",
            "ticker": "KXHIGHNY-25JAN18-B43.5",
            "count": 37,
            "created_time": "2025-01-18T14:43:17.536616Z",
            "yes_price": 12,
            "no_price": 88,
            "taker_side": "no"
        },
        {
            "trade_id": "1f06b41f-231e-4036-94e2-3820f32067de",
            "ticker": "KXHIGHNY-25JAN18-B43.5",
            "count": 169,
            "created_time": "2025-01-18T14:42:52.259053Z",
            "yes_price": 12,
            "no_price": 88,
            "taker_side": "no"
        },
        {
            "trade_id": "7bdbd0ae-d02e-45be-a649-c2c7e2445a96",
            "ticker": "KXHIGHNY-25JAN18-B43.5",
            "count": 5,
            "created_time": "2025-01-18T14:42:50.005647Z",
            "yes_price": 12,
            "no_price": 88,
            "taker_side": "no"
        },
        {
            "trade_id": "9142d9c0-e6f4-4a1d-b9af-144199f5c841",
            "ticker": "KXHIGHNY-25JAN18-B43.5",
            "count": 5,
            "created_time": "2025-01-18T14:42:49.865162Z",
            "yes_price": 12,
            "no_price": 88,
            "taker_side": "no"
        },
        {
            "trade_id": "7141fdc2-4bfc-4856-8c24-5c36bbccbae6",
            "ticker": "KXHIGHNY-25JAN18-B43.5",
            "count": 48,
            "created_time": "2025-01-18T14:42:36.079802Z",
            "yes_price": 12,
            "no_price": 88,
            "taker_side": "no"
        },
        {
            "trade_id": "1e52dd01-15ba-421e-845f-52239dc581d7",
            "ticker": "KXHIGHNY-25JAN18-B43.5",
            "count": 20,
            "created_time": "2025-01-18T14:35:26.28381Z",
            "yes_price": 12,
            "no_price": 88,
            "taker_side": "no"
        },
        {
            "trade_id": "bb9620be-26bd-415a-8af6-488467c0b16b",
            "ticker": "KXHIGHNY-25JAN18-B43.5",
            "count": 100,
            "created_time": "2025-01-18T14:22:10.214926Z",
            "yes_price": 18,
            "no_price": 82,
            "taker_side": "no"
        },
        {
            "trade_id": "76eb135a-986e-48b1-a7a0-46ef2aed37de",
            "ticker": "KXHIGHNY-25JAN18-B43.5",
            "count": 305,
            "created_time": "2025-01-18T14:20:26.951814Z",
            "yes_price": 20,
            "no_price": 80,
            "taker_side": "no"
        },
        {
            "trade_id": "c4216cc2-5954-4c7f-bf24-8a285ab85bb1",
            "ticker": "KXHIGHNY-25JAN18-B43.5",
            "count": 10,
            "created_time": "2025-01-18T14:19:59.641005Z",
            "yes_price": 20,
            "no_price": 80,
            "taker_side": "no"
        },
        {
            "trade_id": "d4a35855-c723-4821-900d-85fca6f2c027",
            "ticker": "KXHIGHNY-25JAN18-B43.5",
            "count": 150,
            "created_time": "2025-01-18T14:16:54.242319Z",
            "yes_price": 20,
            "no_price": 80,
            "taker_side": "no"
        },
        {
            "trade_id": "b01f3a7b-0863-4c69-b862-ea1433e490d1",
            "ticker": "KXHIGHNY-25JAN18-B43.5",
            "count": 145,
            "created_time": "2025-01-18T14:16:35.529235Z",
            "yes_price": 20,
            "no_price": 80,
            "taker_side": "no"
        },
        {
            "trade_id": "9cdb7d90-5a1c-43de-b0b7-73b2099ece07",
            "ticker": "KXHIGHNY-25JAN18-B43.5",
            "count": 200,
            "created_time": "2025-01-18T14:10:25.725608Z",
            "yes_price": 20,
            "no_price": 80,
            "taker_side": "no"
        },
        {
            "trade_id": "cffc2e3e-1693-4b16-8530-cd2a91da4eb5",
            "ticker": "KXHIGHNY-25JAN18-B43.5",
            "count": 75,
            "created_time": "2025-01-18T14:06:12.717996Z",
            "yes_price": 20,
            "no_price": 80,
            "taker_side": "no"
        },
        {
            "trade_id": "710114f5-480f-4337-8d36-3358495bb216",
            "ticker": "KXHIGHNY-25JAN18-B43.5",
            "count": 25,
            "created_time": "2025-01-18T14:03:37.717758Z",
            "yes_price": 20,
            "no_price": 80,
            "taker_side": "no"
        },
        {
            "trade_id": "d32e01bc-3651-4fe4-8116-3e3d64205ff9",
            "ticker": "KXHIGHNY-25JAN18-B43.5",
            "count": 590,
            "created_time": "2025-01-18T14:03:21.203813Z",
            "yes_price": 20,
            "no_price": 80,
            "taker_side": "no"
        },
        {
            "trade_id": "86a6e04e-c20e-4d8e-ae62-f0eda8c788db",
            "ticker": "KXHIGHNY-25JAN18-B43.5",
            "count": 27,
            "created_time": "2025-01-18T14:03:21.203813Z",
            "yes_price": 23,
            "no_price": 77,
            "taker_side": "no"
        },
        {
            "trade_id": "c41cae2e-04c7-442a-b8a9-c0099a01370d",
            "ticker": "KXHIGHNY-25JAN18-B43.5",
            "count": 45,
            "created_time": "2025-01-18T14:02:42.122114Z",
            "yes_price": 23,
            "no_price": 77,
            "taker_side": "no"
        },
        {
            "trade_id": "a887caca-a070-4848-b617-6e88c56b40c3",
            "ticker": "KXHIGHNY-25JAN18-B43.5",
            "count": 51,
            "created_time": "2025-01-18T14:02:27.790591Z",
            "yes_price": 23,
            "no_price": 77,
            "taker_side": "no"
        },
        {
            "trade_id": "73277117-622a-40e6-8694-95589ff6e3df",
            "ticker": "KXHIGHNY-25JAN18-B43.5",
            "count": 15,
            "created_time": "2025-01-18T14:02:27.213446Z",
            "yes_price": 23,
            "no_price": 77,
            "taker_side": "no"
        },
        {
            "trade_id": "162e0566-dc1d-429f-991a-6405b8e820e3",
            "ticker": "KXHIGHNY-25JAN18-B43.5",
            "count": 5,
            "created_time": "2025-01-18T14:02:26.62531Z",
            "yes_price": 23,
            "no_price": 77,
            "taker_side": "no"
        },
        {
            "trade_id": "9db832c2-144c-4c70-9812-7f7719e5b33c",
            "ticker": "KXHIGHNY-25JAN18-B43.5",
            "count": 35,
            "created_time": "2025-01-18T14:02:07.98454Z",
            "yes_price": 23,
            "no_price": 77,
            "taker_side": "no"
        },
        {
            "trade_id": "99a0d053-9db7-4171-802d-c46af948b024",
            "ticker": "KXHIGHNY-25JAN18-B43.5",
            "count": 200,
            "created_time": "2025-01-18T14:01:43.313694Z",
            "yes_price": 23,
            "no_price": 77,
            "taker_side": "no"
        },
        {
            "trade_id": "3d5d50e8-de7f-4501-9b4d-40ade2ce8e53",
            "ticker": "KXHIGHNY-25JAN18-B43.5",
            "count": 39,
            "created_time": "2025-01-18T13:59:24.094783Z",
            "yes_price": 23,
            "no_price": 77,
            "taker_side": "no"
        },
        {
            "trade_id": "889886c9-ca1f-404b-a398-fff63b16f625",
            "ticker": "KXHIGHNY-25JAN18-B43.5",
            "count": 1000,
            "created_time": "2025-01-18T13:58:37.757543Z",
            "yes_price": 24,
            "no_price": 76,
            "taker_side": "no"
        },
        {
            "trade_id": "5313e3ee-92b9-4702-8002-6f7d914b4bc0",
            "ticker": "KXHIGHNY-25JAN18-B43.5",
            "count": 85,
            "created_time": "2025-01-18T13:58:37.757543Z",
            "yes_price": 25,
            "no_price": 75,
            "taker_side": "no"
        },
        {
            "trade_id": "8ae09708-347f-4fed-b5cd-05f4c6d0cb62",
            "ticker": "KXHIGHNY-25JAN18-B43.5",
            "count": 2,
            "created_time": "2025-01-18T13:50:15.968132Z",
            "yes_price": 25,
            "no_price": 75,
            "taker_side": "no"
        },
        {
            "trade_id": "b33a612a-c549-4156-9332-c1fa8a7ddb41",
            "ticker": "KXHIGHNY-25JAN18-B43.5",
            "count": 18,
            "created_time": "2025-01-18T13:50:15.395585Z",
            "yes_price": 26,
            "no_price": 74,
            "taker_side": "no"
        },
        {
            "trade_id": "fcc7d84d-b7b6-4220-b6d0-b51c9a32301c",
            "ticker": "KXHIGHNY-25JAN18-B43.5",
            "count": 85,
            "created_time": "2025-01-18T13:48:20.527193Z",
            "yes_price": 30,
            "no_price": 70,
            "taker_side": "yes"
        },
        {
            "trade_id": "5305e629-c5a3-4918-b09a-db8eb822fe9c",
            "ticker": "KXHIGHNY-25JAN18-B43.5",
            "count": 15,
            "created_time": "2025-01-18T13:48:20.527193Z",
            "yes_price": 29,
            "no_price": 71,
            "taker_side": "yes"
        },
        {
            "trade_id": "5a1ea1c6-1fbe-438b-ad9c-03924ed4c157",
            "ticker": "KXHIGHNY-25JAN18-B43.5",
            "count": 27,
            "created_time": "2025-01-18T13:47:08.030862Z",
            "yes_price": 26,
            "no_price": 74,
            "taker_side": "no"
        },
        {
            "trade_id": "3ce7ed56-ab32-4465-9c28-461109209fe7",
            "ticker": "KXHIGHNY-25JAN18-B43.5",
            "count": 15,
            "created_time": "2025-01-18T13:41:32.222343Z",
            "yes_price": 26,
            "no_price": 74,
            "taker_side": "no"
        },
        {
            "trade_id": "15e99406-fbf4-47b7-9fb6-56175b0768f7",
            "ticker": "KXHIGHNY-25JAN18-B43.5",
            "count": 40,
            "created_time": "2025-01-18T13:39:57.6915Z",
            "yes_price": 26,
            "no_price": 74,
            "taker_side": "no"
        },
        {
            "trade_id": "bad26ef4-3662-40ca-8767-ef4b38c3a2bc",
            "ticker": "KXHIGHNY-25JAN18-B43.5",
            "count": 10,
            "created_time": "2025-01-18T13:28:07.087479Z",
            "yes_price": 33,
            "no_price": 67,
            "taker_side": "yes"
        },
        {
            "trade_id": "a82fa715-12fd-4456-b2b5-ad2c8ce05a2e",
            "ticker": "KXHIGHNY-25JAN18-B43.5",
            "count": 220,
            "created_time": "2025-01-18T13:03:21.325591Z",
            "yes_price": 25,
            "no_price": 75,
            "taker_side": "no"
        },
        {
            "trade_id": "0501bbc0-2ef8-4842-a05c-887938ebad13",
            "ticker": "KXHIGHNY-25JAN18-B43.5",
            "count": 43,
            "created_time": "2025-01-18T13:03:21.325591Z",
            "yes_price": 27,
            "no_price": 73,
            "taker_side": "no"
        },
        {
            "trade_id": "dc91c229-1d98-4b6f-be4d-d45f3bb91436",
            "ticker": "KXHIGHNY-25JAN18-B43.5",
            "count": 90,
            "created_time": "2025-01-18T12:54:16.854326Z",
            "yes_price": 25,
            "no_price": 75,
            "taker_side": "no"
        },
        {
            "trade_id": "62e88051-1718-42de-b889-f1034e891a57",
            "ticker": "KXHIGHNY-25JAN18-B43.5",
            "count": 49,
            "created_time": "2025-01-18T07:46:26.90275Z",
            "yes_price": 35,
            "no_price": 65,
            "taker_side": "yes"
        },
        {
            "trade_id": "38a9410f-af1d-45f7-9387-dd790cf7297a",
            "ticker": "KXHIGHNY-25JAN18-B43.5",
            "count": 5,
            "created_time": "2025-01-18T07:46:26.90275Z",
            "yes_price": 33,
            "no_price": 67,
            "taker_side": "yes"
        },
        {
            "trade_id": "0f598dce-b509-40c7-952b-b62f4e50ecc0",
            "ticker": "KXHIGHNY-25JAN18-B43.5",
            "count": 6,
            "created_time": "2025-01-18T07:45:55.419497Z",
            "yes_price": 28,
            "no_price": 72,
            "taker_side": "no"
        },
        {
            "trade_id": "02402540-54d8-486c-8875-af105c64ae4d",
            "ticker": "KXHIGHNY-25JAN18-B43.5",
            "count": 19,
            "created_time": "2025-01-18T07:25:40.906656Z",
            "yes_price": 23,
            "no_price": 77,
            "taker_side": "no"
        },
        {
            "trade_id": "79719309-fe4e-4e2b-a8a5-404046df9e90",
            "ticker": "KXHIGHNY-25JAN18-B43.5",
            "count": 113,
            "created_time": "2025-01-18T06:39:34.398031Z",
            "yes_price": 23,
            "no_price": 77,
            "taker_side": "no"
        },
        {
            "trade_id": "1d6b29da-533d-48d0-a44a-afbb0a08a511",
            "ticker": "KXHIGHNY-25JAN18-B43.5",
            "count": 240,
            "created_time": "2025-01-18T06:39:27.658728Z",
            "yes_price": 23,
            "no_price": 77,
            "taker_side": "no"
        },
        {
            "trade_id": "f412ce99-ee98-4c04-aa9a-ae26f9e07b36",
            "ticker": "KXHIGHNY-25JAN18-B43.5",
            "count": 102,
            "created_time": "2025-01-18T06:39:27.569016Z",
            "yes_price": 23,
            "no_price": 77,
            "taker_side": "no"
        },
        {
            "trade_id": "a7dad12f-0e5f-40ff-bcaa-0033bf99457a",
            "ticker": "KXHIGHNY-25JAN18-B43.5",
            "count": 7,
            "created_time": "2025-01-18T06:36:29.854666Z",
            "yes_price": 23,
            "no_price": 77,
            "taker_side": "no"
        },
        {
            "trade_id": "dfb0c979-7d9e-46a5-a0a9-843b3ba05fe5",
            "ticker": "KXHIGHNY-25JAN18-B43.5",
            "count": 14,
            "created_time": "2025-01-18T06:33:44.021516Z",
            "yes_price": 23,
            "no_price": 77,
            "taker_side": "no"
        },
        {
            "trade_id": "c05da075-722d-4fc1-98cd-d4af3a1164aa",
            "ticker": "KXHIGHNY-25JAN18-B43.5",
            "count": 240,
            "created_time": "2025-01-18T06:33:27.856065Z",
            "yes_price": 23,
            "no_price": 77,
            "taker_side": "no"
        },
        {
            "trade_id": "31644e64-8b37-4bb5-9924-f968923f647c",
            "ticker": "KXHIGHNY-25JAN18-B43.5",
            "count": 240,
            "created_time": "2025-01-18T06:33:27.766073Z",
            "yes_price": 23,
            "no_price": 77,
            "taker_side": "no"
        },
        {
            "trade_id": "ac6bfc22-4723-429b-88c6-d680f4b55cd1",
            "ticker": "KXHIGHNY-25JAN18-B43.5",
            "count": 108,
            "created_time": "2025-01-18T06:33:27.687911Z",
            "yes_price": 23,
            "no_price": 77,
            "taker_side": "no"
        },
        {
            "trade_id": "8f84d452-ce74-4f48-8233-c7ce0586c42f",
            "ticker": "KXHIGHNY-25JAN18-B43.5",
            "count": 1,
            "created_time": "2025-01-18T05:50:02.286953Z",
            "yes_price": 26,
            "no_price": 74,
            "taker_side": "yes"
        },
        {
            "trade_id": "88bbea8b-08cf-4e71-a2f7-d1565d0cab55",
            "ticker": "KXHIGHNY-25JAN18-B43.5",
            "count": 48,
            "created_time": "2025-01-18T05:50:02.286953Z",
            "yes_price": 24,
            "no_price": 76,
            "taker_side": "yes"
        },
        {
            "trade_id": "7afc9d75-7428-4868-ae89-2488fafde258",
            "ticker": "KXHIGHNY-25JAN18-B43.5",
            "count": 1,
            "created_time": "2025-01-18T05:50:02.286953Z",
            "yes_price": 24,
            "no_price": 76,
            "taker_side": "yes"
        },
        {
            "trade_id": "5ecc2a93-5530-4367-8dd5-3115028de868",
            "ticker": "KXHIGHNY-25JAN18-B43.5",
            "count": 28,
            "created_time": "2025-01-18T05:50:02.286953Z",
            "yes_price": 24,
            "no_price": 76,
            "taker_side": "yes"
        },
        {
            "trade_id": "ed2be472-58aa-4291-af5a-12b13c609fd8",
            "ticker": "KXHIGHNY-25JAN18-B43.5",
            "count": 25,
            "created_time": "2025-01-18T04:30:40.951323Z",
            "yes_price": 24,
            "no_price": 76,
            "taker_side": "yes"
        },
        {
            "trade_id": "2079b6dd-c304-4ae5-89b9-9df2984013af",
            "ticker": "KXHIGHNY-25JAN18-B43.5",
            "count": 8,
            "created_time": "2025-01-18T03:36:28.050944Z",
            "yes_price": 30,
            "no_price": 70,
            "taker_side": "yes"
        },
        {
            "trade_id": "a3b8ab51-fb49-402c-8fa7-e9cd21a01f34",
            "ticker": "KXHIGHNY-25JAN18-B43.5",
            "count": 2,
            "created_time": "2025-01-18T03:27:09.60488Z",
            "yes_price": 32,
            "no_price": 68,
            "taker_side": "yes"
        },
        {
            "trade_id": "1aea6ba0-4963-4af6-bc71-a8c85a734ec2",
            "ticker": "KXHIGHNY-25JAN18-B43.5",
            "count": 37,
            "created_time": "2025-01-18T02:21:30.571831Z",
            "yes_price": 24,
            "no_price": 76,
            "taker_side": "yes"
        },
        {
            "trade_id": "e97a3ff1-288d-474e-923a-178a2bfdd554",
            "ticker": "KXHIGHNY-25JAN18-B43.5",
            "count": 9,
            "created_time": "2025-01-18T02:01:16.189277Z",
            "yes_price": 24,
            "no_price": 76,
            "taker_side": "yes"
        },
        {
            "trade_id": "9c9c1d0a-2568-4c74-af8d-0ea5cd31690f",
            "ticker": "KXHIGHNY-25JAN18-B43.5",
            "count": 10,
            "created_time": "2025-01-18T02:00:57.251783Z",
            "yes_price": 24,
            "no_price": 76,
            "taker_side": "yes"
        },
        {
            "trade_id": "8ee67fbe-d7ae-4ac8-a2d7-5d2e036bfc9d",
            "ticker": "KXHIGHNY-25JAN18-B43.5",
            "count": 10,
            "created_time": "2025-01-18T02:00:51.581301Z",
            "yes_price": 24,
            "no_price": 76,
            "taker_side": "yes"
        },
        {
            "trade_id": "326f8e22-308a-461c-8db6-933d49ac457b",
            "ticker": "KXHIGHNY-25JAN18-B43.5",
            "count": 10,
            "created_time": "2025-01-18T02:00:45.308157Z",
            "yes_price": 24,
            "no_price": 76,
            "taker_side": "yes"
        },
        {
            "trade_id": "ffdac933-1fa8-46c6-b539-7ffd63262201",
            "ticker": "KXHIGHNY-25JAN18-B43.5",
            "count": 9,
            "created_time": "2025-01-18T01:59:22.640045Z",
            "yes_price": 24,
            "no_price": 76,
            "taker_side": "yes"
        },
        {
            "trade_id": "575927ed-c482-45bc-8299-3e05b98f1ec0",
            "ticker": "KXHIGHNY-25JAN18-B43.5",
            "count": 15,
            "created_time": "2025-01-18T01:54:21.552635Z",
            "yes_price": 24,
            "no_price": 76,
            "taker_side": "yes"
        },
        {
            "trade_id": "577782e9-83a7-42f2-8f16-baead3394b54",
            "ticker": "KXHIGHNY-25JAN18-B43.5",
            "count": 1,
            "created_time": "2025-01-17T22:33:43.22847Z",
            "yes_price": 23,
            "no_price": 77,
            "taker_side": "yes"
        },
        {
            "trade_id": "2c419211-ceb1-427e-8a57-e3e131160d97",
            "ticker": "KXHIGHNY-25JAN18-B43.5",
            "count": 1,
            "created_time": "2025-01-17T22:30:43.640151Z",
            "yes_price": 18,
            "no_price": 82,
            "taker_side": "no"
        },
        {
            "trade_id": "609887b0-07ec-4947-bce7-eafca584abf9",
            "ticker": "KXHIGHNY-25JAN18-B43.5",
            "count": 13,
            "created_time": "2025-01-17T22:22:40.359572Z",
            "yes_price": 25,
            "no_price": 75,
            "taker_side": "yes"
        },
        {
            "trade_id": "3f0a5089-f80f-44cb-8160-20f5b0aab0e7",
            "ticker": "KXHIGHNY-25JAN18-B43.5",
            "count": 6,
            "created_time": "2025-01-17T22:22:40.359572Z",
            "yes_price": 23,
            "no_price": 77,
            "taker_side": "yes"
        },
        {
            "trade_id": "579cdce6-9a65-44a8-ae95-432c8d40d2ed",
            "ticker": "KXHIGHNY-25JAN18-B43.5",
            "count": 91,
            "created_time": "2025-01-17T22:00:31.766063Z",
            "yes_price": 23,
            "no_price": 77,
            "taker_side": "yes"
        },
        {
            "trade_id": "007224db-c250-4fb3-9782-20e28dc81021",
            "ticker": "KXHIGHNY-25JAN18-B43.5",
            "count": 3,
            "created_time": "2025-01-17T22:00:31.766063Z",
            "yes_price": 23,
            "no_price": 77,
            "taker_side": "yes"
        },
        {
            "trade_id": "9d858aed-94ab-406f-b01c-a7c02bd921fa",
            "ticker": "KXHIGHNY-25JAN18-B43.5",
            "count": 98,
            "created_time": "2025-01-17T21:48:33.375371Z",
            "yes_price": 29,
            "no_price": 71,
            "taker_side": "no"
        },
        {
            "trade_id": "1f9163e2-d172-45d5-88fd-7f105a742358",
            "ticker": "KXHIGHNY-25JAN18-B43.5",
            "count": 88,
            "created_time": "2025-01-17T21:45:49.325566Z",
            "yes_price": 29,
            "no_price": 71,
            "taker_side": "no"
        },
        {
            "trade_id": "099ca265-cdfc-41f6-9d0d-75f006b81a2e",
            "ticker": "KXHIGHNY-25JAN18-B43.5",
            "count": 31,
            "created_time": "2025-01-17T21:45:39.887073Z",
            "yes_price": 30,
            "no_price": 70,
            "taker_side": "no"
        },
        {
            "trade_id": "9e6330ca-430d-4cbe-b317-e9b565463463",
            "ticker": "KXHIGHNY-25JAN18-B43.5",
            "count": 12,
            "created_time": "2025-01-17T21:45:39.765995Z",
            "yes_price": 30,
            "no_price": 70,
            "taker_side": "no"
        },
        {
            "trade_id": "d2505611-aa8a-4bba-a5d2-972b542ea481",
            "ticker": "KXHIGHNY-25JAN18-B43.5",
            "count": 119,
            "created_time": "2025-01-17T21:40:02.179Z",
            "yes_price": 32,
            "no_price": 68,
            "taker_side": "yes"
        },
        {
            "trade_id": "74c5e2ea-7013-435a-8438-bb52c02c1f36",
            "ticker": "KXHIGHNY-25JAN18-B43.5",
            "count": 52,
            "created_time": "2025-01-17T21:39:37.332063Z",
            "yes_price": 31,
            "no_price": 69,
            "taker_side": "yes"
        },
        {
            "trade_id": "874ec559-641f-4295-9b53-42c1e34b8802",
            "ticker": "KXHIGHNY-25JAN18-B43.5",
            "count": 36,
            "created_time": "2025-01-17T21:29:11.487081Z",
            "yes_price": 30,
            "no_price": 70,
            "taker_side": "no"
        },
        {
            "trade_id": "232f7fb8-1f6a-4f31-94b4-ee7a620a3c41",
            "ticker": "KXHIGHNY-25JAN18-B43.5",
            "count": 100,
            "created_time": "2025-01-17T21:29:11.487081Z",
            "yes_price": 30,
            "no_price": 70,
            "taker_side": "no"
        },
        {
            "trade_id": "07a1d3c2-34b6-456c-b4d6-8f06a9ccd2ed",
            "ticker": "KXHIGHNY-25JAN18-B43.5",
            "count": 70,
            "created_time": "2025-01-17T21:11:33.059549Z",
            "yes_price": 37,
            "no_price": 63,
            "taker_side": "yes"
        },
        {
            "trade_id": "6e809fc1-e543-49e2-97ec-a9e5d988545b",
            "ticker": "KXHIGHNY-25JAN18-B43.5",
            "count": 10,
            "created_time": "2025-01-17T21:07:59.013523Z",
            "yes_price": 35,
            "no_price": 65,
            "taker_side": "yes"
        },
        {
            "trade_id": "2f9e9ba6-314b-4ab7-a199-962a68bf20f8",
            "ticker": "KXHIGHNY-25JAN18-B43.5",
            "count": 12,
            "created_time": "2025-01-17T20:56:29.028907Z",
            "yes_price": 37,
            "no_price": 63,
            "taker_side": "yes"
        },
        {
            "trade_id": "1068596a-8165-4bc0-ad33-e70dc88a8133",
            "ticker": "KXHIGHNY-25JAN18-B43.5",
            "count": 89,
            "created_time": "2025-01-17T19:20:24.280252Z",
            "yes_price": 32,
            "no_price": 68,
            "taker_side": "yes"
        },
        {
            "trade_id": "f505aaf9-0ec5-46e4-9147-9e0ae8906777",
            "ticker": "KXHIGHNY-25JAN18-B43.5",
            "count": 13,
            "created_time": "2025-01-17T17:45:16.90942Z",
            "yes_price": 29,
            "no_price": 71,
            "taker_side": "no"
        },
        {
            "trade_id": "58ed41c2-56e0-407e-97a1-84dd58d9c9be",
            "ticker": "KXHIGHNY-25JAN18-B43.5",
            "count": 1,
            "created_time": "2025-01-17T17:32:10.426229Z",
            "yes_price": 31,
            "no_price": 69,
            "taker_side": "yes"
        },
        {
            "trade_id": "106d9487-35cf-4a1b-8812-3173d4c50ddb",
            "ticker": "KXHIGHNY-25JAN18-B43.5",
            "count": 1,
            "created_time": "2025-01-17T17:30:24.933221Z",
            "yes_price": 29,
            "no_price": 71,
            "taker_side": "no"
        },
        {
            "trade_id": "66561eb4-1b0b-49d1-be00-7a6669c54d16",
            "ticker": "KXHIGHNY-25JAN18-B43.5",
            "count": 5,
            "created_time": "2025-01-17T15:25:38.457493Z",
            "yes_price": 11,
            "no_price": 89,
            "taker_side": "no"
        }
    ],
    "KXHIGHNY-25JAN18-B45.5": [
        {
            "trade_id": "66cc52bd-c0e7-4e8c-943a-eb5048a0ef0e",
            "ticker": "KXHIGHNY-25JAN18-B45.5",
            "count": 136,
            "created_time": "2025-01-19T03:17:04.203337Z",
            "yes_price": 99,
            "no_price": 1,
            "taker_side": "yes"
        },
        {
            "trade_id": "ef828042-2f6c-490d-be7a-eece25a74cde",
            "ticker": "KXHIGHNY-25JAN18-B45.5",
            "count": 68,
            "created_time": "2025-01-19T02:31:21.568255Z",
            "yes_price": 94,
            "no_price": 6,
            "taker_side": "no"
        },
        {
            "trade_id": "7d507521-4efa-4c94-a38e-4382094473ca",
            "ticker": "KXHIGHNY-25JAN18-B45.5",
            "count": 10,
            "created_time": "2025-01-19T02:31:21.568255Z",
            "yes_price": 94,
            "no_price": 6,
            "taker_side": "no"
        },
        {
            "trade_id": "1ada9eb0-5276-4cc2-8b6d-2ac508241561",
            "ticker": "KXHIGHNY-25JAN18-B45.5",
            "count": 3,
            "created_time": "2025-01-19T00:29:58.053094Z",
            "yes_price": 95,
            "no_price": 5,
            "taker_side": "no"
        },
        {
            "trade_id": "9b3302b7-2061-4273-b6d0-95965758032b",
            "ticker": "KXHIGHNY-25JAN18-B45.5",
            "count": 10,
            "created_time": "2025-01-19T00:05:39.949803Z",
            "yes_price": 94,
            "no_price": 6,
            "taker_side": "no"
        },
        {
            "trade_id": "6a291235-5805-44da-9575-38487c92f8f5",
            "ticker": "KXHIGHNY-25JAN18-B45.5",
            "count": 10,
            "created_time": "2025-01-19T00:05:39.949803Z",
            "yes_price": 99,
            "no_price": 1,
            "taker_side": "no"
        },
        {
            "trade_id": "0870c6dd-b2e4-4396-90be-96caa3fbf262",
            "ticker": "KXHIGHNY-25JAN18-B45.5",
            "count": 90,
            "created_time": "2025-01-18T23:36:04.887689Z",
            "yes_price": 99,
            "no_price": 1,
            "taker_side": "no"
        },
        {
            "trade_id": "da228b15-4c4f-4dcc-8797-3971dcc0bc70",
            "ticker": "KXHIGHNY-25JAN18-B45.5",
            "count": 50,
            "created_time": "2025-01-18T21:58:03.144261Z",
            "yes_price": 99,
            "no_price": 1,
            "taker_side": "yes"
        },
        {
            "trade_id": "2609554c-ca2e-449c-9464-add9bce443e3",
            "ticker": "KXHIGHNY-25JAN18-B45.5",
            "count": 42,
            "created_time": "2025-01-18T21:58:03.144261Z",
            "yes_price": 99,
            "no_price": 1,
            "taker_side": "yes"
        },
        {
            "trade_id": "19685884-bcb0-4dcf-8387-0299f3ffe18d",
            "ticker": "KXHIGHNY-25JAN18-B45.5",
            "count": 35,
            "created_time": "2025-01-18T21:58:03.144261Z",
            "yes_price": 99,
            "no_price": 1,
            "taker_side": "yes"
        },
        {
            "trade_id": "f199c600-7bb8-4375-b80c-0bb225364ae9",
            "ticker": "KXHIGHNY-25JAN18-B45.5",
            "count": 15,
            "created_time": "2025-01-18T21:57:54.893508Z",
            "yes_price": 99,
            "no_price": 1,
            "taker_side": "yes"
        },
        {
            "trade_id": "072b4091-801f-4f9a-99c0-1cf5e9e9f221",
            "ticker": "KXHIGHNY-25JAN18-B45.5",
            "count": 5,
            "created_time": "2025-01-18T21:35:20.274525Z",
            "yes_price": 95,
            "no_price": 5,
            "taker_side": "no"
        },
        {
            "trade_id": "1673c97b-6b52-458f-ab28-bfc9c51f3650",
            "ticker": "KXHIGHNY-25JAN18-B45.5",
            "count": 5,
            "created_time": "2025-01-18T21:33:45.288903Z",
            "yes_price": 96,
            "no_price": 4,
            "taker_side": "no"
        },
        {
            "trade_id": "0cae5847-11c4-40ae-98bd-0d5868f2c863",
            "ticker": "KXHIGHNY-25JAN18-B45.5",
            "count": 26,
            "created_time": "2025-01-18T21:33:45.288903Z",
            "yes_price": 95,
            "no_price": 5,
            "taker_side": "no"
        },
        {
            "trade_id": "c609bebc-419f-42c8-9276-973bf0593873",
            "ticker": "KXHIGHNY-25JAN18-B45.5",
            "count": 1,
            "created_time": "2025-01-18T21:06:46.303106Z",
            "yes_price": 96,
            "no_price": 4,
            "taker_side": "no"
        },
        {
            "trade_id": "6c984948-97fa-46d1-b157-4ca7cdb326a2",
            "ticker": "KXHIGHNY-25JAN18-B45.5",
            "count": 50,
            "created_time": "2025-01-18T20:59:51.042852Z",
            "yes_price": 99,
            "no_price": 1,
            "taker_side": "yes"
        },
        {
            "trade_id": "308c0bfa-d103-4367-a894-c22a5092b07b",
            "ticker": "KXHIGHNY-25JAN18-B45.5",
            "count": 50,
            "created_time": "2025-01-18T20:59:51.042852Z",
            "yes_price": 99,
            "no_price": 1,
            "taker_side": "yes"
        },
        {
            "trade_id": "04fbbb7c-866f-4164-a0ac-408b563a9d45",
            "ticker": "KXHIGHNY-25JAN18-B45.5",
            "count": 14,
            "created_time": "2025-01-18T20:59:51.042852Z",
            "yes_price": 99,
            "no_price": 1,
            "taker_side": "yes"
        },
        {
            "trade_id": "d18e33a2-7954-45b4-8198-a7aa58049473",
            "ticker": "KXHIGHNY-25JAN18-B45.5",
            "count": 9,
            "created_time": "2025-01-18T20:51:00.778913Z",
            "yes_price": 96,
            "no_price": 4,
            "taker_side": "no"
        },
        {
            "trade_id": "611624b8-87c4-45fb-ae8c-063b2f6ca1a5",
            "ticker": "KXHIGHNY-25JAN18-B45.5",
            "count": 85,
            "created_time": "2025-01-18T20:49:13.625689Z",
            "yes_price": 96,
            "no_price": 4,
            "taker_side": "no"
        },
        {
            "trade_id": "f8fd7d91-99e6-4303-a405-93435df494e8",
            "ticker": "KXHIGHNY-25JAN18-B45.5",
            "count": 50,
            "created_time": "2025-01-18T20:34:22.658439Z",
            "yes_price": 99,
            "no_price": 1,
            "taker_side": "yes"
        },
        {
            "trade_id": "c9b19cb0-959c-42f8-9ac8-987402e05122",
            "ticker": "KXHIGHNY-25JAN18-B45.5",
            "count": 10,
            "created_time": "2025-01-18T20:34:22.658439Z",
            "yes_price": 99,
            "no_price": 1,
            "taker_side": "yes"
        },
        {
            "trade_id": "b0578a9b-bde8-4782-9e89-1348c87f6247",
            "ticker": "KXHIGHNY-25JAN18-B45.5",
            "count": 75,
            "created_time": "2025-01-18T20:34:22.658439Z",
            "yes_price": 99,
            "no_price": 1,
            "taker_side": "yes"
        },
        {
            "trade_id": "8164d1f5-8ee4-4328-9a39-02eaf27872b2",
            "ticker": "KXHIGHNY-25JAN18-B45.5",
            "count": 36,
            "created_time": "2025-01-18T20:34:22.658439Z",
            "yes_price": 99,
            "no_price": 1,
            "taker_side": "yes"
        },
        {
            "trade_id": "7105c17d-11e7-4941-aec4-046e7a3651c0",
            "ticker": "KXHIGHNY-25JAN18-B45.5",
            "count": 150,
            "created_time": "2025-01-18T20:34:22.658439Z",
            "yes_price": 99,
            "no_price": 1,
            "taker_side": "yes"
        },
        {
            "trade_id": "3537b7b1-bc95-46e8-bd05-82e5e107e3b3",
            "ticker": "KXHIGHNY-25JAN18-B45.5",
            "count": 252,
            "created_time": "2025-01-18T20:34:22.658439Z",
            "yes_price": 99,
            "no_price": 1,
            "taker_side": "yes"
        },
        {
            "trade_id": "2073b66b-371f-4957-9667-87b8738dd527",
            "ticker": "KXHIGHNY-25JAN18-B45.5",
            "count": 3,
            "created_time": "2025-01-18T20:28:22.68698Z",
            "yes_price": 99,
            "no_price": 1,
            "taker_side": "yes"
        },
        {
            "trade_id": "be7e7bf1-ca2e-4d1f-a008-399ecdec9b38",
            "ticker": "KXHIGHNY-25JAN18-B45.5",
            "count": 245,
            "created_time": "2025-01-18T20:28:10.144315Z",
            "yes_price": 99,
            "no_price": 1,
            "taker_side": "yes"
        },
        {
            "trade_id": "450a9e96-12ed-4982-8960-a1ccca846b5d",
            "ticker": "KXHIGHNY-25JAN18-B45.5",
            "count": 50,
            "created_time": "2025-01-18T20:20:11.23273Z",
            "yes_price": 98,
            "no_price": 2,
            "taker_side": "yes"
        },
        {
            "trade_id": "1963529b-d733-4edc-98d2-f33087e1312a",
            "ticker": "KXHIGHNY-25JAN18-B45.5",
            "count": 43,
            "created_time": "2025-01-18T20:19:26.865829Z",
            "yes_price": 97,
            "no_price": 3,
            "taker_side": "yes"
        },
        {
            "trade_id": "e60c81be-4f3b-4e8e-8447-7185a3327cef",
            "ticker": "KXHIGHNY-25JAN18-B45.5",
            "count": 7,
            "created_time": "2025-01-18T20:08:20.684169Z",
            "yes_price": 97,
            "no_price": 3,
            "taker_side": "yes"
        },
        {
            "trade_id": "2da9bd5b-1d08-42dd-8668-0327b79ab8d4",
            "ticker": "KXHIGHNY-25JAN18-B45.5",
            "count": 45,
            "created_time": "2025-01-18T20:08:20.684169Z",
            "yes_price": 97,
            "no_price": 3,
            "taker_side": "yes"
        },
        {
            "trade_id": "0c2d0443-596e-4538-bce1-906faa98ed19",
            "ticker": "KXHIGHNY-25JAN18-B45.5",
            "count": 50,
            "created_time": "2025-01-18T20:08:20.684169Z",
            "yes_price": 97,
            "no_price": 3,
            "taker_side": "yes"
        },
        {
            "trade_id": "e2fc8ed0-d953-4fae-b6ac-d78571dfa78f",
            "ticker": "KXHIGHNY-25JAN18-B45.5",
            "count": 22,
            "created_time": "2025-01-18T20:03:24.85702Z",
            "yes_price": 93,
            "no_price": 7,
            "taker_side": "no"
        },
        {
            "trade_id": "a53916ed-d610-4679-8480-064c8168a636",
            "ticker": "KXHIGHNY-25JAN18-B45.5",
            "count": 10,
            "created_time": "2025-01-18T20:03:24.85702Z",
            "yes_price": 94,
            "no_price": 6,
            "taker_side": "no"
        },
        {
            "trade_id": "d58c7f63-a3b7-45b4-99c4-3b66b9e766a6",
            "ticker": "KXHIGHNY-25JAN18-B45.5",
            "count": 5,
            "created_time": "2025-01-18T19:53:55.211555Z",
            "yes_price": 97,
            "no_price": 3,
            "taker_side": "yes"
        },
        {
            "trade_id": "f30b63c3-7f3a-42eb-942d-ed71751bdecb",
            "ticker": "KXHIGHNY-25JAN18-B45.5",
            "count": 60,
            "created_time": "2025-01-18T19:51:49.362114Z",
            "yes_price": 90,
            "no_price": 10,
            "taker_side": "no"
        },
        {
            "trade_id": "c2aec998-0d5f-419f-8988-78b9900950e6",
            "ticker": "KXHIGHNY-25JAN18-B45.5",
            "count": 78,
            "created_time": "2025-01-18T19:51:49.362114Z",
            "yes_price": 89,
            "no_price": 11,
            "taker_side": "no"
        },
        {
            "trade_id": "3638178a-241a-4be3-aa55-cfc6bf4f1021",
            "ticker": "KXHIGHNY-25JAN18-B45.5",
            "count": 9,
            "created_time": "2025-01-18T19:51:49.362114Z",
            "yes_price": 92,
            "no_price": 8,
            "taker_side": "no"
        },
        {
            "trade_id": "6b6b8d35-0f86-424d-a787-cd4a91912c43",
            "ticker": "KXHIGHNY-25JAN18-B45.5",
            "count": 1,
            "created_time": "2025-01-18T19:47:02.111439Z",
            "yes_price": 92,
            "no_price": 8,
            "taker_side": "no"
        },
        {
            "trade_id": "681e32a6-aef2-4fb2-9c4f-69e59905aa68",
            "ticker": "KXHIGHNY-25JAN18-B45.5",
            "count": 60,
            "created_time": "2025-01-18T19:46:18.33472Z",
            "yes_price": 95,
            "no_price": 5,
            "taker_side": "yes"
        },
        {
            "trade_id": "25f1f9d5-d0fd-4177-9414-24203a5a0e0e",
            "ticker": "KXHIGHNY-25JAN18-B45.5",
            "count": 2,
            "created_time": "2025-01-18T19:32:27.463784Z",
            "yes_price": 95,
            "no_price": 5,
            "taker_side": "yes"
        },
        {
            "trade_id": "430a9180-0be7-4927-8ef4-9b5e36a3c3ff",
            "ticker": "KXHIGHNY-25JAN18-B45.5",
            "count": 10,
            "created_time": "2025-01-18T19:30:43.25575Z",
            "yes_price": 95,
            "no_price": 5,
            "taker_side": "yes"
        },
        {
            "trade_id": "2d42b8a1-a5a5-43d1-8c34-fc167418369a",
            "ticker": "KXHIGHNY-25JAN18-B45.5",
            "count": 5,
            "created_time": "2025-01-18T19:23:38.52462Z",
            "yes_price": 80,
            "no_price": 20,
            "taker_side": "yes"
        },
        {
            "trade_id": "bd78bac1-077d-4845-a3aa-7e442a6ca9c0",
            "ticker": "KXHIGHNY-25JAN18-B45.5",
            "count": 9,
            "created_time": "2025-01-18T19:23:38.182183Z",
            "yes_price": 80,
            "no_price": 20,
            "taker_side": "yes"
        },
        {
            "trade_id": "74d92b75-c318-42cd-a05e-97a300c613f1",
            "ticker": "KXHIGHNY-25JAN18-B45.5",
            "count": 1,
            "created_time": "2025-01-18T19:23:37.884086Z",
            "yes_price": 80,
            "no_price": 20,
            "taker_side": "yes"
        },
        {
            "trade_id": "f62bd933-986b-49f9-907a-77e9ba7e05dc",
            "ticker": "KXHIGHNY-25JAN18-B45.5",
            "count": 5,
            "created_time": "2025-01-18T19:23:37.829133Z",
            "yes_price": 91,
            "no_price": 9,
            "taker_side": "no"
        },
        {
            "trade_id": "9634bad4-99bb-4804-918f-f676a916d8ad",
            "ticker": "KXHIGHNY-25JAN18-B45.5",
            "count": 5,
            "created_time": "2025-01-18T19:23:37.829133Z",
            "yes_price": 91,
            "no_price": 9,
            "taker_side": "no"
        },
        {
            "trade_id": "59920f6e-763c-40ae-badf-63ee0ecb56eb",
            "ticker": "KXHIGHNY-25JAN18-B45.5",
            "count": 50,
            "created_time": "2025-01-18T19:21:10.019464Z",
            "yes_price": 94,
            "no_price": 6,
            "taker_side": "yes"
        },
        {
            "trade_id": "57a41688-f906-43d8-bff1-47e4420b32dd",
            "ticker": "KXHIGHNY-25JAN18-B45.5",
            "count": 100,
            "created_time": "2025-01-18T19:18:50.456294Z",
            "yes_price": 95,
            "no_price": 5,
            "taker_side": "yes"
        },
        {
            "trade_id": "979efdb4-f8b7-45fc-b4a4-e7fef125c984",
            "ticker": "KXHIGHNY-25JAN18-B45.5",
            "count": 222,
            "created_time": "2025-01-18T19:10:10.90101Z",
            "yes_price": 95,
            "no_price": 5,
            "taker_side": "yes"
        },
        {
            "trade_id": "5e0a4812-cd59-4e20-af64-5ef6e2dfc9d2",
            "ticker": "KXHIGHNY-25JAN18-B45.5",
            "count": 20,
            "created_time": "2025-01-18T19:08:22.426046Z",
            "yes_price": 95,
            "no_price": 5,
            "taker_side": "yes"
        },
        {
            "trade_id": "0be0d0b5-a7b4-4393-9917-5c04bdc4070d",
            "ticker": "KXHIGHNY-25JAN18-B45.5",
            "count": 20,
            "created_time": "2025-01-18T19:06:48.22727Z",
            "yes_price": 95,
            "no_price": 5,
            "taker_side": "yes"
        },
        {
            "trade_id": "c606fc25-f44f-4b64-9430-8c0b83f84981",
            "ticker": "KXHIGHNY-25JAN18-B45.5",
            "count": 50,
            "created_time": "2025-01-18T19:04:43.980615Z",
            "yes_price": 95,
            "no_price": 5,
            "taker_side": "yes"
        },
        {
            "trade_id": "784c6b6d-ccf4-458f-aaba-6004bbf4907f",
            "ticker": "KXHIGHNY-25JAN18-B45.5",
            "count": 16,
            "created_time": "2025-01-18T18:58:55.630683Z",
            "yes_price": 95,
            "no_price": 5,
            "taker_side": "yes"
        },
        {
            "trade_id": "7654fa63-888d-4471-8264-8593b94e9c6b",
            "ticker": "KXHIGHNY-25JAN18-B45.5",
            "count": 50,
            "created_time": "2025-01-18T18:35:06.303964Z",
            "yes_price": 96,
            "no_price": 4,
            "taker_side": "yes"
        },
        {
            "trade_id": "73d59c70-58ab-4ea4-8ce4-3936bd044de4",
            "ticker": "KXHIGHNY-25JAN18-B45.5",
            "count": 50,
            "created_time": "2025-01-18T18:35:06.303964Z",
            "yes_price": 97,
            "no_price": 3,
            "taker_side": "yes"
        },
        {
            "trade_id": "bd6d7913-8b51-40bc-b62d-3fb21ca6e306",
            "ticker": "KXHIGHNY-25JAN18-B45.5",
            "count": 46,
            "created_time": "2025-01-18T18:30:20.892237Z",
            "yes_price": 93,
            "no_price": 7,
            "taker_side": "yes"
        },
        {
            "trade_id": "d84504c6-ee0e-4ed6-bc9c-76f3474cefc7",
            "ticker": "KXHIGHNY-25JAN18-B45.5",
            "count": 20,
            "created_time": "2025-01-18T18:21:19.341751Z",
            "yes_price": 90,
            "no_price": 10,
            "taker_side": "yes"
        },
        {
            "trade_id": "85452b84-5abc-45f3-b3ad-6a34f2c256b5",
            "ticker": "KXHIGHNY-25JAN18-B45.5",
            "count": 4,
            "created_time": "2025-01-18T18:21:19.341751Z",
            "yes_price": 93,
            "no_price": 7,
            "taker_side": "yes"
        },
        {
            "trade_id": "74f8fd76-1540-4df6-be74-06128227dc57",
            "ticker": "KXHIGHNY-25JAN18-B45.5",
            "count": 166,
            "created_time": "2025-01-18T18:21:19.341751Z",
            "yes_price": 91,
            "no_price": 9,
            "taker_side": "yes"
        },
        {
            "trade_id": "59507609-8e37-4dc9-b806-04a06ac7f33c",
            "ticker": "KXHIGHNY-25JAN18-B45.5",
            "count": 40,
            "created_time": "2025-01-18T18:21:19.341751Z",
            "yes_price": 89,
            "no_price": 11,
            "taker_side": "yes"
        },
        {
            "trade_id": "7bbf1a05-171e-43a0-9ae4-1a7bef3fde08",
            "ticker": "KXHIGHNY-25JAN18-B45.5",
            "count": 10,
            "created_time": "2025-01-18T18:21:13.547208Z",
            "yes_price": 89,
            "no_price": 11,
            "taker_side": "yes"
        },
        {
            "trade_id": "2e5aeab9-f3c2-40f7-a3f7-e563d5a6abee",
            "ticker": "KXHIGHNY-25JAN18-B45.5",
            "count": 5,
            "created_time": "2025-01-18T18:20:39.467847Z",
            "yes_price": 86,
            "no_price": 14,
            "taker_side": "yes"
        },
        {
            "trade_id": "1243fe29-b54c-4ee4-aff4-d56c6b52603c",
            "ticker": "KXHIGHNY-25JAN18-B45.5",
            "count": 3,
            "created_time": "2025-01-18T18:17:58.515414Z",
            "yes_price": 86,
            "no_price": 14,
            "taker_side": "yes"
        },
        {
            "trade_id": "5216768f-8b0e-41b5-9335-c99d6893727b",
            "ticker": "KXHIGHNY-25JAN18-B45.5",
            "count": 10,
            "created_time": "2025-01-18T18:17:16.417117Z",
            "yes_price": 85,
            "no_price": 15,
            "taker_side": "yes"
        },
        {
            "trade_id": "36b839d3-f887-499a-9c3d-ec333ccc20bc",
            "ticker": "KXHIGHNY-25JAN18-B45.5",
            "count": 10,
            "created_time": "2025-01-18T18:07:37.38526Z",
            "yes_price": 73,
            "no_price": 27,
            "taker_side": "no"
        },
        {
            "trade_id": "8420ea9b-04f0-4828-8399-8eb71e4de7bd",
            "ticker": "KXHIGHNY-25JAN18-B45.5",
            "count": 9,
            "created_time": "2025-01-18T18:05:59.044931Z",
            "yes_price": 86,
            "no_price": 14,
            "taker_side": "yes"
        },
        {
            "trade_id": "738c4620-d713-4863-8142-ca3c67b63bc2",
            "ticker": "KXHIGHNY-25JAN18-B45.5",
            "count": 8,
            "created_time": "2025-01-18T18:03:04.983688Z",
            "yes_price": 86,
            "no_price": 14,
            "taker_side": "yes"
        },
        {
            "trade_id": "a0a5ea63-1fdb-496c-aa15-104f0b39218d",
            "ticker": "KXHIGHNY-25JAN18-B45.5",
            "count": 193,
            "created_time": "2025-01-18T18:01:37.957919Z",
            "yes_price": 75,
            "no_price": 25,
            "taker_side": "no"
        },
        {
            "trade_id": "06883d7e-104e-4129-81c9-73d268b64e0e",
            "ticker": "KXHIGHNY-25JAN18-B45.5",
            "count": 380,
            "created_time": "2025-01-18T18:01:28.816394Z",
            "yes_price": 75,
            "no_price": 25,
            "taker_side": "no"
        },
        {
            "trade_id": "6dab7f26-24df-4be7-bb15-4541461efd21",
            "ticker": "KXHIGHNY-25JAN18-B45.5",
            "count": 7,
            "created_time": "2025-01-18T18:01:22.517663Z",
            "yes_price": 75,
            "no_price": 25,
            "taker_side": "no"
        },
        {
            "trade_id": "0c1a6584-8d24-432a-947a-bb6c9d2be609",
            "ticker": "KXHIGHNY-25JAN18-B45.5",
            "count": 5,
            "created_time": "2025-01-18T18:01:15.686899Z",
            "yes_price": 75,
            "no_price": 25,
            "taker_side": "no"
        },
        {
            "trade_id": "53d3e2c2-98dd-4630-b2b2-71612196ebdc",
            "ticker": "KXHIGHNY-25JAN18-B45.5",
            "count": 355,
            "created_time": "2025-01-18T17:52:50.483906Z",
            "yes_price": 80,
            "no_price": 20,
            "taker_side": "no"
        },
        {
            "trade_id": "efa05b02-6e2a-4b58-b083-6f50df335b2a",
            "ticker": "KXHIGHNY-25JAN18-B45.5",
            "count": 51,
            "created_time": "2025-01-18T17:49:17.351011Z",
            "yes_price": 80,
            "no_price": 20,
            "taker_side": "no"
        },
        {
            "trade_id": "7ed352d4-85c2-499f-8bb3-14a41effe87d",
            "ticker": "KXHIGHNY-25JAN18-B45.5",
            "count": 14,
            "created_time": "2025-01-18T17:46:28.195219Z",
            "yes_price": 47,
            "no_price": 53,
            "taker_side": "yes"
        },
        {
            "trade_id": "d221dcee-6688-4d1c-9780-8dd4f27292ac",
            "ticker": "KXHIGHNY-25JAN18-B45.5",
            "count": 1,
            "created_time": "2025-01-18T17:46:27.903654Z",
            "yes_price": 47,
            "no_price": 53,
            "taker_side": "yes"
        },
        {
            "trade_id": "e001c0bc-9e40-4f0f-8db2-df37ba954ba8",
            "ticker": "KXHIGHNY-25JAN18-B45.5",
            "count": 22,
            "created_time": "2025-01-18T17:46:09.419652Z",
            "yes_price": 71,
            "no_price": 29,
            "taker_side": "no"
        },
        {
            "trade_id": "c3731f28-af46-40b9-912d-5cdc353acfc1",
            "ticker": "KXHIGHNY-25JAN18-B45.5",
            "count": 10,
            "created_time": "2025-01-18T17:46:09.419652Z",
            "yes_price": 72,
            "no_price": 28,
            "taker_side": "no"
        },
        {
            "trade_id": "f6369990-19a9-4c3c-b5e1-8c70a420eeec",
            "ticker": "KXHIGHNY-25JAN18-B45.5",
            "count": 25,
            "created_time": "2025-01-18T17:42:42.999449Z",
            "yes_price": 74,
            "no_price": 26,
            "taker_side": "no"
        },
        {
            "trade_id": "dbcbc074-bd7c-4477-b361-9c190629f2b8",
            "ticker": "KXHIGHNY-25JAN18-B45.5",
            "count": 22,
            "created_time": "2025-01-18T17:42:42.999449Z",
            "yes_price": 74,
            "no_price": 26,
            "taker_side": "no"
        },
        {
            "trade_id": "a0d61144-5e52-4fae-90c9-aece8553200e",
            "ticker": "KXHIGHNY-25JAN18-B45.5",
            "count": 78,
            "created_time": "2025-01-18T17:42:42.999449Z",
            "yes_price": 71,
            "no_price": 29,
            "taker_side": "no"
        },
        {
            "trade_id": "80a03a4d-a3f6-4ebb-88ad-9f8153f56a0f",
            "ticker": "KXHIGHNY-25JAN18-B45.5",
            "count": 25,
            "created_time": "2025-01-18T17:42:42.999449Z",
            "yes_price": 73,
            "no_price": 27,
            "taker_side": "no"
        },
        {
            "trade_id": "f8be0c1d-953a-4aef-b9c9-abcfa492ad97",
            "ticker": "KXHIGHNY-25JAN18-B45.5",
            "count": 36,
            "created_time": "2025-01-18T17:38:46.609703Z",
            "yes_price": 90,
            "no_price": 10,
            "taker_side": "yes"
        },
        {
            "trade_id": "e205abb4-bdd1-4ea8-8de1-1fcbe5cd0e6e",
            "ticker": "KXHIGHNY-25JAN18-B45.5",
            "count": 41,
            "created_time": "2025-01-18T17:38:46.609703Z",
            "yes_price": 89,
            "no_price": 11,
            "taker_side": "yes"
        },
        {
            "trade_id": "d51fcfd9-d486-4009-8e66-07d45ef7d74f",
            "ticker": "KXHIGHNY-25JAN18-B45.5",
            "count": 696,
            "created_time": "2025-01-18T17:38:46.609703Z",
            "yes_price": 90,
            "no_price": 10,
            "taker_side": "yes"
        },
        {
            "trade_id": "a8e08eeb-73a2-4891-b613-51d503e8cf4b",
            "ticker": "KXHIGHNY-25JAN18-B45.5",
            "count": 87,
            "created_time": "2025-01-18T17:38:46.609703Z",
            "yes_price": 91,
            "no_price": 9,
            "taker_side": "yes"
        },
        {
            "trade_id": "a260f66d-6590-4afa-8ec0-041e54055b08",
            "ticker": "KXHIGHNY-25JAN18-B45.5",
            "count": 21,
            "created_time": "2025-01-18T17:38:46.609703Z",
            "yes_price": 91,
            "no_price": 9,
            "taker_side": "yes"
        },
        {
            "trade_id": "624cfbcd-0cd6-4ecc-9c66-7fab214c320b",
            "ticker": "KXHIGHNY-25JAN18-B45.5",
            "count": 9,
            "created_time": "2025-01-18T17:35:22.772464Z",
            "yes_price": 89,
            "no_price": 11,
            "taker_side": "yes"
        },
        {
            "trade_id": "a57cf251-7d65-4cc6-9376-91dff1df9f86",
            "ticker": "KXHIGHNY-25JAN18-B45.5",
            "count": 12,
            "created_time": "2025-01-18T17:26:54.69933Z",
            "yes_price": 85,
            "no_price": 15,
            "taker_side": "no"
        },
        {
            "trade_id": "d8884497-bc10-4c98-91df-91305eb6da42",
            "ticker": "KXHIGHNY-25JAN18-B45.5",
            "count": 213,
            "created_time": "2025-01-18T17:26:35.55584Z",
            "yes_price": 90,
            "no_price": 10,
            "taker_side": "yes"
        },
        {
            "trade_id": "426d31d3-0c40-40c4-aef9-119010a503bc",
            "ticker": "KXHIGHNY-25JAN18-B45.5",
            "count": 26,
            "created_time": "2025-01-18T17:26:35.55584Z",
            "yes_price": 89,
            "no_price": 11,
            "taker_side": "yes"
        },
        {
            "trade_id": "b38f4845-66ab-4d8a-860c-6f5f9a79569f",
            "ticker": "KXHIGHNY-25JAN18-B45.5",
            "count": 13,
            "created_time": "2025-01-18T17:26:11.610589Z",
            "yes_price": 85,
            "no_price": 15,
            "taker_side": "no"
        },
        {
            "trade_id": "9ddebe8a-cf20-4bdf-aeee-d6c5e3fadaf9",
            "ticker": "KXHIGHNY-25JAN18-B45.5",
            "count": 25,
            "created_time": "2025-01-18T17:26:11.610589Z",
            "yes_price": 88,
            "no_price": 12,
            "taker_side": "no"
        },
        {
            "trade_id": "dfeb74f1-8c10-44db-b217-4cfeb319f6b4",
            "ticker": "KXHIGHNY-25JAN18-B45.5",
            "count": 10,
            "created_time": "2025-01-18T17:25:46.034313Z",
            "yes_price": 89,
            "no_price": 11,
            "taker_side": "no"
        },
        {
            "trade_id": "aad7951e-1af7-40ce-84cd-b279685f1fcc",
            "ticker": "KXHIGHNY-25JAN18-B45.5",
            "count": 1,
            "created_time": "2025-01-18T17:25:41.281103Z",
            "yes_price": 90,
            "no_price": 10,
            "taker_side": "yes"
        },
        {
            "trade_id": "5dd7063c-b22b-409a-962d-1832f7fa7219",
            "ticker": "KXHIGHNY-25JAN18-B45.5",
            "count": 10,
            "created_time": "2025-01-18T17:25:35.519617Z",
            "yes_price": 90,
            "no_price": 10,
            "taker_side": "yes"
        },
        {
            "trade_id": "70256333-4da4-4d50-930e-ea0daa813220",
            "ticker": "KXHIGHNY-25JAN18-B45.5",
            "count": 3,
            "created_time": "2025-01-18T17:25:02.312585Z",
            "yes_price": 88,
            "no_price": 12,
            "taker_side": "yes"
        },
        {
            "trade_id": "3082a33b-75cb-4ece-841d-e6cb2dc909ce",
            "ticker": "KXHIGHNY-25JAN18-B45.5",
            "count": 25,
            "created_time": "2025-01-18T17:24:51.070974Z",
            "yes_price": 88,
            "no_price": 12,
            "taker_side": "yes"
        },
        {
            "trade_id": "ece43dff-700a-4abb-9836-ab0e26ecedb4",
            "ticker": "KXHIGHNY-25JAN18-B45.5",
            "count": 9,
            "created_time": "2025-01-18T17:22:37.388274Z",
            "yes_price": 88,
            "no_price": 12,
            "taker_side": "yes"
        },
        {
            "trade_id": "4ead79af-497f-403e-9716-1f1c85e5ac9e",
            "ticker": "KXHIGHNY-25JAN18-B45.5",
            "count": 8,
            "created_time": "2025-01-18T17:18:33.387017Z",
            "yes_price": 85,
            "no_price": 15,
            "taker_side": "no"
        },
        {
            "trade_id": "1ff2a3a6-b207-4e27-95e0-af4f600e8fe5",
            "ticker": "KXHIGHNY-25JAN18-B45.5",
            "count": 25,
            "created_time": "2025-01-18T17:12:47.862798Z",
            "yes_price": 91,
            "no_price": 9,
            "taker_side": "yes"
        },
        {
            "trade_id": "3174fca4-b723-4b5e-a8e8-b53c4a4b4550",
            "ticker": "KXHIGHNY-25JAN18-B45.5",
            "count": 42,
            "created_time": "2025-01-18T17:11:42.922187Z",
            "yes_price": 84,
            "no_price": 16,
            "taker_side": "yes"
        },
        {
            "trade_id": "4a317bc1-8cb3-4a44-9b75-48d4a780ee5c",
            "ticker": "KXHIGHNY-25JAN18-B45.5",
            "count": 1,
            "created_time": "2025-01-18T17:10:12.941605Z",
            "yes_price": 90,
            "no_price": 10,
            "taker_side": "yes"
        },
        {
            "trade_id": "268f92ee-be41-4d2d-b403-d9d214a6148c",
            "ticker": "KXHIGHNY-25JAN18-B45.5",
            "count": 4,
            "created_time": "2025-01-18T17:10:12.941605Z",
            "yes_price": 91,
            "no_price": 9,
            "taker_side": "yes"
        },
        {
            "trade_id": "9560a1d5-7335-40d6-9e44-1c17718efce8",
            "ticker": "KXHIGHNY-25JAN18-B45.5",
            "count": 15,
            "created_time": "2025-01-18T17:09:25.234025Z",
            "yes_price": 84,
            "no_price": 16,
            "taker_side": "yes"
        },
        {
            "trade_id": "5eb30b86-9c72-49e1-aa37-cc55421ff2cb",
            "ticker": "KXHIGHNY-25JAN18-B45.5",
            "count": 15,
            "created_time": "2025-01-18T17:09:08.447537Z",
            "yes_price": 82,
            "no_price": 18,
            "taker_side": "yes"
        },
        {
            "trade_id": "d884c0c7-58fb-48ec-a832-61074d0c4158",
            "ticker": "KXHIGHNY-25JAN18-B45.5",
            "count": 5,
            "created_time": "2025-01-18T17:07:48.265099Z",
            "yes_price": 82,
            "no_price": 18,
            "taker_side": "yes"
        },
        {
            "trade_id": "fa2ba5a4-29fb-44a9-b970-55e76f9225b0",
            "ticker": "KXHIGHNY-25JAN18-B45.5",
            "count": 35,
            "created_time": "2025-01-18T17:04:11.66361Z",
            "yes_price": 81,
            "no_price": 19,
            "taker_side": "yes"
        },
        {
            "trade_id": "5d4c6366-6d88-462a-b874-bc883a79c6da",
            "ticker": "KXHIGHNY-25JAN18-B45.5",
            "count": 5,
            "created_time": "2025-01-18T17:04:11.66361Z",
            "yes_price": 82,
            "no_price": 18,
            "taker_side": "yes"
        },
        {
            "trade_id": "ded8e34f-5301-48fc-a81a-5024d119a418",
            "ticker": "KXHIGHNY-25JAN18-B45.5",
            "count": 30,
            "created_time": "2025-01-18T17:04:05.554847Z",
            "yes_price": 77,
            "no_price": 23,
            "taker_side": "no"
        },
        {
            "trade_id": "ca2eba45-7e90-4346-9334-0474d8e1cf02",
            "ticker": "KXHIGHNY-25JAN18-B45.5",
            "count": 28,
            "created_time": "2025-01-18T17:04:05.554847Z",
            "yes_price": 77,
            "no_price": 23,
            "taker_side": "no"
        },
        {
            "trade_id": "8409edf4-f26b-4bf4-b481-7583ddba110e",
            "ticker": "KXHIGHNY-25JAN18-B45.5",
            "count": 122,
            "created_time": "2025-01-18T17:04:05.554847Z",
            "yes_price": 75,
            "no_price": 25,
            "taker_side": "no"
        },
        {
            "trade_id": "55f98717-afe6-4621-a6be-f21ff334ff5f",
            "ticker": "KXHIGHNY-25JAN18-B45.5",
            "count": 348,
            "created_time": "2025-01-18T17:04:05.554847Z",
            "yes_price": 70,
            "no_price": 30,
            "taker_side": "no"
        },
        {
            "trade_id": "4f87f176-dcec-416a-b525-daaa8cd597e5",
            "ticker": "KXHIGHNY-25JAN18-B45.5",
            "count": 420,
            "created_time": "2025-01-18T17:04:05.554847Z",
            "yes_price": 69,
            "no_price": 31,
            "taker_side": "no"
        },
        {
            "trade_id": "266e0957-28d4-49bb-9ca4-934496c7d0e0",
            "ticker": "KXHIGHNY-25JAN18-B45.5",
            "count": 5,
            "created_time": "2025-01-18T17:04:05.554847Z",
            "yes_price": 71,
            "no_price": 29,
            "taker_side": "no"
        },
        {
            "trade_id": "1c755281-44a6-4eac-a31c-c73a6068d5e2",
            "ticker": "KXHIGHNY-25JAN18-B45.5",
            "count": 47,
            "created_time": "2025-01-18T17:04:05.554847Z",
            "yes_price": 60,
            "no_price": 40,
            "taker_side": "no"
        },
        {
            "trade_id": "6d8baf2c-0338-4af9-8160-c18a864288a2",
            "ticker": "KXHIGHNY-25JAN18-B45.5",
            "count": 20,
            "created_time": "2025-01-18T17:02:07.26883Z",
            "yes_price": 82,
            "no_price": 18,
            "taker_side": "yes"
        },
        {
            "trade_id": "6ac4e783-c06b-406f-a17c-d92bc4a98645",
            "ticker": "KXHIGHNY-25JAN18-B45.5",
            "count": 100,
            "created_time": "2025-01-18T16:58:51.597338Z",
            "yes_price": 79,
            "no_price": 21,
            "taker_side": "yes"
        },
        {
            "trade_id": "640ae3f0-d3b9-4b39-b5b7-ea9b74c50dbd",
            "ticker": "KXHIGHNY-25JAN18-B45.5",
            "count": 48,
            "created_time": "2025-01-18T16:58:51.597338Z",
            "yes_price": 79,
            "no_price": 21,
            "taker_side": "yes"
        },
        {
            "trade_id": "52665d8b-63eb-4aea-b222-b5a9393d33fc",
            "ticker": "KXHIGHNY-25JAN18-B45.5",
            "count": 42,
            "created_time": "2025-01-18T16:58:51.597338Z",
            "yes_price": 78,
            "no_price": 22,
            "taker_side": "yes"
        },
        {
            "trade_id": "1d54af5f-74b9-4305-9c10-b2e3deb7ea5c",
            "ticker": "KXHIGHNY-25JAN18-B45.5",
            "count": 188,
            "created_time": "2025-01-18T16:58:51.597338Z",
            "yes_price": 77,
            "no_price": 23,
            "taker_side": "yes"
        },
        {
            "trade_id": "b4a8a7aa-d2c1-40d2-89fb-109996167e38",
            "ticker": "KXHIGHNY-25JAN18-B45.5",
            "count": 50,
            "created_time": "2025-01-18T16:58:50.647024Z",
            "yes_price": 77,
            "no_price": 23,
            "taker_side": "yes"
        },
        {
            "trade_id": "5e599b6b-6fc1-48be-bc24-474e5a38cd7b",
            "ticker": "KXHIGHNY-25JAN18-B45.5",
            "count": 12,
            "created_time": "2025-01-18T16:57:00.694649Z",
            "yes_price": 77,
            "no_price": 23,
            "taker_side": "yes"
        },
        {
            "trade_id": "ef528991-dfb4-452d-aece-00f5d46ed281",
            "ticker": "KXHIGHNY-25JAN18-B45.5",
            "count": 40,
            "created_time": "2025-01-18T16:55:31.445932Z",
            "yes_price": 75,
            "no_price": 25,
            "taker_side": "yes"
        },
        {
            "trade_id": "1c933a36-cac8-4028-8f40-127611cdef36",
            "ticker": "KXHIGHNY-25JAN18-B45.5",
            "count": 35,
            "created_time": "2025-01-18T16:55:31.445932Z",
            "yes_price": 75,
            "no_price": 25,
            "taker_side": "yes"
        },
        {
            "trade_id": "371455ab-55a1-4eb8-a4c7-5ff7c27cfb00",
            "ticker": "KXHIGHNY-25JAN18-B45.5",
            "count": 2,
            "created_time": "2025-01-18T16:49:23.564331Z",
            "yes_price": 76,
            "no_price": 24,
            "taker_side": "yes"
        },
        {
            "trade_id": "09959cde-ebea-43e6-9e75-37a5b50dae6b",
            "ticker": "KXHIGHNY-25JAN18-B45.5",
            "count": 4,
            "created_time": "2025-01-18T16:49:23.564331Z",
            "yes_price": 76,
            "no_price": 24,
            "taker_side": "yes"
        },
        {
            "trade_id": "a31bfbbd-6196-4175-a5e4-5748607af4b8",
            "ticker": "KXHIGHNY-25JAN18-B45.5",
            "count": 79,
            "created_time": "2025-01-18T16:45:14.059905Z",
            "yes_price": 62,
            "no_price": 38,
            "taker_side": "yes"
        },
        {
            "trade_id": "cca2e939-30f0-40cd-befd-d832362aed38",
            "ticker": "KXHIGHNY-25JAN18-B45.5",
            "count": 1,
            "created_time": "2025-01-18T16:40:24.624327Z",
            "yes_price": 55,
            "no_price": 45,
            "taker_side": "no"
        },
        {
            "trade_id": "2e09c14c-40bd-4f1b-9459-d4242fc7379b",
            "ticker": "KXHIGHNY-25JAN18-B45.5",
            "count": 21,
            "created_time": "2025-01-18T16:36:25.094184Z",
            "yes_price": 55,
            "no_price": 45,
            "taker_side": "no"
        },
        {
            "trade_id": "8140e08e-8abc-4e92-8a9e-1a02c1d65c9c",
            "ticker": "KXHIGHNY-25JAN18-B45.5",
            "count": 1,
            "created_time": "2025-01-18T16:32:32.462034Z",
            "yes_price": 62,
            "no_price": 38,
            "taker_side": "yes"
        },
        {
            "trade_id": "4f1d1c6e-795a-4b5f-bf26-b563d7459aaa",
            "ticker": "KXHIGHNY-25JAN18-B45.5",
            "count": 106,
            "created_time": "2025-01-18T16:31:05.860811Z",
            "yes_price": 55,
            "no_price": 45,
            "taker_side": "no"
        },
        {
            "trade_id": "62666a63-b081-44a8-8832-4e93b24eaaa9",
            "ticker": "KXHIGHNY-25JAN18-B45.5",
            "count": 69,
            "created_time": "2025-01-18T16:30:38.889852Z",
            "yes_price": 54,
            "no_price": 46,
            "taker_side": "no"
        },
        {
            "trade_id": "81325b93-6e98-4a35-bd68-ead360b32f4d",
            "ticker": "KXHIGHNY-25JAN18-B45.5",
            "count": 100,
            "created_time": "2025-01-18T16:30:18.334137Z",
            "yes_price": 55,
            "no_price": 45,
            "taker_side": "no"
        },
        {
            "trade_id": "4f13504c-86f0-43e0-bb73-a2ea87b5bb5b",
            "ticker": "KXHIGHNY-25JAN18-B45.5",
            "count": 26,
            "created_time": "2025-01-18T16:30:17.295672Z",
            "yes_price": 57,
            "no_price": 43,
            "taker_side": "no"
        },
        {
            "trade_id": "ecc1b2b5-2060-4b50-a80a-47c14e50ba57",
            "ticker": "KXHIGHNY-25JAN18-B45.5",
            "count": 2,
            "created_time": "2025-01-18T16:23:11.562228Z",
            "yes_price": 54,
            "no_price": 46,
            "taker_side": "no"
        },
        {
            "trade_id": "0553e7b3-1b6b-41dd-bcad-e5c6f5057d4b",
            "ticker": "KXHIGHNY-25JAN18-B45.5",
            "count": 3,
            "created_time": "2025-01-18T16:04:55.105844Z",
            "yes_price": 77,
            "no_price": 23,
            "taker_side": "yes"
        },
        {
            "trade_id": "d2ca9528-136e-44a7-98f6-9bcf5117c6b6",
            "ticker": "KXHIGHNY-25JAN18-B45.5",
            "count": 8,
            "created_time": "2025-01-18T16:04:35.620141Z",
            "yes_price": 69,
            "no_price": 31,
            "taker_side": "yes"
        },
        {
            "trade_id": "7c1c4347-405a-4cb3-8b7b-8ebde78c9032",
            "ticker": "KXHIGHNY-25JAN18-B45.5",
            "count": 28,
            "created_time": "2025-01-18T16:04:35.620141Z",
            "yes_price": 78,
            "no_price": 22,
            "taker_side": "yes"
        },
        {
            "trade_id": "13b337d8-a014-488f-b6df-acbcc960487a",
            "ticker": "KXHIGHNY-25JAN18-B45.5",
            "count": 22,
            "created_time": "2025-01-18T16:04:35.620141Z",
            "yes_price": 77,
            "no_price": 23,
            "taker_side": "yes"
        },
        {
            "trade_id": "267143e0-87e2-4581-aa7c-65ac19793753",
            "ticker": "KXHIGHNY-25JAN18-B45.5",
            "count": 58,
            "created_time": "2025-01-18T16:03:53.616293Z",
            "yes_price": 59,
            "no_price": 41,
            "taker_side": "no"
        },
        {
            "trade_id": "b5e26d35-7903-4b2c-9ae7-773f564a6a1f",
            "ticker": "KXHIGHNY-25JAN18-B45.5",
            "count": 80,
            "created_time": "2025-01-18T16:01:58.815182Z",
            "yes_price": 59,
            "no_price": 41,
            "taker_side": "no"
        },
        {
            "trade_id": "0e76effe-b76c-46cb-a30a-aba38e620eb5",
            "ticker": "KXHIGHNY-25JAN18-B45.5",
            "count": 37,
            "created_time": "2025-01-18T16:01:58.815182Z",
            "yes_price": 59,
            "no_price": 41,
            "taker_side": "no"
        },
        {
            "trade_id": "f527de8d-f5f0-4993-9709-ecddb2edd879",
            "ticker": "KXHIGHNY-25JAN18-B45.5",
            "count": 50,
            "created_time": "2025-01-18T16:00:28.609205Z",
            "yes_price": 66,
            "no_price": 34,
            "taker_side": "yes"
        },
        {
            "trade_id": "8c024176-5127-4517-a062-e6f857610ff1",
            "ticker": "KXHIGHNY-25JAN18-B45.5",
            "count": 13,
            "created_time": "2025-01-18T16:00:28.609205Z",
            "yes_price": 63,
            "no_price": 37,
            "taker_side": "yes"
        },
        {
            "trade_id": "445b71a6-2367-4ffa-96f0-608228b425d0",
            "ticker": "KXHIGHNY-25JAN18-B45.5",
            "count": 15,
            "created_time": "2025-01-18T15:46:32.575437Z",
            "yes_price": 63,
            "no_price": 37,
            "taker_side": "yes"
        },
        {
            "trade_id": "86b93141-b3da-4f54-aabb-965af2e9fae5",
            "ticker": "KXHIGHNY-25JAN18-B45.5",
            "count": 47,
            "created_time": "2025-01-18T15:42:29.502178Z",
            "yes_price": 61,
            "no_price": 39,
            "taker_side": "no"
        },
        {
            "trade_id": "46e19120-8c10-403b-9097-668e6cbe7eb4",
            "ticker": "KXHIGHNY-25JAN18-B45.5",
            "count": 15,
            "created_time": "2025-01-18T15:41:24.592642Z",
            "yes_price": 64,
            "no_price": 36,
            "taker_side": "yes"
        },
        {
            "trade_id": "d236855e-e64e-4b18-a9c6-4d1838dfa4d0",
            "ticker": "KXHIGHNY-25JAN18-B45.5",
            "count": 5,
            "created_time": "2025-01-18T15:36:00.576369Z",
            "yes_price": 64,
            "no_price": 36,
            "taker_side": "yes"
        },
        {
            "trade_id": "830d117a-7cdf-4c1a-9244-b0a482e9ad51",
            "ticker": "KXHIGHNY-25JAN18-B45.5",
            "count": 10,
            "created_time": "2025-01-18T15:36:00.576369Z",
            "yes_price": 64,
            "no_price": 36,
            "taker_side": "yes"
        },
        {
            "trade_id": "fb57a08e-bff9-4b8b-834b-f780f423ad0f",
            "ticker": "KXHIGHNY-25JAN18-B45.5",
            "count": 1,
            "created_time": "2025-01-18T15:33:26.631702Z",
            "yes_price": 64,
            "no_price": 36,
            "taker_side": "yes"
        },
        {
            "trade_id": "5fa162df-32e3-45cc-b5de-e4a6154f1bbd",
            "ticker": "KXHIGHNY-25JAN18-B45.5",
            "count": 9,
            "created_time": "2025-01-18T15:30:48.839998Z",
            "yes_price": 61,
            "no_price": 39,
            "taker_side": "no"
        },
        {
            "trade_id": "10945f41-321c-46b9-bc68-ae761fd6314b",
            "ticker": "KXHIGHNY-25JAN18-B45.5",
            "count": 9,
            "created_time": "2025-01-18T15:30:48.761751Z",
            "yes_price": 61,
            "no_price": 39,
            "taker_side": "no"
        },
        {
            "trade_id": "ea1a5b99-b802-427f-a0a0-e1fb6833d67c",
            "ticker": "KXHIGHNY-25JAN18-B45.5",
            "count": 4,
            "created_time": "2025-01-18T15:19:37.610299Z",
            "yes_price": 60,
            "no_price": 40,
            "taker_side": "no"
        },
        {
            "trade_id": "d698b973-7a49-4394-99b7-6d91d9cc185b",
            "ticker": "KXHIGHNY-25JAN18-B45.5",
            "count": 17,
            "created_time": "2025-01-18T15:06:36.353665Z",
            "yes_price": 60,
            "no_price": 40,
            "taker_side": "yes"
        },
        {
            "trade_id": "d3d12e94-b7fc-4734-8963-e942a1802430",
            "ticker": "KXHIGHNY-25JAN18-B45.5",
            "count": 25,
            "created_time": "2025-01-18T15:06:36.353665Z",
            "yes_price": 61,
            "no_price": 39,
            "taker_side": "yes"
        },
        {
            "trade_id": "ce0158c6-e104-4b26-8f7a-590609b47c00",
            "ticker": "KXHIGHNY-25JAN18-B45.5",
            "count": 5,
            "created_time": "2025-01-18T15:06:36.353665Z",
            "yes_price": 62,
            "no_price": 38,
            "taker_side": "yes"
        },
        {
            "trade_id": "79569333-557a-4d20-95c8-ffc6f8bbcddd",
            "ticker": "KXHIGHNY-25JAN18-B45.5",
            "count": 31,
            "created_time": "2025-01-18T15:06:36.353665Z",
            "yes_price": 63,
            "no_price": 37,
            "taker_side": "yes"
        },
        {
            "trade_id": "037e2cb5-11c6-484e-92e9-49d9f8321615",
            "ticker": "KXHIGHNY-25JAN18-B45.5",
            "count": 31,
            "created_time": "2025-01-18T15:01:39.575407Z",
            "yes_price": 52,
            "no_price": 48,
            "taker_side": "no"
        },
        {
            "trade_id": "b900ae33-0370-4554-8294-6c1731fee32c",
            "ticker": "KXHIGHNY-25JAN18-B45.5",
