{
    "KXHIGHNY-25FEB11-T32": [
        {
            "trade_id": "5b97d69b-ce31-4e36-ac37-d56b33da35fc",
            "ticker": "KXHIGHNY-25FEB11-T32",
            "count": 205,
            "created_time": "2025-02-12T04:58:26.777493Z",
            "yes_price": 1,
            "no_price": 99,
            "taker_side": "yes"
        },
        {
            "trade_id": "db2d1acb-f8cc-45ec-9d20-b61cec9eee9c",
            "ticker": "KXHIGHNY-25FEB11-T32",
            "count": 935,
            "created_time": "2025-02-12T04:51:03.606983Z",
            "yes_price": 1,
            "no_price": 99,
            "taker_side": "yes"
        },
        {
            "trade_id": "bdf9b271-f517-408c-bd9b-871eac524b52",
            "ticker": "KXHIGHNY-25FEB11-T32",
            "count": 93,
            "created_time": "2025-02-11T14:24:07.367758Z",
            "yes_price": 1,
            "no_price": 99,
            "taker_side": "yes"
        },
        {
            "trade_id": "a2140b87-e04f-4240-9899-c992d59e19ab",
            "ticker": "KXHIGHNY-25FEB11-T32",
            "count": 500,
            "created_time": "2025-02-11T07:22:39.685187Z",
            "yes_price": 1,
            "no_price": 99,
            "taker_side": "yes"
        },
        {
            "trade_id": "5904269a-1666-4e1a-b0e2-b0ed793b4f48",
            "ticker": "KXHIGHNY-25FEB11-T32",
            "count": 100,
            "created_time": "2025-02-11T06:59:39.569698Z",
            "yes_price": 1,
            "no_price": 99,
            "taker_side": "yes"
        },
        {
            "trade_id": "c9b1a890-b1fd-4f75-a89e-cf756152a716",
            "ticker": "KXHIGHNY-25FEB11-T32",
            "count": 1000,
            "created_time": "2025-02-11T06:12:42.883216Z",
            "yes_price": 1,
            "no_price": 99,
            "taker_side": "yes"
        },
        {
            "trade_id": "73a4fdf1-eeb7-45a7-9303-c3b2ad9055d1",
            "ticker": "KXHIGHNY-25FEB11-T32",
            "count": 1000,
            "created_time": "2025-02-11T05:47:31.839665Z",
            "yes_price": 1,
            "no_price": 99,
            "taker_side": "yes"
        },
        {
            "trade_id": "92cbdc4a-83fa-4b27-bd70-4b0ad4ced142",
            "ticker": "KXHIGHNY-25FEB11-T32",
            "count": 1000,
            "created_time": "2025-02-11T05:00:05.901301Z",
            "yes_price": 1,
            "no_price": 99,
            "taker_side": "yes"
        },
        {
            "trade_id": "527dee81-79a1-4919-8909-c13f738766dc",
            "ticker": "KXHIGHNY-25FEB11-T32",
            "count": 50,
            "created_time": "2025-02-11T04:34:09.833945Z",
            "yes_price": 1,
            "no_price": 99,
            "taker_side": "yes"
        },
        {
            "trade_id": "89552ac4-f4b8-4dd1-9eb6-169b8ec137e0",
            "ticker": "KXHIGHNY-25FEB11-T32",
            "count": 3,
            "created_time": "2025-02-11T03:55:17.116415Z",
            "yes_price": 1,
            "no_price": 99,
            "taker_side": "no"
        },
        {
            "trade_id": "78686874-c5f4-4f70-a5e8-48148a82d8ac",
            "ticker": "KXHIGHNY-25FEB11-T32",
            "count": 200,
            "created_time": "2025-02-11T03:55:17.116415Z",
            "yes_price": 1,
            "no_price": 99,
            "taker_side": "no"
        },
        {
            "trade_id": "b62faa35-ac2d-4227-aa58-a6a34035c964",
            "ticker": "KXHIGHNY-25FEB11-T32",
            "count": 999,
            "created_time": "2025-02-11T03:54:57.266833Z",
            "yes_price": 2,
            "no_price": 98,
            "taker_side": "no"
        },
        {
            "trade_id": "38cd815c-5140-44c3-8073-ce241e8c35ca",
            "ticker": "KXHIGHNY-25FEB11-T32",
            "count": 1,
            "created_time": "2025-02-11T03:51:50.846468Z",
            "yes_price": 2,
            "no_price": 98,
            "taker_side": "yes"
        },
        {
            "trade_id": "42db38d2-9d26-4225-8698-554731808c22",
            "ticker": "KXHIGHNY-25FEB11-T32",
            "count": 1000,
            "created_time": "2025-02-10T23:47:40.51677Z",
            "yes_price": 2,
            "no_price": 98,
            "taker_side": "no"
        },
        {
            "trade_id": "beb61dff-eafe-4bc2-9958-fa0d5f5116de",
            "ticker": "KXHIGHNY-25FEB11-T32",
            "count": 46,
            "created_time": "2025-02-10T22:05:53.291444Z",
            "yes_price": 6,
            "no_price": 94,
            "taker_side": "yes"
        },
        {
            "trade_id": "e6514706-55aa-4786-a314-804ead2a30ac",
            "ticker": "KXHIGHNY-25FEB11-T32",
            "count": 2,
            "created_time": "2025-02-10T22:01:14.109401Z",
            "yes_price": 6,
            "no_price": 94,
            "taker_side": "yes"
        },
        {
            "trade_id": "1cee540d-6be4-4b5c-9c10-b7abbeadf478",
            "ticker": "KXHIGHNY-25FEB11-T32",
            "count": 1,
            "created_time": "2025-02-10T20:11:27.875037Z",
            "yes_price": 5,
            "no_price": 95,
            "taker_side": "yes"
        },
        {
            "trade_id": "65f2671d-744e-4fb0-9246-9b3600234898",
            "ticker": "KXHIGHNY-25FEB11-T32",
            "count": 17,
            "created_time": "2025-02-10T16:12:14.106587Z",
            "yes_price": 5,
            "no_price": 95,
            "taker_side": "yes"
        },
        {
            "trade_id": "3b570255-7707-4584-bed5-bf2c9136ef1b",
            "ticker": "KXHIGHNY-25FEB11-T32",
            "count": 31,
            "created_time": "2025-02-10T16:12:14.106587Z",
            "yes_price": 6,
            "no_price": 94,
            "taker_side": "yes"
        }
    ],
    "KXHIGHNY-25FEB11-B32.5": [
        {
            "trade_id": "71e544ac-580b-48e3-8081-f48d91eeb42d",
            "ticker": "KXHIGHNY-25FEB11-B32.5",
            "count": 1254,
            "created_time": "2025-02-12T00:31:54.413061Z",
            "yes_price": 1,
            "no_price": 99,
            "taker_side": "yes"
        },
        {
            "trade_id": "821d5fc6-f167-4473-a3d4-5d1477090136",
            "ticker": "KXHIGHNY-25FEB11-B32.5",
            "count": 60,
            "created_time": "2025-02-12T00:23:05.434981Z",
            "yes_price": 1,
            "no_price": 99,
            "taker_side": "yes"
        },
        {
            "trade_id": "d33c2026-bd99-4e01-a442-5bc439f04b13",
            "ticker": "KXHIGHNY-25FEB11-B32.5",
            "count": 81,
            "created_time": "2025-02-12T00:09:06.829608Z",
            "yes_price": 1,
            "no_price": 99,
            "taker_side": "yes"
        },
        {
            "trade_id": "d7cf70d1-5485-4193-8d49-702b19edeeeb",
            "ticker": "KXHIGHNY-25FEB11-B32.5",
            "count": 935,
            "created_time": "2025-02-11T22:29:13.513405Z",
            "yes_price": 1,
            "no_price": 99,
            "taker_side": "yes"
        },
        {
            "trade_id": "a19492e0-37e3-4d8e-975e-b2a59d81a9f1",
            "ticker": "KXHIGHNY-25FEB11-B32.5",
            "count": 748,
            "created_time": "2025-02-11T22:20:02.712021Z",
            "yes_price": 1,
            "no_price": 99,
            "taker_side": "yes"
        },
        {
            "trade_id": "0e9f2a33-fa15-4045-a4e9-6a2300b210cd",
            "ticker": "KXHIGHNY-25FEB11-B32.5",
            "count": 93,
            "created_time": "2025-02-11T19:16:16.57478Z",
            "yes_price": 1,
            "no_price": 99,
            "taker_side": "yes"
        },
        {
            "trade_id": "721644c9-7056-4b0d-b63d-88323d027246",
            "ticker": "KXHIGHNY-25FEB11-B32.5",
            "count": 9,
            "created_time": "2025-02-11T18:16:40.20095Z",
            "yes_price": 1,
            "no_price": 99,
            "taker_side": "yes"
        },
        {
            "trade_id": "225d56ed-898a-4024-9184-7bde08f0bcd8",
            "ticker": "KXHIGHNY-25FEB11-B32.5",
            "count": 448,
            "created_time": "2025-02-11T17:04:36.557223Z",
            "yes_price": 1,
            "no_price": 99,
            "taker_side": "yes"
        },
        {
            "trade_id": "6bc67374-76db-44da-88ce-5bc7ca4cae98",
            "ticker": "KXHIGHNY-25FEB11-B32.5",
            "count": 200,
            "created_time": "2025-02-11T16:28:29.548089Z",
            "yes_price": 1,
            "no_price": 99,
            "taker_side": "no"
        },
        {
            "trade_id": "5111e7cd-1a59-4c5b-a924-e0282cc30976",
            "ticker": "KXHIGHNY-25FEB11-B32.5",
            "count": 926,
            "created_time": "2025-02-11T16:28:29.548089Z",
            "yes_price": 1,
            "no_price": 99,
            "taker_side": "no"
        },
        {
            "trade_id": "8004501a-74fd-4d54-b101-8a078b9c14bb",
            "ticker": "KXHIGHNY-25FEB11-B32.5",
            "count": 999,
            "created_time": "2025-02-11T16:26:04.385272Z",
            "yes_price": 1,
            "no_price": 99,
            "taker_side": "no"
        },
        {
            "trade_id": "36b3ae59-b68e-4e6a-87b4-a6ed5771fea4",
            "ticker": "KXHIGHNY-25FEB11-B32.5",
            "count": 10,
            "created_time": "2025-02-11T16:12:43.74457Z",
            "yes_price": 2,
            "no_price": 98,
            "taker_side": "no"
        },
        {
            "trade_id": "19450f45-8b0d-4f93-a26f-5da43e07ad17",
            "ticker": "KXHIGHNY-25FEB11-B32.5",
            "count": 9,
            "created_time": "2025-02-11T16:12:43.74457Z",
            "yes_price": 1,
            "no_price": 99,
            "taker_side": "no"
        },
        {
            "trade_id": "0dd6065b-b17a-417c-bab2-b774037f9c07",
            "ticker": "KXHIGHNY-25FEB11-B32.5",
            "count": 1,
            "created_time": "2025-02-11T16:02:15.931542Z",
            "yes_price": 2,
            "no_price": 98,
            "taker_side": "no"
        },
        {
            "trade_id": "0bfa20af-6eae-4a94-9c56-58efbce48e87",
            "ticker": "KXHIGHNY-25FEB11-B32.5",
            "count": 66,
            "created_time": "2025-02-11T16:02:15.931542Z",
            "yes_price": 1,
            "no_price": 99,
            "taker_side": "no"
        },
        {
            "trade_id": "7371e8f2-11dd-4081-a10e-d13ff1abb710",
            "ticker": "KXHIGHNY-25FEB11-B32.5",
            "count": 999,
            "created_time": "2025-02-11T15:50:32.448069Z",
            "yes_price": 1,
            "no_price": 99,
            "taker_side": "no"
        },
        {
            "trade_id": "64f82c7c-0def-4dd9-9800-0706c29f27c2",
            "ticker": "KXHIGHNY-25FEB11-B32.5",
            "count": 1,
            "created_time": "2025-02-11T15:50:32.448069Z",
            "yes_price": 2,
            "no_price": 98,
            "taker_side": "no"
        },
        {
            "trade_id": "790a817f-7848-497a-acbf-b554892bf7b2",
            "ticker": "KXHIGHNY-25FEB11-B32.5",
            "count": 134,
            "created_time": "2025-02-11T15:49:21.394346Z",
            "yes_price": 1,
            "no_price": 99,
            "taker_side": "yes"
        },
        {
            "trade_id": "b728d46b-bb51-4aec-a86a-316219b666b8",
            "ticker": "KXHIGHNY-25FEB11-B32.5",
            "count": 90,
            "created_time": "2025-02-11T15:40:02.506265Z",
            "yes_price": 1,
            "no_price": 99,
            "taker_side": "yes"
        },
        {
            "trade_id": "ca753504-dfc5-4edd-8c83-eb586ac2984f",
            "ticker": "KXHIGHNY-25FEB11-B32.5",
            "count": 100,
            "created_time": "2025-02-11T15:39:27.683717Z",
            "yes_price": 1,
            "no_price": 99,
            "taker_side": "no"
        },
        {
            "trade_id": "dd77c045-04f1-4cc2-87b2-58c61bcc0c98",
            "ticker": "KXHIGHNY-25FEB11-B32.5",
            "count": 100,
            "created_time": "2025-02-11T15:29:20.656234Z",
            "yes_price": 1,
            "no_price": 99,
            "taker_side": "yes"
        },
        {
            "trade_id": "bd34f5f5-f013-4218-b56d-09d9aef09aef",
            "ticker": "KXHIGHNY-25FEB11-B32.5",
            "count": 5000,
            "created_time": "2025-02-11T15:29:20.656234Z",
            "yes_price": 1,
            "no_price": 99,
            "taker_side": "yes"
        },
        {
            "trade_id": "3f02550a-22b4-4339-8a43-78ef2ac3f3db",
            "ticker": "KXHIGHNY-25FEB11-B32.5",
            "count": 2404,
            "created_time": "2025-02-11T15:29:20.656234Z",
            "yes_price": 1,
            "no_price": 99,
            "taker_side": "yes"
        },
        {
            "trade_id": "87a2e92b-d07a-46d3-b5de-a04ceef89ea2",
            "ticker": "KXHIGHNY-25FEB11-B32.5",
            "count": 96,
            "created_time": "2025-02-11T14:41:51.848222Z",
            "yes_price": 1,
            "no_price": 99,
            "taker_side": "no"
        },
        {
            "trade_id": "191a04f9-c979-4009-809e-97c75387d77a",
            "ticker": "KXHIGHNY-25FEB11-B32.5",
            "count": 100,
            "created_time": "2025-02-11T14:20:15.635203Z",
            "yes_price": 1,
            "no_price": 99,
            "taker_side": "no"
        },
        {
            "trade_id": "9fdbbb09-3f0f-465b-a996-8a1771eefde8",
            "ticker": "KXHIGHNY-25FEB11-B32.5",
            "count": 1000,
            "created_time": "2025-02-11T14:09:47.157614Z",
            "yes_price": 2,
            "no_price": 98,
            "taker_side": "no"
        },
        {
            "trade_id": "bfa612e6-f3e3-4530-904e-34deaad6926b",
            "ticker": "KXHIGHNY-25FEB11-B32.5",
            "count": 1,
            "created_time": "2025-02-11T13:57:51.444049Z",
            "yes_price": 3,
            "no_price": 97,
            "taker_side": "yes"
        },
        {
            "trade_id": "6ef040c3-d32b-41fb-a365-b75a4e2d7896",
            "ticker": "KXHIGHNY-25FEB11-B32.5",
            "count": 4,
            "created_time": "2025-02-11T13:57:51.444049Z",
            "yes_price": 3,
            "no_price": 97,
            "taker_side": "yes"
        },
        {
            "trade_id": "f621eab1-a3a8-4f01-8766-c0b98d0bff27",
            "ticker": "KXHIGHNY-25FEB11-B32.5",
            "count": 2,
            "created_time": "2025-02-11T13:50:56.386471Z",
            "yes_price": 3,
            "no_price": 97,
            "taker_side": "yes"
        },
        {
            "trade_id": "9be66b5d-6398-46ca-91ca-fec2d38be89f",
            "ticker": "KXHIGHNY-25FEB11-B32.5",
            "count": 17,
            "created_time": "2025-02-11T13:50:56.386471Z",
            "yes_price": 5,
            "no_price": 95,
            "taker_side": "yes"
        },
        {
            "trade_id": "66fc0582-4864-407e-9428-403a0fbe1396",
            "ticker": "KXHIGHNY-25FEB11-B32.5",
            "count": 98,
            "created_time": "2025-02-11T13:45:19.668774Z",
            "yes_price": 1,
            "no_price": 99,
            "taker_side": "no"
        },
        {
            "trade_id": "294918c8-f4a1-47ad-8aec-827a53a4de5a",
            "ticker": "KXHIGHNY-25FEB11-B32.5",
            "count": 73,
            "created_time": "2025-02-11T13:45:19.668774Z",
            "yes_price": 1,
            "no_price": 99,
            "taker_side": "no"
        },
        {
            "trade_id": "5e2e3b09-afb4-4002-8935-5c4d6f75a5f2",
            "ticker": "KXHIGHNY-25FEB11-B32.5",
            "count": 179,
            "created_time": "2025-02-11T13:44:54.220209Z",
            "yes_price": 5,
            "no_price": 95,
            "taker_side": "yes"
        },
        {
            "trade_id": "27c47697-54e8-4e8c-8a2f-ff222d002c8e",
            "ticker": "KXHIGHNY-25FEB11-B32.5",
            "count": 5,
            "created_time": "2025-02-11T13:44:54.220209Z",
            "yes_price": 4,
            "no_price": 96,
            "taker_side": "yes"
        },
        {
            "trade_id": "068e2855-0709-4531-832c-41f866030387",
            "ticker": "KXHIGHNY-25FEB11-B32.5",
            "count": 7,
            "created_time": "2025-02-11T13:44:54.220209Z",
            "yes_price": 3,
            "no_price": 97,
            "taker_side": "yes"
        },
        {
            "trade_id": "d04f6d24-624f-4b33-98f0-3060ec0dbc9c",
            "ticker": "KXHIGHNY-25FEB11-B32.5",
            "count": 98,
            "created_time": "2025-02-11T13:40:32.978383Z",
            "yes_price": 1,
            "no_price": 99,
            "taker_side": "no"
        },
        {
            "trade_id": "31c322f2-ab46-44c8-809b-0a8cb1fac921",
            "ticker": "KXHIGHNY-25FEB11-B32.5",
            "count": 2,
            "created_time": "2025-02-11T13:40:32.978383Z",
            "yes_price": 1,
            "no_price": 99,
            "taker_side": "no"
        },
        {
            "trade_id": "a9aae62a-663a-4791-b460-01ad83746448",
            "ticker": "KXHIGHNY-25FEB11-B32.5",
            "count": 2,
            "created_time": "2025-02-11T13:17:14.304177Z",
            "yes_price": 1,
            "no_price": 99,
            "taker_side": "no"
        },
        {
            "trade_id": "1c62e2f8-688e-48f6-92b7-3fae7012f3f9",
            "ticker": "KXHIGHNY-25FEB11-B32.5",
            "count": 35,
            "created_time": "2025-02-11T13:17:14.304177Z",
            "yes_price": 2,
            "no_price": 98,
            "taker_side": "no"
        },
        {
            "trade_id": "e3eae3ae-2b08-488b-b72a-be45a31e1643",
            "ticker": "KXHIGHNY-25FEB11-B32.5",
            "count": 15,
            "created_time": "2025-02-11T13:17:12.589738Z",
            "yes_price": 2,
            "no_price": 98,
            "taker_side": "yes"
        },
        {
            "trade_id": "8a98face-e1d7-4a84-bf0e-74b93aede1f9",
            "ticker": "KXHIGHNY-25FEB11-B32.5",
            "count": 10,
            "created_time": "2025-02-11T13:16:50.171339Z",
            "yes_price": 2,
            "no_price": 98,
            "taker_side": "no"
        },
        {
            "trade_id": "9567a1dd-e042-4e72-9343-d7bcc50b5fbf",
            "ticker": "KXHIGHNY-25FEB11-B32.5",
            "count": 40,
            "created_time": "2025-02-11T13:15:37.729869Z",
            "yes_price": 2,
            "no_price": 98,
            "taker_side": "no"
        },
        {
            "trade_id": "1aa0d389-5a9f-4f86-890f-01eb261171fe",
            "ticker": "KXHIGHNY-25FEB11-B32.5",
            "count": 20,
            "created_time": "2025-02-11T13:15:37.729869Z",
            "yes_price": 2,
            "no_price": 98,
            "taker_side": "no"
        },
        {
            "trade_id": "135500bd-6725-4920-a345-31d281d419b0",
            "ticker": "KXHIGHNY-25FEB11-B32.5",
            "count": 350,
            "created_time": "2025-02-11T13:15:37.729869Z",
            "yes_price": 2,
            "no_price": 98,
            "taker_side": "no"
        },
        {
            "trade_id": "fd2f3e25-e25b-4d52-b712-056ca08e0035",
            "ticker": "KXHIGHNY-25FEB11-B32.5",
            "count": 20,
            "created_time": "2025-02-11T13:03:09.251817Z",
            "yes_price": 2,
            "no_price": 98,
            "taker_side": "no"
        },
        {
            "trade_id": "8fc0021f-e3d5-44f0-b006-b130d003f43b",
            "ticker": "KXHIGHNY-25FEB11-B32.5",
            "count": 10,
            "created_time": "2025-02-11T13:01:50.604873Z",
            "yes_price": 2,
            "no_price": 98,
            "taker_side": "no"
        },
        {
            "trade_id": "d303d618-cde3-47c1-923b-9b64d260e99d",
            "ticker": "KXHIGHNY-25FEB11-B32.5",
            "count": 121,
            "created_time": "2025-02-11T07:36:04.480937Z",
            "yes_price": 10,
            "no_price": 90,
            "taker_side": "yes"
        },
        {
            "trade_id": "185bea4c-4c40-4f38-bb65-17716beb112f",
            "ticker": "KXHIGHNY-25FEB11-B32.5",
            "count": 79,
            "created_time": "2025-02-11T07:36:04.480937Z",
            "yes_price": 8,
            "no_price": 92,
            "taker_side": "yes"
        },
        {
            "trade_id": "e7234356-47dc-4bb4-9685-ba6e0271883a",
            "ticker": "KXHIGHNY-25FEB11-B32.5",
            "count": 40,
            "created_time": "2025-02-11T07:35:52.240303Z",
            "yes_price": 9,
            "no_price": 91,
            "taker_side": "yes"
        },
        {
            "trade_id": "d4e1dad9-07e8-43f0-a53f-4dfcfdcf9c93",
            "ticker": "KXHIGHNY-25FEB11-B32.5",
            "count": 11,
            "created_time": "2025-02-11T07:35:52.240303Z",
            "yes_price": 7,
            "no_price": 93,
            "taker_side": "yes"
        },
        {
            "trade_id": "c8cc4264-979b-486e-b266-8c188883c6d9",
            "ticker": "KXHIGHNY-25FEB11-B32.5",
            "count": 7,
            "created_time": "2025-02-11T06:50:06.462215Z",
            "yes_price": 10,
            "no_price": 90,
            "taker_side": "yes"
        },
        {
            "trade_id": "59f7a27d-fcc2-44fa-b99d-97d191d78e6e",
            "ticker": "KXHIGHNY-25FEB11-B32.5",
            "count": 1,
            "created_time": "2025-02-11T06:50:06.462215Z",
            "yes_price": 10,
            "no_price": 90,
            "taker_side": "yes"
        },
        {
            "trade_id": "4bd5c4b5-8320-4eec-8401-39ee9160e2ca",
            "ticker": "KXHIGHNY-25FEB11-B32.5",
            "count": 2,
            "created_time": "2025-02-11T06:50:06.462215Z",
            "yes_price": 10,
            "no_price": 90,
            "taker_side": "yes"
        },
        {
            "trade_id": "c136e0b5-f1b3-4e03-94b2-43a7044bc29b",
            "ticker": "KXHIGHNY-25FEB11-B32.5",
            "count": 13,
            "created_time": "2025-02-11T06:37:23.671907Z",
            "yes_price": 10,
            "no_price": 90,
            "taker_side": "yes"
        },
        {
            "trade_id": "a6585315-94d7-451d-9a60-3fd22fb9ef3d",
            "ticker": "KXHIGHNY-25FEB11-B32.5",
            "count": 5,
            "created_time": "2025-02-11T06:37:23.671907Z",
            "yes_price": 12,
            "no_price": 88,
            "taker_side": "yes"
        },
        {
            "trade_id": "78e270dd-44df-4637-b035-be8ca37787f5",
            "ticker": "KXHIGHNY-25FEB11-B32.5",
            "count": 1,
            "created_time": "2025-02-11T06:37:23.671907Z",
            "yes_price": 10,
            "no_price": 90,
            "taker_side": "yes"
        },
        {
            "trade_id": "14bbd759-d532-41d0-84e4-a9fd33c33ff4",
            "ticker": "KXHIGHNY-25FEB11-B32.5",
            "count": 26,
            "created_time": "2025-02-11T06:37:23.671907Z",
            "yes_price": 10,
            "no_price": 90,
            "taker_side": "yes"
        },
        {
            "trade_id": "360a0396-e435-4584-9196-8b3c63743482",
            "ticker": "KXHIGHNY-25FEB11-B32.5",
            "count": 41,
            "created_time": "2025-02-11T05:40:11.201831Z",
            "yes_price": 9,
            "no_price": 91,
            "taker_side": "yes"
        },
        {
            "trade_id": "01441ef7-0a54-4b94-b224-fd0b809b3437",
            "ticker": "KXHIGHNY-25FEB11-B32.5",
            "count": 10,
            "created_time": "2025-02-11T05:31:32.147196Z",
            "yes_price": 9,
            "no_price": 91,
            "taker_side": "yes"
        },
        {
            "trade_id": "3dd61ef0-f354-4229-b752-07f3d4c81b67",
            "ticker": "KXHIGHNY-25FEB11-B32.5",
            "count": 11,
            "created_time": "2025-02-11T05:21:37.016508Z",
            "yes_price": 6,
            "no_price": 94,
            "taker_side": "no"
        },
        {
            "trade_id": "5be09914-5ba4-4e76-91c8-2eb520106428",
            "ticker": "KXHIGHNY-25FEB11-B32.5",
            "count": 55,
            "created_time": "2025-02-11T05:06:37.435282Z",
            "yes_price": 4,
            "no_price": 96,
            "taker_side": "no"
        },
        {
            "trade_id": "bc937467-eefb-4d36-8b40-ef94a7b160c2",
            "ticker": "KXHIGHNY-25FEB11-B32.5",
            "count": 41,
            "created_time": "2025-02-11T04:55:30.811017Z",
            "yes_price": 9,
            "no_price": 91,
            "taker_side": "yes"
        },
        {
            "trade_id": "016ad780-3428-4577-90a7-cdb819b702df",
            "ticker": "KXHIGHNY-25FEB11-B32.5",
            "count": 69,
            "created_time": "2025-02-11T04:54:37.81623Z",
            "yes_price": 9,
            "no_price": 91,
            "taker_side": "yes"
        },
        {
            "trade_id": "f8b44f86-ff35-4387-9ff9-c080609b846d",
            "ticker": "KXHIGHNY-25FEB11-B32.5",
            "count": 1,
            "created_time": "2025-02-11T04:54:03.819872Z",
            "yes_price": 9,
            "no_price": 91,
            "taker_side": "yes"
        },
        {
            "trade_id": "d41fa06b-e8f1-42ea-aaa9-6a6eb869de6a",
            "ticker": "KXHIGHNY-25FEB11-B32.5",
            "count": 179,
            "created_time": "2025-02-11T04:54:03.819872Z",
            "yes_price": 9,
            "no_price": 91,
            "taker_side": "yes"
        },
        {
            "trade_id": "d026a6c7-20f4-433b-85d6-0ccb3faae2f4",
            "ticker": "KXHIGHNY-25FEB11-B32.5",
            "count": 31,
            "created_time": "2025-02-11T04:54:03.819872Z",
            "yes_price": 9,
            "no_price": 91,
            "taker_side": "yes"
        },
        {
            "trade_id": "4ea14a66-e805-4582-abaf-e442a1f4e4cc",
            "ticker": "KXHIGHNY-25FEB11-B32.5",
            "count": 26,
            "created_time": "2025-02-11T04:54:03.819872Z",
            "yes_price": 9,
            "no_price": 91,
            "taker_side": "yes"
        },
        {
            "trade_id": "8a3de032-d70e-4d45-b728-622d05f8a065",
            "ticker": "KXHIGHNY-25FEB11-B32.5",
            "count": 14,
            "created_time": "2025-02-11T04:51:57.560818Z",
            "yes_price": 6,
            "no_price": 94,
            "taker_side": "no"
        },
        {
            "trade_id": "48865aae-d4d1-4575-b78f-c4455c2817b5",
            "ticker": "KXHIGHNY-25FEB11-B32.5",
            "count": 16,
            "created_time": "2025-02-11T04:51:57.560818Z",
            "yes_price": 6,
            "no_price": 94,
            "taker_side": "no"
        },
        {
            "trade_id": "3f983bf1-1185-4206-b3ee-71b1d8143c19",
            "ticker": "KXHIGHNY-25FEB11-B32.5",
            "count": 982,
            "created_time": "2025-02-11T04:51:57.560818Z",
            "yes_price": 6,
            "no_price": 94,
            "taker_side": "no"
        },
        {
            "trade_id": "249187fc-c4b2-4d6c-9c8a-7c5f9f2e949a",
            "ticker": "KXHIGHNY-25FEB11-B32.5",
            "count": 155,
            "created_time": "2025-02-11T04:51:57.560818Z",
            "yes_price": 6,
            "no_price": 94,
            "taker_side": "no"
        },
        {
            "trade_id": "c51601db-03a9-4796-b5e2-47157047dac6",
            "ticker": "KXHIGHNY-25FEB11-B32.5",
            "count": 20,
            "created_time": "2025-02-11T04:33:10.822524Z",
            "yes_price": 11,
            "no_price": 89,
            "taker_side": "yes"
        },
        {
            "trade_id": "e8d1b53d-6572-4212-a30a-b8714f25ed51",
            "ticker": "KXHIGHNY-25FEB11-B32.5",
            "count": 52,
            "created_time": "2025-02-11T04:29:32.295547Z",
            "yes_price": 11,
            "no_price": 89,
            "taker_side": "yes"
        },
        {
            "trade_id": "d5703d61-3f50-4d75-8e0b-6f3da29fdddf",
            "ticker": "KXHIGHNY-25FEB11-B32.5",
            "count": 18,
            "created_time": "2025-02-11T04:29:32.295547Z",
            "yes_price": 10,
            "no_price": 90,
            "taker_side": "yes"
        },
        {
            "trade_id": "e9dea3dd-a9b5-4643-b54e-5facfd584560",
            "ticker": "KXHIGHNY-25FEB11-B32.5",
            "count": 222,
            "created_time": "2025-02-11T04:26:52.389727Z",
            "yes_price": 10,
            "no_price": 90,
            "taker_side": "yes"
        },
        {
            "trade_id": "ce018f1c-d8c4-43fe-87e9-a0c2f37c6889",
            "ticker": "KXHIGHNY-25FEB11-B32.5",
            "count": 18,
            "created_time": "2025-02-11T04:26:52.389727Z",
            "yes_price": 8,
            "no_price": 92,
            "taker_side": "yes"
        },
        {
            "trade_id": "c5331820-5141-4441-8e79-6ba9c570c416",
            "ticker": "KXHIGHNY-25FEB11-B32.5",
            "count": 13,
            "created_time": "2025-02-11T04:26:52.389727Z",
            "yes_price": 8,
            "no_price": 92,
            "taker_side": "yes"
        },
        {
            "trade_id": "86ba95b9-444f-4c53-affd-f709d6c9e3a6",
            "ticker": "KXHIGHNY-25FEB11-B32.5",
            "count": 47,
            "created_time": "2025-02-11T04:26:52.389727Z",
            "yes_price": 8,
            "no_price": 92,
            "taker_side": "yes"
        },
        {
            "trade_id": "90bffe7d-4ed6-4b6e-88c9-8097651a207f",
            "ticker": "KXHIGHNY-25FEB11-B32.5",
            "count": 11,
            "created_time": "2025-02-11T04:20:31.402344Z",
            "yes_price": 8,
            "no_price": 92,
            "taker_side": "yes"
        },
        {
            "trade_id": "21eaf3f3-d0b0-4390-9ca0-c9b9bb9d5ce2",
            "ticker": "KXHIGHNY-25FEB11-B32.5",
            "count": 19,
            "created_time": "2025-02-11T04:04:23.207403Z",
            "yes_price": 8,
            "no_price": 92,
            "taker_side": "yes"
        },
        {
            "trade_id": "768c5dc5-a401-4c82-8e54-434b8b7b019a",
            "ticker": "KXHIGHNY-25FEB11-B32.5",
            "count": 119,
            "created_time": "2025-02-11T04:01:47.414369Z",
            "yes_price": 7,
            "no_price": 93,
            "taker_side": "yes"
        },
        {
            "trade_id": "74405372-ad5c-4984-91e1-14eceb1e8aa2",
            "ticker": "KXHIGHNY-25FEB11-B32.5",
            "count": 187,
            "created_time": "2025-02-11T04:01:47.414369Z",
            "yes_price": 7,
            "no_price": 93,
            "taker_side": "yes"
        },
        {
            "trade_id": "1f41ee18-0d50-4c82-a3c2-c685b7022c20",
            "ticker": "KXHIGHNY-25FEB11-B32.5",
            "count": 18,
            "created_time": "2025-02-11T03:57:26.930573Z",
            "yes_price": 6,
            "no_price": 94,
            "taker_side": "no"
        },
        {
            "trade_id": "8d2cefe4-7254-4d71-a100-ad6bdd6eb1bc",
            "ticker": "KXHIGHNY-25FEB11-B32.5",
            "count": 239,
            "created_time": "2025-02-11T03:55:04.62238Z",
            "yes_price": 11,
            "no_price": 89,
            "taker_side": "yes"
        },
        {
            "trade_id": "675e7120-6547-4685-b58f-a8d115cb6de1",
            "ticker": "KXHIGHNY-25FEB11-B32.5",
            "count": 59,
            "created_time": "2025-02-11T03:55:04.62238Z",
            "yes_price": 9,
            "no_price": 91,
            "taker_side": "yes"
        },
        {
            "trade_id": "5406c6a7-8ff0-4456-ae52-84f4212f81f0",
            "ticker": "KXHIGHNY-25FEB11-B32.5",
            "count": 1,
            "created_time": "2025-02-11T03:55:04.62238Z",
            "yes_price": 9,
            "no_price": 91,
            "taker_side": "yes"
        },
        {
            "trade_id": "f18501cc-94fc-4d66-a9cf-c9c05790b856",
            "ticker": "KXHIGHNY-25FEB11-B32.5",
            "count": 36,
            "created_time": "2025-02-11T03:54:45.284785Z",
            "yes_price": 4,
            "no_price": 96,
            "taker_side": "no"
        },
        {
            "trade_id": "d3de72a5-9c97-45b6-9bf3-d92a741df8b6",
            "ticker": "KXHIGHNY-25FEB11-B32.5",
            "count": 194,
            "created_time": "2025-02-11T03:54:45.284785Z",
            "yes_price": 4,
            "no_price": 96,
            "taker_side": "no"
        },
        {
            "trade_id": "b0a94a02-9d57-46f4-ad55-ea066dee19b6",
            "ticker": "KXHIGHNY-25FEB11-B32.5",
            "count": 52,
            "created_time": "2025-02-11T03:54:45.284785Z",
            "yes_price": 8,
            "no_price": 92,
            "taker_side": "no"
        },
        {
            "trade_id": "8004b48a-658d-4c5e-ac9f-ddab35a66489",
            "ticker": "KXHIGHNY-25FEB11-B32.5",
            "count": 240,
            "created_time": "2025-02-11T03:54:45.284785Z",
            "yes_price": 6,
            "no_price": 94,
            "taker_side": "no"
        },
        {
            "trade_id": "4f20eb65-550a-451f-9895-b271b7543960",
            "ticker": "KXHIGHNY-25FEB11-B32.5",
            "count": 46,
            "created_time": "2025-02-11T03:54:45.284785Z",
            "yes_price": 4,
            "no_price": 96,
            "taker_side": "no"
        },
        {
            "trade_id": "bdaaec85-f113-45b2-b8dc-0411727ba331",
            "ticker": "KXHIGHNY-25FEB11-B32.5",
            "count": 1,
            "created_time": "2025-02-11T03:54:42.062811Z",
            "yes_price": 11,
            "no_price": 89,
            "taker_side": "yes"
        },
        {
            "trade_id": "a22c10e1-5196-4f20-9e78-ae31e1ef8548",
            "ticker": "KXHIGHNY-25FEB11-B32.5",
            "count": 1,
            "created_time": "2025-02-11T03:54:42.062811Z",
            "yes_price": 12,
            "no_price": 88,
            "taker_side": "yes"
        },
        {
            "trade_id": "5b7a6de5-587e-40ea-8e4c-32922ee0a236",
            "ticker": "KXHIGHNY-25FEB11-B32.5",
            "count": 1191,
            "created_time": "2025-02-11T03:54:42.062811Z",
            "yes_price": 12,
            "no_price": 88,
            "taker_side": "yes"
        },
        {
            "trade_id": "42018c39-a449-4b8f-ad43-7924dd975175",
            "ticker": "KXHIGHNY-25FEB11-B32.5",
            "count": 1,
            "created_time": "2025-02-11T03:54:42.062811Z",
            "yes_price": 9,
            "no_price": 91,
            "taker_side": "yes"
        },
        {
            "trade_id": "ef182f9a-982b-479c-be91-6dccb9ddc45e",
            "ticker": "KXHIGHNY-25FEB11-B32.5",
            "count": 21,
            "created_time": "2025-02-11T03:54:02.449944Z",
            "yes_price": 8,
            "no_price": 92,
            "taker_side": "no"
        },
        {
            "trade_id": "de0db5bd-95c5-4265-85ac-179e8cf004cb",
            "ticker": "KXHIGHNY-25FEB11-B32.5",
            "count": 1000,
            "created_time": "2025-02-11T03:54:02.449944Z",
            "yes_price": 9,
            "no_price": 91,
            "taker_side": "no"
        },
        {
            "trade_id": "c5076183-1040-40cf-9fad-33eee09da7b9",
            "ticker": "KXHIGHNY-25FEB11-B32.5",
            "count": 1,
            "created_time": "2025-02-11T03:54:02.449944Z",
            "yes_price": 8,
            "no_price": 92,
            "taker_side": "no"
        },
        {
            "trade_id": "c1f81343-9d1b-4e41-99e9-0f85b8cf36e5",
            "ticker": "KXHIGHNY-25FEB11-B32.5",
            "count": 100,
            "created_time": "2025-02-11T03:54:02.449944Z",
            "yes_price": 8,
            "no_price": 92,
            "taker_side": "no"
        },
        {
            "trade_id": "a5038ae9-d7e2-498a-a5c8-f25ccd4dd060",
            "ticker": "KXHIGHNY-25FEB11-B32.5",
            "count": 240,
            "created_time": "2025-02-11T03:54:02.449944Z",
            "yes_price": 4,
            "no_price": 96,
            "taker_side": "no"
        },
        {
            "trade_id": "a3a8bb26-e720-477e-9c6a-fde46007f513",
            "ticker": "KXHIGHNY-25FEB11-B32.5",
            "count": 1,
            "created_time": "2025-02-11T03:54:02.449944Z",
            "yes_price": 6,
            "no_price": 94,
            "taker_side": "no"
        },
        {
            "trade_id": "a179fe35-ac26-4046-8664-88f0497a10e6",
            "ticker": "KXHIGHNY-25FEB11-B32.5",
            "count": 13,
            "created_time": "2025-02-11T03:54:02.449944Z",
            "yes_price": 11,
            "no_price": 89,
            "taker_side": "no"
        },
        {
            "trade_id": "82e43f2a-db8c-49fd-8ec6-9ce9c124fd8f",
            "ticker": "KXHIGHNY-25FEB11-B32.5",
            "count": 150,
            "created_time": "2025-02-11T03:54:02.449944Z",
            "yes_price": 7,
            "no_price": 93,
            "taker_side": "no"
        },
        {
            "trade_id": "6a548f9b-27d7-407e-b2ab-8071ec8e2dc1",
            "ticker": "KXHIGHNY-25FEB11-B32.5",
            "count": 28,
            "created_time": "2025-02-11T03:54:02.449944Z",
            "yes_price": 8,
            "no_price": 92,
            "taker_side": "no"
        },
        {
            "trade_id": "661a478e-f98c-42fc-b648-f248984294bb",
            "ticker": "KXHIGHNY-25FEB11-B32.5",
            "count": 1,
            "created_time": "2025-02-11T03:54:02.449944Z",
            "yes_price": 9,
            "no_price": 91,
            "taker_side": "no"
        },
        {
            "trade_id": "594c099f-1fec-435a-865d-064326642021",
            "ticker": "KXHIGHNY-25FEB11-B32.5",
            "count": 240,
            "created_time": "2025-02-11T03:54:02.449944Z",
            "yes_price": 6,
            "no_price": 94,
            "taker_side": "no"
        },
        {
            "trade_id": "48199f47-86fa-4f87-a152-adab4af8d052",
            "ticker": "KXHIGHNY-25FEB11-B32.5",
            "count": 38,
            "created_time": "2025-02-11T03:54:02.449944Z",
            "yes_price": 6,
            "no_price": 94,
            "taker_side": "no"
        },
        {
            "trade_id": "416df881-8563-4bdb-b562-30e39268f6a4",
            "ticker": "KXHIGHNY-25FEB11-B32.5",
            "count": 1,
            "created_time": "2025-02-11T03:54:02.449944Z",
            "yes_price": 10,
            "no_price": 90,
            "taker_side": "no"
        },
        {
            "trade_id": "0a4d9979-e25b-436c-a57b-3801cea090ec",
            "ticker": "KXHIGHNY-25FEB11-B32.5",
            "count": 100,
            "created_time": "2025-02-11T03:54:02.449944Z",
            "yes_price": 9,
            "no_price": 91,
            "taker_side": "no"
        },
        {
            "trade_id": "08a9c2ff-5006-447f-a921-c64b108cb566",
            "ticker": "KXHIGHNY-25FEB11-B32.5",
            "count": 1,
            "created_time": "2025-02-11T03:54:02.449944Z",
            "yes_price": 11,
            "no_price": 89,
            "taker_side": "no"
        },
        {
            "trade_id": "035cf805-9793-4e1d-aed1-78857d49ad7b",
            "ticker": "KXHIGHNY-25FEB11-B32.5",
            "count": 1,
            "created_time": "2025-02-11T03:54:02.449944Z",
            "yes_price": 7,
            "no_price": 93,
            "taker_side": "no"
        },
        {
            "trade_id": "c7beab26-0fa2-4f13-9444-61accbdc0e86",
            "ticker": "KXHIGHNY-25FEB11-B32.5",
            "count": 28,
            "created_time": "2025-02-11T03:52:55.428187Z",
            "yes_price": 12,
            "no_price": 88,
            "taker_side": "no"
        },
        {
            "trade_id": "703b70e7-08f8-4ee3-a775-52a28ac9972c",
            "ticker": "KXHIGHNY-25FEB11-B32.5",
            "count": 13,
            "created_time": "2025-02-11T03:52:55.428187Z",
            "yes_price": 12,
            "no_price": 88,
            "taker_side": "no"
        },
        {
            "trade_id": "b774ff73-c60a-41ee-a28b-22912d0c1c9f",
            "ticker": "KXHIGHNY-25FEB11-B32.5",
            "count": 7,
            "created_time": "2025-02-11T03:47:48.094604Z",
            "yes_price": 13,
            "no_price": 87,
            "taker_side": "yes"
        },
        {
            "trade_id": "c6f2dede-8635-49a8-b4a9-cd5f0f833dbc",
            "ticker": "KXHIGHNY-25FEB11-B32.5",
            "count": 2,
            "created_time": "2025-02-11T03:47:33.713481Z",
            "yes_price": 13,
            "no_price": 87,
            "taker_side": "yes"
        },
        {
            "trade_id": "88b0d4ff-64d2-46ad-ac2c-4ec87932de97",
            "ticker": "KXHIGHNY-25FEB11-B32.5",
            "count": 10,
            "created_time": "2025-02-11T03:47:33.713481Z",
            "yes_price": 13,
            "no_price": 87,
            "taker_side": "yes"
        },
        {
            "trade_id": "87a1529b-fc97-4e8f-8268-da051b409a1d",
            "ticker": "KXHIGHNY-25FEB11-B32.5",
            "count": 2,
            "created_time": "2025-02-11T03:47:33.713481Z",
            "yes_price": 13,
            "no_price": 87,
            "taker_side": "yes"
        },
        {
            "trade_id": "f48c2be6-c320-4ff2-9bb0-4682990998e2",
            "ticker": "KXHIGHNY-25FEB11-B32.5",
            "count": 1,
            "created_time": "2025-02-11T03:45:40.464253Z",
            "yes_price": 12,
            "no_price": 88,
            "taker_side": "no"
        },
        {
            "trade_id": "f252344d-3906-4fb6-a16e-19c82e3f2b53",
            "ticker": "KXHIGHNY-25FEB11-B32.5",
            "count": 12,
            "created_time": "2025-02-11T03:45:40.464253Z",
            "yes_price": 12,
            "no_price": 88,
            "taker_side": "no"
        },
        {
            "trade_id": "cc726fe8-b737-4641-b96e-b9d9f3e7cb28",
            "ticker": "KXHIGHNY-25FEB11-B32.5",
            "count": 12,
            "created_time": "2025-02-11T03:27:24.822265Z",
            "yes_price": 14,
            "no_price": 86,
            "taker_side": "yes"
        },
        {
            "trade_id": "2732d681-4d33-4d3c-b2a9-c4d17f28372d",
            "ticker": "KXHIGHNY-25FEB11-B32.5",
            "count": 1,
            "created_time": "2025-02-11T03:27:24.822265Z",
            "yes_price": 13,
            "no_price": 87,
            "taker_side": "yes"
        },
        {
            "trade_id": "c32cd4db-b7cb-4ea8-a069-b0638d32cf6a",
            "ticker": "KXHIGHNY-25FEB11-B32.5",
            "count": 6,
            "created_time": "2025-02-11T03:24:48.777416Z",
            "yes_price": 13,
            "no_price": 87,
            "taker_side": "yes"
        },
        {
            "trade_id": "b55c11b9-e63f-41cb-9a86-f0f34f112949",
            "ticker": "KXHIGHNY-25FEB11-B32.5",
            "count": 1,
            "created_time": "2025-02-11T03:24:48.777416Z",
            "yes_price": 13,
            "no_price": 87,
            "taker_side": "yes"
        },
        {
            "trade_id": "97db1e33-211f-441e-b78c-c8f1d9e4837a",
            "ticker": "KXHIGHNY-25FEB11-B32.5",
            "count": 3,
            "created_time": "2025-02-11T03:24:48.777416Z",
            "yes_price": 13,
            "no_price": 87,
            "taker_side": "yes"
        },
        {
            "trade_id": "1d66388d-7d1f-419c-a6b0-e651bf9eb02a",
            "ticker": "KXHIGHNY-25FEB11-B32.5",
            "count": 4,
            "created_time": "2025-02-11T03:24:48.777416Z",
            "yes_price": 14,
            "no_price": 86,
            "taker_side": "yes"
        },
        {
            "trade_id": "85aedc9b-0f97-4028-9377-389fe83f638f",
            "ticker": "KXHIGHNY-25FEB11-B32.5",
            "count": 408,
            "created_time": "2025-02-11T03:16:15.334606Z",
            "yes_price": 14,
            "no_price": 86,
            "taker_side": "yes"
        },
        {
            "trade_id": "631e1baf-b9ac-483a-bcdd-7da706118da4",
            "ticker": "KXHIGHNY-25FEB11-B32.5",
            "count": 2,
            "created_time": "2025-02-11T03:16:15.334606Z",
            "yes_price": 13,
            "no_price": 87,
            "taker_side": "yes"
        },
        {
            "trade_id": "d6522f51-8533-4075-b1c1-fbfa13e48613",
            "ticker": "KXHIGHNY-25FEB11-B32.5",
            "count": 1,
            "created_time": "2025-02-11T03:11:01.146292Z",
            "yes_price": 13,
            "no_price": 87,
            "taker_side": "yes"
        },
        {
            "trade_id": "96c653bc-4b4f-41bf-b952-5ecb30e22cd5",
            "ticker": "KXHIGHNY-25FEB11-B32.5",
            "count": 25,
            "created_time": "2025-02-11T03:11:01.146292Z",
            "yes_price": 13,
            "no_price": 87,
            "taker_side": "yes"
        },
        {
            "trade_id": "0b675907-d83f-4407-af29-2c04dcabe42b",
            "ticker": "KXHIGHNY-25FEB11-B32.5",
            "count": 29,
            "created_time": "2025-02-11T03:11:01.146292Z",
            "yes_price": 14,
            "no_price": 86,
            "taker_side": "yes"
        },
        {
            "trade_id": "63e3c2d7-ea6f-4cc2-b45b-2683dc5cc205",
            "ticker": "KXHIGHNY-25FEB11-B32.5",
            "count": 40,
            "created_time": "2025-02-11T02:57:07.893883Z",
            "yes_price": 14,
            "no_price": 86,
            "taker_side": "yes"
        },
        {
            "trade_id": "f5e33d74-f404-42b5-a843-268997ebed8a",
            "ticker": "KXHIGHNY-25FEB11-B32.5",
            "count": 70,
            "created_time": "2025-02-11T02:56:31.136997Z",
            "yes_price": 13,
            "no_price": 87,
            "taker_side": "no"
        },
        {
            "trade_id": "10e2cc74-4433-4b92-aba1-b6b0a0414c38",
            "ticker": "KXHIGHNY-25FEB11-B32.5",
            "count": 10,
            "created_time": "2025-02-11T02:54:26.962917Z",
            "yes_price": 13,
            "no_price": 87,
            "taker_side": "no"
        },
        {
            "trade_id": "906303f3-1b96-4644-97f0-de4be0e0b846",
            "ticker": "KXHIGHNY-25FEB11-B32.5",
            "count": 2,
            "created_time": "2025-02-11T02:45:29.455849Z",
            "yes_price": 13,
            "no_price": 87,
            "taker_side": "no"
        },
        {
            "trade_id": "5c34e101-1ec6-4440-a283-094e88e66cb4",
            "ticker": "KXHIGHNY-25FEB11-B32.5",
            "count": 13,
            "created_time": "2025-02-11T02:42:11.940642Z",
            "yes_price": 14,
            "no_price": 86,
            "taker_side": "yes"
        },
        {
            "trade_id": "e410338f-a82a-4a74-b309-d8d176ff3a63",
            "ticker": "KXHIGHNY-25FEB11-B32.5",
            "count": 31,
            "created_time": "2025-02-11T02:40:59.010819Z",
            "yes_price": 13,
            "no_price": 87,
            "taker_side": "yes"
        },
        {
            "trade_id": "8165d490-ea70-49a2-b2d8-d1388683f8de",
            "ticker": "KXHIGHNY-25FEB11-B32.5",
            "count": 14,
            "created_time": "2025-02-11T02:38:27.952658Z",
            "yes_price": 13,
            "no_price": 87,
            "taker_side": "yes"
        },
        {
            "trade_id": "5fc1ff0c-9530-4ee7-8623-61c14fedb1a3",
            "ticker": "KXHIGHNY-25FEB11-B32.5",
            "count": 78,
            "created_time": "2025-02-11T02:38:27.952658Z",
            "yes_price": 13,
            "no_price": 87,
            "taker_side": "yes"
        },
        {
            "trade_id": "0d0cbf47-ed00-4485-8628-f1721921574d",
            "ticker": "KXHIGHNY-25FEB11-B32.5",
            "count": 21,
            "created_time": "2025-02-11T02:38:27.952658Z",
            "yes_price": 13,
            "no_price": 87,
            "taker_side": "yes"
        },
        {
            "trade_id": "b2c8b070-c4f8-40f7-a1a9-072cf938792b",
            "ticker": "KXHIGHNY-25FEB11-B32.5",
            "count": 1,
            "created_time": "2025-02-11T02:32:20.222985Z",
            "yes_price": 13,
            "no_price": 87,
            "taker_side": "no"
        },
        {
            "trade_id": "7ffdeb0d-a945-4273-a087-920cc3b77658",
            "ticker": "KXHIGHNY-25FEB11-B32.5",
            "count": 3,
            "created_time": "2025-02-11T02:16:26.96488Z",
            "yes_price": 14,
            "no_price": 86,
            "taker_side": "yes"
        },
        {
            "trade_id": "75c8e7e4-4fbe-41df-b1c5-2df9a290ad9f",
            "ticker": "KXHIGHNY-25FEB11-B32.5",
            "count": 13,
            "created_time": "2025-02-11T02:05:56.267757Z",
            "yes_price": 14,
            "no_price": 86,
            "taker_side": "yes"
        },
        {
            "trade_id": "769cf047-b850-4e65-b784-f5d8c6363624",
            "ticker": "KXHIGHNY-25FEB11-B32.5",
            "count": 72,
            "created_time": "2025-02-11T02:03:40.224144Z",
            "yes_price": 14,
            "no_price": 86,
            "taker_side": "yes"
        },
        {
            "trade_id": "591f4a0a-8700-43d0-b5e2-b994c78569ef",
            "ticker": "KXHIGHNY-25FEB11-B32.5",
            "count": 10,
            "created_time": "2025-02-11T01:58:46.015407Z",
            "yes_price": 14,
            "no_price": 86,
            "taker_side": "yes"
        },
        {
            "trade_id": "beb3259e-b34d-4336-b9f4-b7ecccfbc265",
            "ticker": "KXHIGHNY-25FEB11-B32.5",
            "count": 30,
            "created_time": "2025-02-11T01:54:44.657003Z",
            "yes_price": 14,
            "no_price": 86,
            "taker_side": "yes"
        },
        {
            "trade_id": "f650bfb6-e0c9-47a0-bb84-da2fe19b5fd1",
            "ticker": "KXHIGHNY-25FEB11-B32.5",
            "count": 23,
            "created_time": "2025-02-11T01:44:49.485102Z",
            "yes_price": 10,
            "no_price": 90,
            "taker_side": "no"
        },
        {
            "trade_id": "ded7756f-d838-41d2-8aad-d553f7823284",
            "ticker": "KXHIGHNY-25FEB11-B32.5",
            "count": 117,
            "created_time": "2025-02-11T01:44:49.485102Z",
            "yes_price": 8,
            "no_price": 92,
            "taker_side": "no"
        },
        {
            "trade_id": "bdf3b4a0-a6dd-4e14-9833-9bc8016fd41f",
            "ticker": "KXHIGHNY-25FEB11-B32.5",
            "count": 70,
            "created_time": "2025-02-11T01:44:49.485102Z",
            "yes_price": 10,
            "no_price": 90,
            "taker_side": "no"
        },
        {
            "trade_id": "3b65ad45-40b9-4ac0-843b-1dcf4f9b43e7",
            "ticker": "KXHIGHNY-25FEB11-B32.5",
            "count": 8,
            "created_time": "2025-02-11T01:44:49.485102Z",
            "yes_price": 10,
            "no_price": 90,
            "taker_side": "no"
        },
        {
            "trade_id": "f009adf8-8436-4fe5-8a29-2a6db317d653",
            "ticker": "KXHIGHNY-25FEB11-B32.5",
            "count": 68,
            "created_time": "2025-02-11T01:29:58.354029Z",
            "yes_price": 14,
            "no_price": 86,
            "taker_side": "yes"
        },
        {
            "trade_id": "d90859b7-bba4-43bc-915b-80d4fbc52480",
            "ticker": "KXHIGHNY-25FEB11-B32.5",
            "count": 134,
            "created_time": "2025-02-11T01:29:58.354029Z",
            "yes_price": 14,
            "no_price": 86,
            "taker_side": "yes"
        },
        {
            "trade_id": "ec40d592-366e-486b-bf90-410f91977f33",
            "ticker": "KXHIGHNY-25FEB11-B32.5",
            "count": 4,
            "created_time": "2025-02-11T01:10:17.530405Z",
            "yes_price": 14,
            "no_price": 86,
            "taker_side": "yes"
        },
        {
            "trade_id": "6e84068d-75ca-487e-8fa3-4af006995639",
            "ticker": "KXHIGHNY-25FEB11-B32.5",
            "count": 2,
            "created_time": "2025-02-11T01:10:04.62499Z",
            "yes_price": 14,
            "no_price": 86,
            "taker_side": "yes"
        },
        {
            "trade_id": "dccfb5d3-ea23-4c82-ad20-01bbfa4f353f",
            "ticker": "KXHIGHNY-25FEB11-B32.5",
            "count": 1,
            "created_time": "2025-02-11T01:07:44.784988Z",
            "yes_price": 14,
            "no_price": 86,
            "taker_side": "yes"
        },
        {
            "trade_id": "21e925b0-1852-44ca-8a2d-606262a19332",
            "ticker": "KXHIGHNY-25FEB11-B32.5",
            "count": 67,
            "created_time": "2025-02-11T00:57:30.848109Z",
            "yes_price": 14,
            "no_price": 86,
            "taker_side": "yes"
        },
        {
            "trade_id": "b15b5814-337f-4c37-9436-9862b3b7d5cf",
            "ticker": "KXHIGHNY-25FEB11-B32.5",
            "count": 24,
            "created_time": "2025-02-11T00:52:46.059285Z",
            "yes_price": 14,
            "no_price": 86,
            "taker_side": "yes"
        },
        {
            "trade_id": "c6045208-0d2d-4921-9658-373898515970",
            "ticker": "KXHIGHNY-25FEB11-B32.5",
            "count": 1,
            "created_time": "2025-02-11T00:40:42.444957Z",
            "yes_price": 14,
            "no_price": 86,
            "taker_side": "yes"
        },
        {
            "trade_id": "c808087e-b984-46c9-8c99-955a00ff1934",
            "ticker": "KXHIGHNY-25FEB11-B32.5",
            "count": 33,
            "created_time": "2025-02-11T00:34:58.953034Z",
            "yes_price": 14,
            "no_price": 86,
            "taker_side": "yes"
        },
        {
            "trade_id": "b319bfec-76d8-4e73-a257-941ff4652034",
            "ticker": "KXHIGHNY-25FEB11-B32.5",
            "count": 13,
            "created_time": "2025-02-11T00:17:07.222732Z",
            "yes_price": 14,
            "no_price": 86,
            "taker_side": "yes"
        },
        {
            "trade_id": "53dea638-9f6e-41f3-ba23-c620aef72021",
            "ticker": "KXHIGHNY-25FEB11-B32.5",
            "count": 6,
            "created_time": "2025-02-11T00:13:06.313141Z",
            "yes_price": 14,
            "no_price": 86,
            "taker_side": "yes"
        },
        {
            "trade_id": "ec42578f-1df4-4c29-a158-be4ee366fa7b",
            "ticker": "KXHIGHNY-25FEB11-B32.5",
            "count": 673,
            "created_time": "2025-02-11T00:11:33.613194Z",
            "yes_price": 14,
            "no_price": 86,
            "taker_side": "yes"
        },
        {
            "trade_id": "90dfa349-d84e-4c68-b94e-f0b84e2e38a3",
            "ticker": "KXHIGHNY-25FEB11-B32.5",
            "count": 4,
            "created_time": "2025-02-11T00:06:45.688898Z",
            "yes_price": 14,
            "no_price": 86,
            "taker_side": "yes"
        },
        {
            "trade_id": "66b3c791-cb10-48ec-b87e-f09bff29ba96",
            "ticker": "KXHIGHNY-25FEB11-B32.5",
            "count": 74,
            "created_time": "2025-02-10T23:44:42.99029Z",
            "yes_price": 14,
            "no_price": 86,
            "taker_side": "yes"
        },
        {
            "trade_id": "521c7ddc-3b96-4469-9d29-6373f878e081",
            "ticker": "KXHIGHNY-25FEB11-B32.5",
            "count": 67,
            "created_time": "2025-02-10T23:44:05.701094Z",
            "yes_price": 14,
            "no_price": 86,
            "taker_side": "yes"
        },
        {
            "trade_id": "5dc46dac-cada-4efd-99b3-794dca0816ce",
            "ticker": "KXHIGHNY-25FEB11-B32.5",
            "count": 336,
            "created_time": "2025-02-10T23:42:17.338723Z",
            "yes_price": 14,
            "no_price": 86,
            "taker_side": "yes"
        },
        {
            "trade_id": "42e65c41-68dd-44ee-a588-57388f89bb88",
            "ticker": "KXHIGHNY-25FEB11-B32.5",
            "count": 336,
            "created_time": "2025-02-10T23:39:32.16755Z",
            "yes_price": 14,
            "no_price": 86,
            "taker_side": "yes"
        },
        {
            "trade_id": "76c5ad19-c23a-4f3f-99cc-9d95b8e36cb2",
            "ticker": "KXHIGHNY-25FEB11-B32.5",
            "count": 168,
            "created_time": "2025-02-10T23:17:54.384125Z",
            "yes_price": 14,
            "no_price": 86,
            "taker_side": "yes"
        },
        {
            "trade_id": "0290571e-d6cd-457a-b317-79c8af1267c4",
            "ticker": "KXHIGHNY-25FEB11-B32.5",
            "count": 168,
            "created_time": "2025-02-10T23:10:22.500771Z",
            "yes_price": 14,
            "no_price": 86,
            "taker_side": "yes"
        },
        {
            "trade_id": "462fb508-ede1-49af-a43e-4e3828456bbf",
            "ticker": "KXHIGHNY-25FEB11-B32.5",
            "count": 9,
            "created_time": "2025-02-10T23:04:09.452944Z",
            "yes_price": 10,
            "no_price": 90,
            "taker_side": "no"
        },
        {
            "trade_id": "9bcc86c8-3dc1-4420-944b-4cdb911093c0",
            "ticker": "KXHIGHNY-25FEB11-B32.5",
            "count": 673,
            "created_time": "2025-02-10T22:54:18.502504Z",
            "yes_price": 14,
            "no_price": 86,
            "taker_side": "yes"
        },
        {
            "trade_id": "8ff778d8-de05-42c5-a949-e8afec37e8a2",
            "ticker": "KXHIGHNY-25FEB11-B32.5",
            "count": 13,
            "created_time": "2025-02-10T22:34:10.128692Z",
            "yes_price": 14,
            "no_price": 86,
            "taker_side": "yes"
        },
        {
            "trade_id": "43508fa0-7998-4d80-bebb-ecfa05c232d8",
            "ticker": "KXHIGHNY-25FEB11-B32.5",
            "count": 336,
            "created_time": "2025-02-10T22:24:56.222841Z",
            "yes_price": 14,
            "no_price": 86,
            "taker_side": "yes"
        },
        {
            "trade_id": "9bdf3cc0-4ae1-4149-b4c1-f6bc2a52505b",
            "ticker": "KXHIGHNY-25FEB11-B32.5",
            "count": 5,
            "created_time": "2025-02-10T22:22:34.52076Z",
            "yes_price": 14,
            "no_price": 86,
            "taker_side": "yes"
        },
        {
            "trade_id": "9df94dec-4df9-4d1c-8f4f-3dfe7ff1a296",
            "ticker": "KXHIGHNY-25FEB11-B32.5",
            "count": 20,
            "created_time": "2025-02-10T22:20:26.540667Z",
            "yes_price": 14,
            "no_price": 86,
            "taker_side": "yes"
        },
        {
            "trade_id": "ea546fd6-4733-4ae3-8c12-467859665c85",
            "ticker": "KXHIGHNY-25FEB11-B32.5",
            "count": 20,
            "created_time": "2025-02-10T22:19:17.735016Z",
            "yes_price": 14,
            "no_price": 86,
            "taker_side": "yes"
        },
        {
            "trade_id": "bca83ad0-f0de-488f-bacc-a5cbfd6290ac",
            "ticker": "KXHIGHNY-25FEB11-B32.5",
            "count": 1,
            "created_time": "2025-02-10T22:01:16.400617Z",
            "yes_price": 14,
            "no_price": 86,
            "taker_side": "yes"
        },
        {
            "trade_id": "cd6caa10-40cb-48e3-9325-6541e33dc0ed",
            "ticker": "KXHIGHNY-25FEB11-B32.5",
            "count": 2,
            "created_time": "2025-02-10T21:58:31.462365Z",
            "yes_price": 10,
            "no_price": 90,
            "taker_side": "no"
        },
        {
            "trade_id": "9c9c8a3e-e2bb-422c-8a72-6fcc1d14d3af",
            "ticker": "KXHIGHNY-25FEB11-B32.5",
            "count": 23,
            "created_time": "2025-02-10T21:58:31.462365Z",
            "yes_price": 10,
            "no_price": 90,
            "taker_side": "no"
        },
        {
            "trade_id": "6e6d50df-a105-487f-97ab-59de388b0f40",
            "ticker": "KXHIGHNY-25FEB11-B32.5",
            "count": 142,
            "created_time": "2025-02-10T21:58:31.462365Z",
            "yes_price": 10,
            "no_price": 90,
            "taker_side": "no"
        },
        {
            "trade_id": "ec3a15bc-3fb0-4c7e-832a-216936f9a7d9",
            "ticker": "KXHIGHNY-25FEB11-B32.5",
            "count": 6,
            "created_time": "2025-02-10T21:56:36.282698Z",
            "yes_price": 14,
            "no_price": 86,
            "taker_side": "yes"
        },
        {
            "trade_id": "8e83aa2d-0446-4423-a84d-84dbc36ca15b",
            "ticker": "KXHIGHNY-25FEB11-B32.5",
            "count": 3,
            "created_time": "2025-02-10T21:00:45.500668Z",
            "yes_price": 14,
            "no_price": 86,
            "taker_side": "yes"
        },
        {
            "trade_id": "022fc51a-b912-4be5-91cf-77425c6d389c",
            "ticker": "KXHIGHNY-25FEB11-B32.5",
            "count": 38,
            "created_time": "2025-02-10T21:00:34.699105Z",
            "yes_price": 14,
            "no_price": 86,
            "taker_side": "yes"
        },
        {
            "trade_id": "9f45e792-16f5-450e-859b-0980d88b898d",
            "ticker": "KXHIGHNY-25FEB11-B32.5",
            "count": 13,
            "created_time": "2025-02-10T20:30:35.465801Z",
            "yes_price": 13,
            "no_price": 87,
            "taker_side": "yes"
        },
        {
            "trade_id": "9f184816-c650-4f45-ad6d-ec18e1ce2107",
            "ticker": "KXHIGHNY-25FEB11-B32.5",
            "count": 18,
            "created_time": "2025-02-10T20:28:35.178296Z",
            "yes_price": 13,
            "no_price": 87,
            "taker_side": "yes"
        },
        {
            "trade_id": "376e2812-6410-4b68-93a6-9ba4d27143ff",
            "ticker": "KXHIGHNY-25FEB11-B32.5",
            "count": 3,
            "created_time": "2025-02-10T20:28:35.178296Z",
            "yes_price": 13,
            "no_price": 87,
            "taker_side": "yes"
        },
        {
            "trade_id": "e0eb582e-e501-4beb-8463-a8305147f1a5",
            "ticker": "KXHIGHNY-25FEB11-B32.5",
            "count": 43,
            "created_time": "2025-02-10T20:21:58.826726Z",
            "yes_price": 8,
            "no_price": 92,
            "taker_side": "no"
        },
        {
            "trade_id": "9db7eec3-5f88-4161-9ec0-9f54e2a5beea",
            "ticker": "KXHIGHNY-25FEB11-B32.5",
            "count": 1,
            "created_time": "2025-02-10T20:21:58.826726Z",
            "yes_price": 8,
            "no_price": 92,
            "taker_side": "no"
        },
        {
            "trade_id": "6b9b4d34-6fc3-40b0-a82b-6b6d7c90933e",
            "ticker": "KXHIGHNY-25FEB11-B32.5",
            "count": 12,
            "created_time": "2025-02-10T20:21:58.826726Z",
            "yes_price": 8,
            "no_price": 92,
            "taker_side": "no"
        },
        {
            "trade_id": "5c3991f1-b319-4552-a11b-da2fe090f090",
            "ticker": "KXHIGHNY-25FEB11-B32.5",
            "count": 1000,
            "created_time": "2025-02-10T20:21:58.826726Z",
            "yes_price": 8,
            "no_price": 92,
            "taker_side": "no"
        },
        {
            "trade_id": "a7d4b2d6-f47c-4731-9a59-e19cad67bd13",
            "ticker": "KXHIGHNY-25FEB11-B32.5",
            "count": 1,
            "created_time": "2025-02-10T20:11:37.061007Z",
            "yes_price": 13,
            "no_price": 87,
            "taker_side": "yes"
        },
        {
            "trade_id": "567aa048-81d5-47f7-9e6e-8dcb3a19f73d",
            "ticker": "KXHIGHNY-25FEB11-B32.5",
            "count": 36,
            "created_time": "2025-02-10T17:41:10.636665Z",
            "yes_price": 13,
            "no_price": 87,
            "taker_side": "yes"
        },
        {
            "trade_id": "ff1852c5-de60-4482-bc41-1890bb0283ea",
            "ticker": "KXHIGHNY-25FEB11-B32.5",
            "count": 304,
            "created_time": "2025-02-10T17:33:44.544041Z",
            "yes_price": 13,
            "no_price": 87,
            "taker_side": "yes"
        }
    ],
    "KXHIGHNY-25FEB11-B34.5": [
        {
            "trade_id": "5212ebdf-cd66-4012-a367-68967ce01e14",
            "ticker": "KXHIGHNY-25FEB11-B34.5",
            "count": 1388,
            "created_time": "2025-02-12T04:58:38.822201Z",
            "yes_price": 99,
            "no_price": 1,
            "taker_side": "no"
        },
        {
            "trade_id": "da0dd5ac-dee7-4b72-8e27-ce8f20f79571",
            "ticker": "KXHIGHNY-25FEB11-B34.5",
            "count": 1373,
            "created_time": "2025-02-12T04:58:38.480613Z",
            "yes_price": 99,
            "no_price": 1,
            "taker_side": "no"
        },
        {
            "trade_id": "9d4deece-6fa2-48e6-8319-7516860ac191",
            "ticker": "KXHIGHNY-25FEB11-B34.5",
            "count": 627,
            "created_time": "2025-02-12T04:58:38.480613Z",
            "yes_price": 99,
            "no_price": 1,
            "taker_side": "no"
        },
        {
            "trade_id": "2d1e2126-c041-4982-992e-183ed6449d29",
            "ticker": "KXHIGHNY-25FEB11-B34.5",
            "count": 200,
            "created_time": "2025-02-12T04:58:37.283529Z",
            "yes_price": 99,
            "no_price": 1,
            "taker_side": "no"
        },
        {
            "trade_id": "72a70779-073f-4855-b370-6c3268e0c1bc",
            "ticker": "KXHIGHNY-25FEB11-B34.5",
            "count": 100,
            "created_time": "2025-02-12T04:58:24.496042Z",
            "yes_price": 99,
            "no_price": 1,
            "taker_side": "no"
        },
        {
            "trade_id": "f78c961c-e2ef-4c91-9d45-60478fa0f626",
            "ticker": "KXHIGHNY-25FEB11-B34.5",
            "count": 1000,
            "created_time": "2025-02-12T04:58:17.576289Z",
            "yes_price": 99,
            "no_price": 1,
            "taker_side": "no"
        },
        {
            "trade_id": "46f3f7e1-04ef-47b7-aa01-650d3595cfa2",
            "ticker": "KXHIGHNY-25FEB11-B34.5",
            "count": 65,
            "created_time": "2025-02-12T04:58:11.54637Z",
            "yes_price": 99,
            "no_price": 1,
            "taker_side": "no"
        },
        {
            "trade_id": "3b8092e8-257c-43d2-bc21-217592c65f47",
            "ticker": "KXHIGHNY-25FEB11-B34.5",
            "count": 738,
            "created_time": "2025-02-12T04:57:54.648257Z",
            "yes_price": 99,
            "no_price": 1,
            "taker_side": "no"
        },
        {
            "trade_id": "12b5497a-37e8-436e-8ddf-7568ff802dc0",
            "ticker": "KXHIGHNY-25FEB11-B34.5",
            "count": 262,
            "created_time": "2025-02-12T04:57:54.648257Z",
            "yes_price": 99,
            "no_price": 1,
            "taker_side": "no"
        },
        {
            "trade_id": "a010fc5d-34d0-4401-ac35-adeb2e246722",
            "ticker": "KXHIGHNY-25FEB11-B34.5",
            "count": 462,
            "created_time": "2025-02-12T04:57:32.33991Z",
            "yes_price": 99,
            "no_price": 1,
            "taker_side": "no"
        },
        {
            "trade_id": "3430beb0-c8b8-4f52-8b7d-1401141dbe93",
            "ticker": "KXHIGHNY-25FEB11-B34.5",
            "count": 555,
            "created_time": "2025-02-12T04:57:32.33991Z",
            "yes_price": 99,
            "no_price": 1,
            "taker_side": "no"
        },
        {
            "trade_id": "5c623f70-83b9-4b25-a133-4e02f246fa14",
            "ticker": "KXHIGHNY-25FEB11-B34.5",
            "count": 1000,
            "created_time": "2025-02-12T04:57:21.021692Z",
            "yes_price": 99,
            "no_price": 1,
            "taker_side": "no"
        },
        {
            "trade_id": "28b480b2-484c-41d8-af5e-1669fa479e42",
            "ticker": "KXHIGHNY-25FEB11-B34.5",
            "count": 1555,
            "created_time": "2025-02-12T04:57:04.887357Z",
            "yes_price": 99,
            "no_price": 1,
            "taker_side": "yes"
        },
        {
            "trade_id": "5e9534ae-4cb5-42ab-8f4d-2c852dce1b0e",
            "ticker": "KXHIGHNY-25FEB11-B34.5",
            "count": 934,
            "created_time": "2025-02-12T04:56:58.971689Z",
            "yes_price": 99,
            "no_price": 1,
            "taker_side": "no"
        },
        {
            "trade_id": "c4b2677c-6001-404a-8fe1-fa830805c5cd",
            "ticker": "KXHIGHNY-25FEB11-B34.5",
            "count": 67,
            "created_time": "2025-02-12T04:56:58.298965Z",
            "yes_price": 99,
            "no_price": 1,
            "taker_side": "no"
        },
        {
            "trade_id": "84d905c6-dfd3-4176-8527-76a1f70fb159",
            "ticker": "KXHIGHNY-25FEB11-B34.5",
            "count": 1388,
            "created_time": "2025-02-12T04:56:58.298965Z",
            "yes_price": 99,
            "no_price": 1,
            "taker_side": "no"
        },
        {
            "trade_id": "0b2ff305-2393-427f-aa7e-9fb2b9a0199c",
            "ticker": "KXHIGHNY-25FEB11-B34.5",
            "count": 100,
            "created_time": "2025-02-12T04:56:58.298965Z",
            "yes_price": 99,
            "no_price": 1,
            "taker_side": "no"
        },
        {
            "trade_id": "9321c31e-08cc-4358-bb9e-47598d689c77",
            "ticker": "KXHIGHNY-25FEB11-B34.5",
            "count": 145,
            "created_time": "2025-02-12T04:56:35.13626Z",
            "yes_price": 99,
            "no_price": 1,
            "taker_side": "no"
        },
        {
            "trade_id": "d8cce63b-fad1-419c-8c98-2b2fee8e8ffd",
            "ticker": "KXHIGHNY-25FEB11-B34.5",
            "count": 50,
            "created_time": "2025-02-12T04:56:27.180932Z",
            "yes_price": 98,
            "no_price": 2,
            "taker_side": "no"
        },
        {
            "trade_id": "bf6242b9-87a5-44e8-8e6e-e602315c8e64",
            "ticker": "KXHIGHNY-25FEB11-B34.5",
            "count": 238,
            "created_time": "2025-02-12T04:56:27.180932Z",
            "yes_price": 96,
            "no_price": 4,
            "taker_side": "no"
        },
        {
            "trade_id": "ac7365a8-e7fe-4857-b7f3-337092d275ae",
            "ticker": "KXHIGHNY-25FEB11-B34.5",
            "count": 100,
            "created_time": "2025-02-12T04:56:27.180932Z",
            "yes_price": 96,
            "no_price": 4,
            "taker_side": "no"
        },
        {
            "trade_id": "37afd44f-7917-4539-94ef-3e792f978469",
            "ticker": "KXHIGHNY-25FEB11-B34.5",
            "count": 500,
            "created_time": "2025-02-12T04:56:27.180932Z",
            "yes_price": 96,
            "no_price": 4,
            "taker_side": "no"
        },
        {
            "trade_id": "0dfea614-967a-45a1-9d50-277c05c441c4",
            "ticker": "KXHIGHNY-25FEB11-B34.5",
            "count": 500,
            "created_time": "2025-02-12T04:56:27.180932Z",
            "yes_price": 99,
            "no_price": 1,
            "taker_side": "no"
        },
        {
            "trade_id": "d8fd2f8c-bf91-4717-82f6-0ab01d663177",
            "ticker": "KXHIGHNY-25FEB11-B34.5",
            "count": 2000,
            "created_time": "2025-02-12T04:56:11.374074Z",
            "yes_price": 98,
            "no_price": 2,
            "taker_side": "yes"
        },
        {
            "trade_id": "8d6216c4-06bc-4728-9fa5-18608ec91796",
            "ticker": "KXHIGHNY-25FEB11-B34.5",
            "count": 2000,
            "created_time": "2025-02-12T04:56:11.374074Z",
            "yes_price": 99,
            "no_price": 1,
            "taker_side": "yes"
        },
        {
            "trade_id": "42582c3a-99d7-495a-975a-0da33eada08c",
            "ticker": "KXHIGHNY-25FEB11-B34.5",
            "count": 750,
            "created_time": "2025-02-12T04:56:11.374074Z",
            "yes_price": 98,
            "no_price": 2,
            "taker_side": "yes"
        },
        {
            "trade_id": "340b9455-82d3-432b-8de9-a79219c14645",
            "ticker": "KXHIGHNY-25FEB11-B34.5",
            "count": 103,
            "created_time": "2025-02-12T04:56:11.374074Z",
            "yes_price": 99,
            "no_price": 1,
            "taker_side": "yes"
        },
        {
            "trade_id": "321496e6-b459-47e0-9de3-dbd4d5d82cf3",
            "ticker": "KXHIGHNY-25FEB11-B34.5",
            "count": 100,
            "created_time": "2025-02-12T04:56:11.374074Z",
            "yes_price": 99,
            "no_price": 1,
            "taker_side": "yes"
        },
        {
            "trade_id": "30e87e68-5255-4c30-b54a-b8723ab1eec7",
            "ticker": "KXHIGHNY-25FEB11-B34.5",
            "count": 1000,
            "created_time": "2025-02-12T04:56:11.374074Z",
            "yes_price": 99,
            "no_price": 1,
            "taker_side": "yes"
        },
        {
            "trade_id": "0d087e39-465d-4821-aab7-1eeb5f89d50e",
            "ticker": "KXHIGHNY-25FEB11-B34.5",
            "count": 100,
            "created_time": "2025-02-12T04:56:11.374074Z",
            "yes_price": 98,
            "no_price": 2,
            "taker_side": "yes"
        },
        {
            "trade_id": "08793eba-37ca-4e71-80f6-2e5b3ba7f8a1",
            "ticker": "KXHIGHNY-25FEB11-B34.5",
            "count": 403,
            "created_time": "2025-02-12T04:56:11.374074Z",
            "yes_price": 97,
            "no_price": 3,
            "taker_side": "yes"
        },
        {
            "trade_id": "0434ba5e-df33-4dcb-bdf1-6758a6cc3c90",
            "ticker": "KXHIGHNY-25FEB11-B34.5",
            "count": 114,
            "created_time": "2025-02-12T04:56:11.374074Z",
            "yes_price": 99,
            "no_price": 1,
            "taker_side": "yes"
        },
        {
            "trade_id": "bc8e8b74-0547-4a04-aa71-b415cd18e88a",
            "ticker": "KXHIGHNY-25FEB11-B34.5",
            "count": 361,
            "created_time": "2025-02-12T04:56:06.28115Z",
            "yes_price": 96,
            "no_price": 4,
            "taker_side": "yes"
        },
        {
            "trade_id": "b234eb93-1e4e-49ce-96c2-f54dbef63083",
            "ticker": "KXHIGHNY-25FEB11-B34.5",
            "count": 925,
            "created_time": "2025-02-12T04:56:06.28115Z",
            "yes_price": 92,
            "no_price": 8,
            "taker_side": "yes"
        },
        {
            "trade_id": "80ed4865-2a8f-4f62-9650-cb1f44778369",
            "ticker": "KXHIGHNY-25FEB11-B34.5",
            "count": 1,
            "created_time": "2025-02-12T04:56:06.28115Z",
            "yes_price": 91,
            "no_price": 9,
            "taker_side": "yes"
        },
        {
            "trade_id": "67a9d6e0-d799-449a-b3d9-e757e7ed1826",
            "ticker": "KXHIGHNY-25FEB11-B34.5",
            "count": 1,
            "created_time": "2025-02-12T04:56:06.28115Z",
            "yes_price": 93,
            "no_price": 7,
            "taker_side": "yes"
        },
        {
            "trade_id": "1cba39dc-a9be-4ced-9ab4-a88160aeaded",
            "ticker": "KXHIGHNY-25FEB11-B34.5",
            "count": 100,
            "created_time": "2025-02-12T04:56:06.28115Z",
            "yes_price": 93,
            "no_price": 7,
            "taker_side": "yes"
        },
        {
            "trade_id": "3fe754d4-7976-43fc-93a6-29e016d73510",
            "ticker": "KXHIGHNY-25FEB11-B34.5",
            "count": 2,
            "created_time": "2025-02-12T04:55:37.803667Z",
            "yes_price": 91,
            "no_price": 9,
            "taker_side": "yes"
        },
        {
            "trade_id": "b6596d2c-8726-4614-9597-c99a7e950cc9",
            "ticker": "KXHIGHNY-25FEB11-B34.5",
            "count": 1,
            "created_time": "2025-02-12T04:55:21.529468Z",
            "yes_price": 85,
            "no_price": 15,
            "taker_side": "no"
        },
        {
            "trade_id": "de46e8f4-039b-44c9-9acb-e025f2206ed8",
            "ticker": "KXHIGHNY-25FEB11-B34.5",
            "count": 1,
            "created_time": "2025-02-12T04:54:53.176032Z",
            "yes_price": 92,
            "no_price": 8,
            "taker_side": "yes"
        },
        {
            "trade_id": "1faf8a4e-daea-4976-9010-ee8ec73eaf23",
            "ticker": "KXHIGHNY-25FEB11-B34.5",
            "count": 2,
            "created_time": "2025-02-12T04:51:58.349516Z",
            "yes_price": 86,
            "no_price": 14,
            "taker_side": "no"
        },
        {
            "trade_id": "e4623f23-af8f-45bc-958d-75a69dc12613",
            "ticker": "KXHIGHNY-25FEB11-B34.5",
            "count": 1,
            "created_time": "2025-02-12T04:51:42.51275Z",
            "yes_price": 89,
            "no_price": 11,
            "taker_side": "yes"
        },
        {
            "trade_id": "ae26aa84-d4c6-46b2-821f-8be612304497",
            "ticker": "KXHIGHNY-25FEB11-B34.5",
            "count": 149,
            "created_time": "2025-02-12T04:51:42.51275Z",
            "yes_price": 91,
            "no_price": 9,
            "taker_side": "yes"
        },
        {
            "trade_id": "7eb8584c-75a3-47c5-849b-e092881f32e4",
            "ticker": "KXHIGHNY-25FEB11-B34.5",
            "count": 300,
            "created_time": "2025-02-12T04:51:42.51275Z",
            "yes_price": 90,
            "no_price": 10,
            "taker_side": "yes"
        },
        {
            "trade_id": "6c090737-6513-48f4-9ff3-2b84fe552145",
            "ticker": "KXHIGHNY-25FEB11-B34.5",
            "count": 50,
            "created_time": "2025-02-12T04:51:42.51275Z",
            "yes_price": 90,
            "no_price": 10,
            "taker_side": "yes"
        },
        {
            "trade_id": "5fb971ac-3df9-4a36-add5-a9f9c3552805",
            "ticker": "KXHIGHNY-25FEB11-B34.5",
            "count": 61,
            "created_time": "2025-02-12T04:51:42.51275Z",
            "yes_price": 92,
            "no_price": 8,
            "taker_side": "yes"
        },
        {
            "trade_id": "c11d4286-0f4a-4400-ac80-76d09b0df3b8",
            "ticker": "KXHIGHNY-25FEB11-B34.5",
            "count": 50,
            "created_time": "2025-02-12T04:49:40.638933Z",
            "yes_price": 90,
            "no_price": 10,
            "taker_side": "no"
        },
        {
            "trade_id": "903ec4d5-1183-4166-b005-b65e39f5c378",
            "ticker": "KXHIGHNY-25FEB11-B34.5",
            "count": 100,
            "created_time": "2025-02-12T04:49:40.638933Z",
            "yes_price": 90,
            "no_price": 10,
            "taker_side": "no"
        },
        {
            "trade_id": "7e9bcb44-e638-4d94-9010-5368a0ddc5b0",
            "ticker": "KXHIGHNY-25FEB11-B34.5",
            "count": 300,
            "created_time": "2025-02-12T04:49:40.638933Z",
            "yes_price": 89,
            "no_price": 11,
            "taker_side": "no"
        },
        {
            "trade_id": "43485eee-eb2d-447a-a1d4-7062f90f275f",
            "ticker": "KXHIGHNY-25FEB11-B34.5",
            "count": 100,
            "created_time": "2025-02-12T04:49:40.638933Z",
            "yes_price": 89,
            "no_price": 11,
            "taker_side": "no"
        },
        {
            "trade_id": "03ef429c-f3cd-4f09-8f34-ef396206cb4c",
            "ticker": "KXHIGHNY-25FEB11-B34.5",
            "count": 349,
            "created_time": "2025-02-12T04:47:34.577037Z",
            "yes_price": 91,
            "no_price": 9,
            "taker_side": "yes"
        },
        {
            "trade_id": "0fbffb88-33a4-4e03-b998-7b62dddb7e21",
            "ticker": "KXHIGHNY-25FEB11-B34.5",
            "count": 2,
            "created_time": "2025-02-12T04:46:24.023659Z",
            "yes_price": 91,
            "no_price": 9,
            "taker_side": "yes"
        },
        {
            "trade_id": "205ba587-baa4-4c01-a3e8-3a1936d740ae",
            "ticker": "KXHIGHNY-25FEB11-B34.5",
            "count": 1,
            "created_time": "2025-02-12T04:43:29.103603Z",
            "yes_price": 91,
            "no_price": 9,
            "taker_side": "yes"
        },
        {
            "trade_id": "43c2a768-2e13-4884-b73a-ceb1e6c92981",
            "ticker": "KXHIGHNY-25FEB11-B34.5",
            "count": 10,
            "created_time": "2025-02-12T04:39:36.2203Z",
            "yes_price": 91,
            "no_price": 9,
            "taker_side": "yes"
        },
        {
            "trade_id": "1d8f81f5-1a74-4e12-b5d7-b27a5a63be33",
            "ticker": "KXHIGHNY-25FEB11-B34.5",
            "count": 109,
            "created_time": "2025-02-12T04:38:26.621719Z",
            "yes_price": 91,
            "no_price": 9,
            "taker_side": "yes"
        },
        {
            "trade_id": "7e771586-925c-4f0c-b675-2a6c73074f55",
            "ticker": "KXHIGHNY-25FEB11-B34.5",
            "count": 109,
            "created_time": "2025-02-12T04:38:19.498066Z",
            "yes_price": 91,
            "no_price": 9,
            "taker_side": "yes"
        },
        {
            "trade_id": "7c277244-df4e-4655-b16d-2d18417e5ade",
            "ticker": "KXHIGHNY-25FEB11-B34.5",
            "count": 43,
            "created_time": "2025-02-12T04:35:40.188601Z",
            "yes_price": 91,
            "no_price": 9,
            "taker_side": "yes"
        },
        {
            "trade_id": "555f164c-dbc0-486d-b74e-a597ebdd1c10",
            "ticker": "KXHIGHNY-25FEB11-B34.5",
            "count": 1,
            "created_time": "2025-02-12T04:32:14.680553Z",
            "yes_price": 91,
            "no_price": 9,
            "taker_side": "yes"
        },
        {
            "trade_id": "601fc7e6-b5d9-4e74-8c42-0da8afb13564",
            "ticker": "KXHIGHNY-25FEB11-B34.5",
            "count": 3,
            "created_time": "2025-02-12T04:31:05.336776Z",
            "yes_price": 91,
            "no_price": 9,
            "taker_side": "yes"
        },
        {
            "trade_id": "3aee29ab-c418-46eb-8295-2c2415b22a9b",
            "ticker": "KXHIGHNY-25FEB11-B34.5",
            "count": 1,
            "created_time": "2025-02-12T04:31:05.336776Z",
            "yes_price": 91,
            "no_price": 9,
            "taker_side": "yes"
        },
        {
            "trade_id": "a5edeb28-6bb2-4c0a-9dfb-fe8bba311f91",
            "ticker": "KXHIGHNY-25FEB11-B34.5",
            "count": 50,
            "created_time": "2025-02-12T04:28:03.686947Z",
            "yes_price": 91,
            "no_price": 9,
            "taker_side": "yes"
        },
        {
            "trade_id": "3d70974e-6bfd-40b0-94a3-a140405b01bb",
            "ticker": "KXHIGHNY-25FEB11-B34.5",
            "count": 1,
            "created_time": "2025-02-12T04:28:03.686947Z",
            "yes_price": 90,
            "no_price": 10,
            "taker_side": "yes"
        },
        {
            "trade_id": "113c6082-186a-49e1-9719-f92813f808b8",
            "ticker": "KXHIGHNY-25FEB11-B34.5",
            "count": 13,
            "created_time": "2025-02-12T04:28:03.686947Z",
            "yes_price": 92,
            "no_price": 8,
            "taker_side": "yes"
        },
        {
            "trade_id": "390b55e8-5e27-4e19-84f9-70648b4464c6",
            "ticker": "KXHIGHNY-25FEB11-B34.5",
            "count": 32,
            "created_time": "2025-02-12T04:26:34.640559Z",
            "yes_price": 86,
            "no_price": 14,
            "taker_side": "no"
        },
        {
            "trade_id": "5b60e51c-6b79-4981-b10e-f11d77f7d44a",
            "ticker": "KXHIGHNY-25FEB11-B34.5",
            "count": 436,
            "created_time": "2025-02-12T04:25:23.193177Z",
            "yes_price": 91,
            "no_price": 9,
            "taker_side": "yes"
        },
        {
            "trade_id": "9160a8e0-92c7-490b-a04d-a95f7cfd915d",
            "ticker": "KXHIGHNY-25FEB11-B34.5",
            "count": 2,
            "created_time": "2025-02-12T04:24:28.253143Z",
            "yes_price": 91,
            "no_price": 9,
            "taker_side": "yes"
        },
        {
            "trade_id": "82ebf579-fd45-481b-bc40-c7f87aff1d33",
            "ticker": "KXHIGHNY-25FEB11-B34.5",
            "count": 70,
            "created_time": "2025-02-12T04:20:11.947179Z",
            "yes_price": 85,
            "no_price": 15,
            "taker_side": "no"
        },
        {
            "trade_id": "9783b035-e928-48d1-a074-8d604986e64f",
            "ticker": "KXHIGHNY-25FEB11-B34.5",
            "count": 33,
            "created_time": "2025-02-12T04:19:16.730558Z",
            "yes_price": 86,
            "no_price": 14,
            "taker_side": "no"
        },
        {
            "trade_id": "e4e586ae-8ece-47b0-b3ce-47f30e198cc2",
            "ticker": "KXHIGHNY-25FEB11-B34.5",
            "count": 63,
            "created_time": "2025-02-12T04:17:38.203679Z",
            "yes_price": 91,
            "no_price": 9,
            "taker_side": "yes"
        },
        {
            "trade_id": "aad37da1-9ffc-4b4f-a9a2-8a08da79617e",
            "ticker": "KXHIGHNY-25FEB11-B34.5",
            "count": 770,
            "created_time": "2025-02-12T04:14:44.370883Z",
            "yes_price": 90,
            "no_price": 10,
            "taker_side": "yes"
        },
        {
            "trade_id": "934168e9-413e-4f69-b797-c0b719fd065e",
            "ticker": "KXHIGHNY-25FEB11-B34.5",
            "count": 268,
            "created_time": "2025-02-12T04:14:44.370883Z",
            "yes_price": 93,
            "no_price": 7,
            "taker_side": "yes"
        },
        {
            "trade_id": "5c4faaa0-bdc3-4978-9017-44701e4a4e34",
            "ticker": "KXHIGHNY-25FEB11-B34.5",
            "count": 50,
            "created_time": "2025-02-12T04:14:44.370883Z",
            "yes_price": 91,
            "no_price": 9,
            "taker_side": "yes"
        },
        {
            "trade_id": "68876b96-f8ec-4079-b623-4757f9389970",
            "ticker": "KXHIGHNY-25FEB11-B34.5",
            "count": 158,
            "created_time": "2025-02-12T04:12:20.261197Z",
            "yes_price": 89,
            "no_price": 11,
            "taker_side": "yes"
        },
        {
            "trade_id": "0ae1591b-cf79-4078-9af6-7a2234d0fa61",
            "ticker": "KXHIGHNY-25FEB11-B34.5",
            "count": 6,
            "created_time": "2025-02-12T04:11:53.286088Z",
            "yes_price": 89,
            "no_price": 11,
            "taker_side": "yes"
        },
        {
            "trade_id": "c2aea833-fb99-4c3a-97f5-7186a619863e",
            "ticker": "KXHIGHNY-25FEB11-B34.5",
            "count": 75,
            "created_time": "2025-02-12T04:11:14.514508Z",
            "yes_price": 85,
            "no_price": 15,
            "taker_side": "no"
        },
        {
            "trade_id": "40b6b8f9-d29b-4bc5-b778-7f75e176ceb8",
            "ticker": "KXHIGHNY-25FEB11-B34.5",
            "count": 125,
            "created_time": "2025-02-12T04:10:16.517753Z",
            "yes_price": 85,
            "no_price": 15,
            "taker_side": "no"
        },
        {
            "trade_id": "c992a345-d80d-4ee3-871b-79d0dc9788c4",
            "ticker": "KXHIGHNY-25FEB11-B34.5",
            "count": 5,
            "created_time": "2025-02-12T04:10:01.841149Z",
            "yes_price": 87,
            "no_price": 13,
            "taker_side": "no"
        },
        {
            "trade_id": "2e91beaa-0bae-4e7c-a9db-527692393c55",
            "ticker": "KXHIGHNY-25FEB11-B34.5",
            "count": 50,
            "created_time": "2025-02-12T04:10:01.841149Z",
            "yes_price": 87,
            "no_price": 13,
            "taker_side": "no"
        },
        {
            "trade_id": "7262fd74-f418-4ce5-848b-f98117a2c7e3",
            "ticker": "KXHIGHNY-25FEB11-B34.5",
            "count": 100,
            "created_time": "2025-02-12T04:08:37.938264Z",
            "yes_price": 87,
            "no_price": 13,
            "taker_side": "no"
        },
        {
            "trade_id": "222cb77c-0172-4635-8955-402de64f76ae",
            "ticker": "KXHIGHNY-25FEB11-B34.5",
            "count": 400,
            "created_time": "2025-02-12T04:08:37.938264Z",
            "yes_price": 87,
            "no_price": 13,
            "taker_side": "no"
        },
        {
            "trade_id": "60fbfed4-996e-4a71-92e4-46227f1841ed",
            "ticker": "KXHIGHNY-25FEB11-B34.5",
            "count": 5,
            "created_time": "2025-02-12T04:07:02.942939Z",
            "yes_price": 89,
            "no_price": 11,
            "taker_side": "yes"
        },
        {
            "trade_id": "e38bad7b-bf15-4743-864c-db630052284a",
            "ticker": "KXHIGHNY-25FEB11-B34.5",
            "count": 50,
            "created_time": "2025-02-12T04:06:23.726681Z",
            "yes_price": 88,
            "no_price": 12,
            "taker_side": "no"
        },
        {
            "trade_id": "f1990a13-8e48-48ad-b215-c1808d26f2f5",
            "ticker": "KXHIGHNY-25FEB11-B34.5",
            "count": 1,
            "created_time": "2025-02-12T04:03:07.843107Z",
            "yes_price": 89,
            "no_price": 11,
            "taker_side": "yes"
        },
        {
            "trade_id": "4e4702a1-bdbd-494b-8dd9-562aae4795ae",
            "ticker": "KXHIGHNY-25FEB11-B34.5",
            "count": 10,
            "created_time": "2025-02-12T04:03:07.843107Z",
            "yes_price": 90,
            "no_price": 10,
            "taker_side": "yes"
        },
        {
            "trade_id": "e6d01e47-6d81-410c-834f-ef514a0d9af2",
            "ticker": "KXHIGHNY-25FEB11-B34.5",
            "count": 34,
            "created_time": "2025-02-12T04:00:33.720496Z",
            "yes_price": 92,
            "no_price": 8,
            "taker_side": "yes"
        },
        {
            "trade_id": "ddc8d1d2-7b60-411c-abb3-cc502e803b04",
            "ticker": "KXHIGHNY-25FEB11-B34.5",
            "count": 1,
            "created_time": "2025-02-12T04:00:33.720496Z",
            "yes_price": 90,
            "no_price": 10,
            "taker_side": "yes"
        },
        {
            "trade_id": "50ce54a9-977a-42c8-a286-4707c77a8315",
            "ticker": "KXHIGHNY-25FEB11-B34.5",
            "count": 10,
            "created_time": "2025-02-12T04:00:33.720496Z",
            "yes_price": 92,
            "no_price": 8,
            "taker_side": "yes"
        },
        {
            "trade_id": "eea74c90-7718-4bd9-a94c-69350981ca0a",
            "ticker": "KXHIGHNY-25FEB11-B34.5",
            "count": 11,
            "created_time": "2025-02-12T03:59:50.155545Z",
            "yes_price": 86,
            "no_price": 14,
            "taker_side": "no"
        },
        {
            "trade_id": "28975f11-7715-4de2-ba5b-b06ff20dcf0c",
            "ticker": "KXHIGHNY-25FEB11-B34.5",
            "count": 1,
            "created_time": "2025-02-12T03:59:50.155545Z",
            "yes_price": 86,
            "no_price": 14,
            "taker_side": "no"
        },
        {
            "trade_id": "ed9b9535-cdfe-4484-9fd3-0a23a11c7778",
            "ticker": "KXHIGHNY-25FEB11-B34.5",
            "count": 401,
            "created_time": "2025-02-12T03:54:26.492701Z",
            "yes_price": 93,
            "no_price": 7,
            "taker_side": "yes"
        },
        {
            "trade_id": "cffaf99b-5a7e-40c2-b114-19642ed9667d",
            "ticker": "KXHIGHNY-25FEB11-B34.5",
            "count": 10,
            "created_time": "2025-02-12T03:54:26.492701Z",
            "yes_price": 89,
            "no_price": 11,
            "taker_side": "yes"
        },
        {
            "trade_id": "c7e46246-4ca0-4a12-a142-537ca9f2d6c0",
            "ticker": "KXHIGHNY-25FEB11-B34.5",
            "count": 2639,
            "created_time": "2025-02-12T03:54:26.492701Z",
            "yes_price": 96,
            "no_price": 4,
            "taker_side": "yes"
        },
        {
            "trade_id": "be38a612-efb7-4fe7-98d2-af8615159400",
            "ticker": "KXHIGHNY-25FEB11-B34.5",
            "count": 500,
            "created_time": "2025-02-12T03:54:26.492701Z",
            "yes_price": 95,
            "no_price": 5,
            "taker_side": "yes"
        },
        {
            "trade_id": "b57ca360-0ed1-4fe8-918e-839f948fad55",
            "ticker": "KXHIGHNY-25FEB11-B34.5",
            "count": 20,
            "created_time": "2025-02-12T03:54:26.492701Z",
            "yes_price": 95,
            "no_price": 5,
            "taker_side": "yes"
        },
        {
            "trade_id": "b456655a-990d-41cc-95b7-c300eeda751a",
            "ticker": "KXHIGHNY-25FEB11-B34.5",
            "count": 500,
            "created_time": "2025-02-12T03:54:26.492701Z",
            "yes_price": 95,
            "no_price": 5,
            "taker_side": "yes"
        },
        {
            "trade_id": "a6274865-3ffb-413b-80f4-a2e9b07a8bd0",
            "ticker": "KXHIGHNY-25FEB11-B34.5",
            "count": 10,
            "created_time": "2025-02-12T03:54:26.492701Z",
            "yes_price": 88,
            "no_price": 12,
            "taker_side": "yes"
        },
        {
            "trade_id": "a48df0ac-fc32-4cd7-95ae-385a7ebebf7a",
            "ticker": "KXHIGHNY-25FEB11-B34.5",
            "count": 10,
            "created_time": "2025-02-12T03:54:26.492701Z",
            "yes_price": 93,
            "no_price": 7,
            "taker_side": "yes"
        },
        {
            "trade_id": "934570a5-433c-4c60-b91b-26b2640cb646",
            "ticker": "KXHIGHNY-25FEB11-B34.5",
            "count": 10,
            "created_time": "2025-02-12T03:54:26.492701Z",
            "yes_price": 94,
            "no_price": 6,
            "taker_side": "yes"
        },
        {
            "trade_id": "8747155b-433e-479b-836c-fa64306b0989",
            "ticker": "KXHIGHNY-25FEB11-B34.5",
            "count": 15,
            "created_time": "2025-02-12T03:54:26.492701Z",
            "yes_price": 91,
            "no_price": 9,
            "taker_side": "yes"
        },
        {
            "trade_id": "6ee73676-8cf3-4383-a379-cbd966e5a0f8",
            "ticker": "KXHIGHNY-25FEB11-B34.5",
            "count": 10,
            "created_time": "2025-02-12T03:54:26.492701Z",
            "yes_price": 90,
            "no_price": 10,
            "taker_side": "yes"
        },
        {
            "trade_id": "6dfd8455-3379-4bd2-b798-87a4c7a2c0d4",
            "ticker": "KXHIGHNY-25FEB11-B34.5",
            "count": 10,
            "created_time": "2025-02-12T03:54:26.492701Z",
            "yes_price": 92,
            "no_price": 8,
            "taker_side": "yes"
        },
        {
            "trade_id": "6349d3cc-1f6b-47e3-a08b-18b5051d18d5",
            "ticker": "KXHIGHNY-25FEB11-B34.5",
            "count": 119,
            "created_time": "2025-02-12T03:54:26.492701Z",
            "yes_price": 88,
            "no_price": 12,
            "taker_side": "yes"
        },
        {
            "trade_id": "4f9bb722-3690-4c32-967c-5da0873f28d3",
            "ticker": "KXHIGHNY-25FEB11-B34.5",
            "count": 400,
            "created_time": "2025-02-12T03:54:26.492701Z",
            "yes_price": 92,
            "no_price": 8,
            "taker_side": "yes"
        },
        {
            "trade_id": "4218c38a-a54b-4e2b-9619-0c3c20d9f01c",
            "ticker": "KXHIGHNY-25FEB11-B34.5",
            "count": 350,
            "created_time": "2025-02-12T03:54:26.492701Z",
            "yes_price": 91,
            "no_price": 9,
            "taker_side": "yes"
        },
        {
            "trade_id": "275d6d04-1a3b-490d-95bb-9d21ee54ca7c",
            "ticker": "KXHIGHNY-25FEB11-B34.5",
            "count": 1000,
            "created_time": "2025-02-12T03:54:26.492701Z",
            "yes_price": 94,
            "no_price": 6,
            "taker_side": "yes"
        },
        {
            "trade_id": "0232bfdb-a434-4ccd-be0d-52de82add05a",
            "ticker": "KXHIGHNY-25FEB11-B34.5",
            "count": 10,
            "created_time": "2025-02-12T03:54:26.492701Z",
            "yes_price": 91,
            "no_price": 9,
            "taker_side": "yes"
        },
        {
            "trade_id": "b8804bf9-910e-4060-bd6e-d7a70181c358",
            "ticker": "KXHIGHNY-25FEB11-B34.5",
            "count": 27,
            "created_time": "2025-02-12T03:53:47.961596Z",
            "yes_price": 88,
            "no_price": 12,
            "taker_side": "yes"
        },
        {
            "trade_id": "db84bde3-5953-46f7-91d7-f9c5a31b711b",
            "ticker": "KXHIGHNY-25FEB11-B34.5",
            "count": 8,
            "created_time": "2025-02-12T03:53:19.815559Z",
            "yes_price": 87,
            "no_price": 13,
            "taker_side": "no"
        },
        {
            "trade_id": "1a292f31-fbd1-4964-9139-bcfd7d07b2f1",
            "ticker": "KXHIGHNY-25FEB11-B34.5",
            "count": 10,
            "created_time": "2025-02-12T03:53:19.592809Z",
            "yes_price": 87,
            "no_price": 13,
            "taker_side": "no"
        },
        {
            "trade_id": "ef100f98-1f9d-4c65-8ba9-418ecf67fbb4",
            "ticker": "KXHIGHNY-25FEB11-B34.5",
            "count": 10,
            "created_time": "2025-02-12T03:53:19.405027Z",
            "yes_price": 87,
            "no_price": 13,
            "taker_side": "no"
        },
        {
            "trade_id": "76e56492-dd55-4070-919e-7c8f45c25cf9",
            "ticker": "KXHIGHNY-25FEB11-B34.5",
            "count": 13,
            "created_time": "2025-02-12T03:53:19.188064Z",
            "yes_price": 87,
            "no_price": 13,
            "taker_side": "no"
        },
        {
            "trade_id": "1391eced-bd6e-4b7a-96f3-268dcdaa9c74",
            "ticker": "KXHIGHNY-25FEB11-B34.5",
            "count": 5,
            "created_time": "2025-02-12T03:53:19.01417Z",
            "yes_price": 87,
            "no_price": 13,
            "taker_side": "no"
        },
        {
            "trade_id": "5f922039-3a3c-4e34-b074-2a3ebc9ce835",
            "ticker": "KXHIGHNY-25FEB11-B34.5",
            "count": 4,
            "created_time": "2025-02-12T03:53:18.962124Z",
            "yes_price": 87,
            "no_price": 13,
            "taker_side": "no"
        },
        {
            "trade_id": "d44c04ab-fa17-4970-86c1-b0f09ef169f7",
            "ticker": "KXHIGHNY-25FEB11-B34.5",
            "count": 9,
            "created_time": "2025-02-12T03:52:46.011342Z",
            "yes_price": 85,
            "no_price": 15,
            "taker_side": "yes"
        },
        {
            "trade_id": "d2d68bcf-3d2c-4efa-ba43-06cf8d971ff9",
            "ticker": "KXHIGHNY-25FEB11-B34.5",
            "count": 10,
            "created_time": "2025-02-12T03:52:46.011342Z",
            "yes_price": 86,
            "no_price": 14,
            "taker_side": "yes"
        },
        {
            "trade_id": "ac6565ff-3b58-4d86-a2ad-b8be3692f860",
            "ticker": "KXHIGHNY-25FEB11-B34.5",
            "count": 10,
            "created_time": "2025-02-12T03:52:46.011342Z",
            "yes_price": 87,
            "no_price": 13,
            "taker_side": "yes"
        },
        {
            "trade_id": "10360fd7-029f-4746-b914-e3dc6eb7e884",
            "ticker": "KXHIGHNY-25FEB11-B34.5",
            "count": 84,
