{
    "KXHIGHNY-25JAN27-T34": [
        {
            "trade_id": "aaf859ce-299d-432b-8498-68b002f9db92",
            "ticker": "KXHIGHNY-25JAN27-T34",
            "count": 10,
            "created_time": "2025-01-27T23:05:33.545887Z",
            "yes_price": 1,
            "no_price": 99,
            "taker_side": "yes"
        },
        {
            "trade_id": "902fe6ef-9725-437f-bb95-eebdf0c3396f",
            "ticker": "KXHIGHNY-25JAN27-T34",
            "count": 457,
            "created_time": "2025-01-27T23:05:33.545887Z",
            "yes_price": 1,
            "no_price": 99,
            "taker_side": "yes"
        },
        {
            "trade_id": "f9ee09b8-8fc4-4b53-a1e9-36df8377bdee",
            "ticker": "KXHIGHNY-25JAN27-T34",
            "count": 6,
            "created_time": "2025-01-27T01:35:32.347292Z",
            "yes_price": 1,
            "no_price": 99,
            "taker_side": "yes"
        }
    ],
    "KXHIGHNY-25JAN27-B34.5": [
        {
            "trade_id": "58f89952-0fbe-488e-8be8-534594b4e416",
            "ticker": "KXHIGHNY-25JAN27-B34.5",
            "count": 18,
            "created_time": "2025-01-27T02:38:33.30218Z",
            "yes_price": 1,
            "no_price": 99,
            "taker_side": "yes"
        },
        {
            "trade_id": "25c2f0d3-4969-4c4c-b806-af968629cae0",
            "ticker": "KXHIGHNY-25JAN27-B34.5",
            "count": 10,
            "created_time": "2025-01-27T01:34:52.459071Z",
            "yes_price": 1,
            "no_price": 99,
            "taker_side": "yes"
        },
        {
            "trade_id": "1cb97fa7-1f54-4b80-8b84-13f025a5f693",
            "ticker": "KXHIGHNY-25JAN27-B34.5",
            "count": 93,
            "created_time": "2025-01-26T23:21:10.944928Z",
            "yes_price": 1,
            "no_price": 99,
            "taker_side": "yes"
        },
        {
            "trade_id": "03c9cbee-00fa-4697-b4ec-4c671d8a61e2",
            "ticker": "KXHIGHNY-25JAN27-B34.5",
            "count": 50,
            "created_time": "2025-01-26T21:47:04.802214Z",
            "yes_price": 1,
            "no_price": 99,
            "taker_side": "yes"
        },
        {
            "trade_id": "73d0cbbf-ac9b-4f78-bfcc-f8d6910a760b",
            "ticker": "KXHIGHNY-25JAN27-B34.5",
            "count": 50,
            "created_time": "2025-01-26T21:40:38.573116Z",
            "yes_price": 1,
            "no_price": 99,
            "taker_side": "no"
        },
        {
            "trade_id": "b42d8c8e-c75b-4562-9948-08eb66523544",
            "ticker": "KXHIGHNY-25JAN27-B34.5",
            "count": 50,
            "created_time": "2025-01-26T18:38:35.037448Z",
            "yes_price": 4,
            "no_price": 96,
            "taker_side": "yes"
        }
    ],
    "KXHIGHNY-25JAN27-B36.5": [
        {
            "trade_id": "5a344bce-c3e7-40c1-a8ac-83fd6bdb609c",
            "ticker": "KXHIGHNY-25JAN27-B36.5",
            "count": 1,
            "created_time": "2025-01-28T01:13:47.933962Z",
            "yes_price": 1,
            "no_price": 99,
            "taker_side": "yes"
        },
        {
            "trade_id": "20a6f16e-f52e-494b-baf8-7c0c0c46b757",
            "ticker": "KXHIGHNY-25JAN27-B36.5",
            "count": 1,
            "created_time": "2025-01-27T18:17:02.091499Z",
            "yes_price": 1,
            "no_price": 99,
            "taker_side": "yes"
        },
        {
            "trade_id": "3f47f742-1c89-4097-b85b-902e9ce73a9c",
            "ticker": "KXHIGHNY-25JAN27-B36.5",
            "count": 1,
            "created_time": "2025-01-27T18:01:39.191596Z",
            "yes_price": 1,
            "no_price": 99,
            "taker_side": "yes"
        },
        {
            "trade_id": "ef19233a-1e73-4b6e-9ca4-b5e6676a60b9",
            "ticker": "KXHIGHNY-25JAN27-B36.5",
            "count": 5,
            "created_time": "2025-01-27T17:47:02.476381Z",
            "yes_price": 2,
            "no_price": 98,
            "taker_side": "yes"
        },
        {
            "trade_id": "5d21a197-4a11-44c5-9b7d-93f5664e4e35",
            "ticker": "KXHIGHNY-25JAN27-B36.5",
            "count": 45,
            "created_time": "2025-01-27T17:47:02.476381Z",
            "yes_price": 3,
            "no_price": 97,
            "taker_side": "yes"
        },
        {
            "trade_id": "c00f8367-0df5-4b10-8af3-18c35f80f59d",
            "ticker": "KXHIGHNY-25JAN27-B36.5",
            "count": 250,
            "created_time": "2025-01-27T17:45:10.296199Z",
            "yes_price": 1,
            "no_price": 99,
            "taker_side": "yes"
        },
        {
            "trade_id": "a924f2d6-6a53-4958-b8b2-cfd8ef62b5a7",
            "ticker": "KXHIGHNY-25JAN27-B36.5",
            "count": 70,
            "created_time": "2025-01-27T17:45:10.296199Z",
            "yes_price": 3,
            "no_price": 97,
            "taker_side": "yes"
        },
        {
            "trade_id": "86dc0d99-d583-418f-bd99-ee6f33fdbbde",
            "ticker": "KXHIGHNY-25JAN27-B36.5",
            "count": 250,
            "created_time": "2025-01-27T17:45:10.296199Z",
            "yes_price": 1,
            "no_price": 99,
            "taker_side": "yes"
        },
        {
            "trade_id": "739be8e6-9923-404a-a9ef-132fc0ac46be",
            "ticker": "KXHIGHNY-25JAN27-B36.5",
            "count": 50,
            "created_time": "2025-01-27T17:45:10.296199Z",
            "yes_price": 3,
            "no_price": 97,
            "taker_side": "yes"
        },
        {
            "trade_id": "35f8d538-85f6-4f7b-9b26-99f2efc8b9a9",
            "ticker": "KXHIGHNY-25JAN27-B36.5",
            "count": 100,
            "created_time": "2025-01-27T17:45:10.296199Z",
            "yes_price": 1,
            "no_price": 99,
            "taker_side": "yes"
        },
        {
            "trade_id": "e0878e5b-500f-453f-809b-7d31a3952f76",
            "ticker": "KXHIGHNY-25JAN27-B36.5",
            "count": 700,
            "created_time": "2025-01-27T16:59:53.929489Z",
            "yes_price": 2,
            "no_price": 98,
            "taker_side": "no"
        },
        {
            "trade_id": "149cf624-e0c9-4ba8-afdd-37793a55836b",
            "ticker": "KXHIGHNY-25JAN27-B36.5",
            "count": 88,
            "created_time": "2025-01-27T16:59:02.408284Z",
            "yes_price": 2,
            "no_price": 98,
            "taker_side": "no"
        },
        {
            "trade_id": "d0f7df57-102e-4c5f-9bac-fb97687ada0d",
            "ticker": "KXHIGHNY-25JAN27-B36.5",
            "count": 150,
            "created_time": "2025-01-27T16:58:50.615235Z",
            "yes_price": 2,
            "no_price": 98,
            "taker_side": "no"
        },
        {
            "trade_id": "d18c91ec-71bf-42f1-8931-26d3ea11fe8c",
            "ticker": "KXHIGHNY-25JAN27-B36.5",
            "count": 48,
            "created_time": "2025-01-27T16:58:31.077127Z",
            "yes_price": 2,
            "no_price": 98,
            "taker_side": "no"
        },
        {
            "trade_id": "83442c18-d3b5-48c6-bdcd-b39ad8ed88b1",
            "ticker": "KXHIGHNY-25JAN27-B36.5",
            "count": 2,
            "created_time": "2025-01-27T16:58:31.077127Z",
            "yes_price": 3,
            "no_price": 97,
            "taker_side": "no"
        },
        {
            "trade_id": "460a8946-ac98-4d24-b12d-be4970ece8b6",
            "ticker": "KXHIGHNY-25JAN27-B36.5",
            "count": 1000,
            "created_time": "2025-01-27T16:56:54.558101Z",
            "yes_price": 2,
            "no_price": 98,
            "taker_side": "no"
        },
        {
            "trade_id": "b4903f48-2140-43a0-9107-58c23b32725e",
            "ticker": "KXHIGHNY-25JAN27-B36.5",
            "count": 1014,
            "created_time": "2025-01-27T16:56:15.296416Z",
            "yes_price": 2,
            "no_price": 98,
            "taker_side": "no"
        },
        {
            "trade_id": "71a782b7-2183-4b29-99c0-02df6a23f82b",
            "ticker": "KXHIGHNY-25JAN27-B36.5",
            "count": 2,
            "created_time": "2025-01-27T16:56:11.272873Z",
            "yes_price": 3,
            "no_price": 97,
            "taker_side": "no"
        },
        {
            "trade_id": "1f2846b4-c997-40c9-a0fd-f9e936734813",
            "ticker": "KXHIGHNY-25JAN27-B36.5",
            "count": 1,
            "created_time": "2025-01-27T16:55:59.748484Z",
            "yes_price": 3,
            "no_price": 97,
            "taker_side": "no"
        },
        {
            "trade_id": "aa728332-81c6-43f2-96d6-0aa405589082",
            "ticker": "KXHIGHNY-25JAN27-B36.5",
            "count": 8,
            "created_time": "2025-01-27T16:54:48.101163Z",
            "yes_price": 3,
            "no_price": 97,
            "taker_side": "no"
        },
        {
            "trade_id": "7fdf0b9e-5ab6-4dae-aff7-d369822f2b5b",
            "ticker": "KXHIGHNY-25JAN27-B36.5",
            "count": 1,
            "created_time": "2025-01-27T16:54:48.101163Z",
            "yes_price": 3,
            "no_price": 97,
            "taker_side": "no"
        },
        {
            "trade_id": "e5a166c7-06ef-4fc8-be6b-58987e214148",
            "ticker": "KXHIGHNY-25JAN27-B36.5",
            "count": 100,
            "created_time": "2025-01-27T16:52:04.165359Z",
            "yes_price": 3,
            "no_price": 97,
            "taker_side": "yes"
        },
        {
            "trade_id": "d3c86880-98c5-4044-a88c-178ee04b099d",
            "ticker": "KXHIGHNY-25JAN27-B36.5",
            "count": 1000,
            "created_time": "2025-01-27T16:52:04.165359Z",
            "yes_price": 5,
            "no_price": 95,
            "taker_side": "yes"
        },
        {
            "trade_id": "cc9a8cb5-b686-46a8-a7e2-e65fca770407",
            "ticker": "KXHIGHNY-25JAN27-B36.5",
            "count": 7,
            "created_time": "2025-01-27T16:52:04.165359Z",
            "yes_price": 5,
            "no_price": 95,
            "taker_side": "yes"
        },
        {
            "trade_id": "b69644d6-7944-47dd-8307-38a9825f5897",
            "ticker": "KXHIGHNY-25JAN27-B36.5",
            "count": 300,
            "created_time": "2025-01-27T16:52:04.165359Z",
            "yes_price": 3,
            "no_price": 97,
            "taker_side": "yes"
        },
        {
            "trade_id": "42adc46c-00d2-41fa-ac33-965c35b42adb",
            "ticker": "KXHIGHNY-25JAN27-B36.5",
            "count": 5,
            "created_time": "2025-01-27T16:52:04.165359Z",
            "yes_price": 2,
            "no_price": 98,
            "taker_side": "yes"
        },
        {
            "trade_id": "2c216e07-cbf3-444b-9415-b76cbe6c230f",
            "ticker": "KXHIGHNY-25JAN27-B36.5",
            "count": 250,
            "created_time": "2025-01-27T16:52:04.165359Z",
            "yes_price": 3,
            "no_price": 97,
            "taker_side": "yes"
        },
        {
            "trade_id": "169eee5a-980a-4855-ac74-39ba26d61900",
            "ticker": "KXHIGHNY-25JAN27-B36.5",
            "count": 4,
            "created_time": "2025-01-27T16:52:04.165359Z",
            "yes_price": 2,
            "no_price": 98,
            "taker_side": "yes"
        },
        {
            "trade_id": "dd45fc24-0adb-4ec4-8c7b-4879379afbff",
            "ticker": "KXHIGHNY-25JAN27-B36.5",
            "count": 1,
            "created_time": "2025-01-27T16:32:39.152125Z",
            "yes_price": 2,
            "no_price": 98,
            "taker_side": "yes"
        },
        {
            "trade_id": "2825b487-eb80-453f-80b7-37dadb0675ff",
            "ticker": "KXHIGHNY-25JAN27-B36.5",
            "count": 2,
            "created_time": "2025-01-27T16:32:39.152125Z",
            "yes_price": 2,
            "no_price": 98,
            "taker_side": "yes"
        },
        {
            "trade_id": "6eb89094-b0b5-480b-984d-3bbbba981a39",
            "ticker": "KXHIGHNY-25JAN27-B36.5",
            "count": 209,
            "created_time": "2025-01-27T16:32:33.05379Z",
            "yes_price": 2,
            "no_price": 98,
            "taker_side": "yes"
        },
        {
            "trade_id": "d0af04a5-d751-41a6-9227-14df4ed13612",
            "ticker": "KXHIGHNY-25JAN27-B36.5",
            "count": 5,
            "created_time": "2025-01-27T16:27:14.715413Z",
            "yes_price": 2,
            "no_price": 98,
            "taker_side": "yes"
        },
        {
            "trade_id": "196fbdbe-e19d-41e3-b37b-b0430f8127e6",
            "ticker": "KXHIGHNY-25JAN27-B36.5",
            "count": 41,
            "created_time": "2025-01-27T16:27:14.715413Z",
            "yes_price": 2,
            "no_price": 98,
            "taker_side": "yes"
        },
        {
            "trade_id": "188ea63e-06b4-4d84-bc9a-cbd74c7d818f",
            "ticker": "KXHIGHNY-25JAN27-B36.5",
            "count": 6,
            "created_time": "2025-01-27T16:07:34.252639Z",
            "yes_price": 2,
            "no_price": 98,
            "taker_side": "yes"
        },
        {
            "trade_id": "408106a6-b0d1-405b-80f1-941c67340b73",
            "ticker": "KXHIGHNY-25JAN27-B36.5",
            "count": 4,
            "created_time": "2025-01-27T15:56:04.714547Z",
            "yes_price": 2,
            "no_price": 98,
            "taker_side": "yes"
        },
        {
            "trade_id": "0e07099c-6067-4b20-b3af-50c49c46c60c",
            "ticker": "KXHIGHNY-25JAN27-B36.5",
            "count": 3,
            "created_time": "2025-01-27T15:56:04.714547Z",
            "yes_price": 2,
            "no_price": 98,
            "taker_side": "yes"
        },
        {
            "trade_id": "29e93ecf-9a5b-4830-a9e6-edce547296f6",
            "ticker": "KXHIGHNY-25JAN27-B36.5",
            "count": 296,
            "created_time": "2025-01-27T15:18:24.482406Z",
            "yes_price": 2,
            "no_price": 98,
            "taker_side": "yes"
        },
        {
            "trade_id": "bcde7ff3-fead-416a-9fc5-504aa0709ccd",
            "ticker": "KXHIGHNY-25JAN27-B36.5",
            "count": 53,
            "created_time": "2025-01-27T15:15:15.244158Z",
            "yes_price": 1,
            "no_price": 99,
            "taker_side": "no"
        },
        {
            "trade_id": "9a7d1cc0-07e0-4f53-94bc-9a7666573387",
            "ticker": "KXHIGHNY-25JAN27-B36.5",
            "count": 500,
            "created_time": "2025-01-27T14:55:55.330807Z",
            "yes_price": 2,
            "no_price": 98,
            "taker_side": "yes"
        },
        {
            "trade_id": "d0e1e23e-18e6-4f32-8f52-e79a3d4b444e",
            "ticker": "KXHIGHNY-25JAN27-B36.5",
            "count": 44,
            "created_time": "2025-01-27T14:13:24.80455Z",
            "yes_price": 1,
            "no_price": 99,
            "taker_side": "no"
        },
        {
            "trade_id": "a00d3679-f92b-42da-8f0e-0b1ee73a6a42",
            "ticker": "KXHIGHNY-25JAN27-B36.5",
            "count": 50,
            "created_time": "2025-01-27T13:33:28.477096Z",
            "yes_price": 1,
            "no_price": 99,
            "taker_side": "no"
        },
        {
            "trade_id": "2fa687c4-89d1-47ca-9230-e81026ae674a",
            "ticker": "KXHIGHNY-25JAN27-B36.5",
            "count": 97,
            "created_time": "2025-01-27T13:33:28.477096Z",
            "yes_price": 1,
            "no_price": 99,
            "taker_side": "no"
        },
        {
            "trade_id": "0bd3ea01-321d-4690-8a1d-276d73a97e51",
            "ticker": "KXHIGHNY-25JAN27-B36.5",
            "count": 1,
            "created_time": "2025-01-27T13:24:28.345302Z",
            "yes_price": 2,
            "no_price": 98,
            "taker_side": "yes"
        },
        {
            "trade_id": "cc616b4d-5a2c-4501-a6c0-591198eb1ec0",
            "ticker": "KXHIGHNY-25JAN27-B36.5",
            "count": 700,
            "created_time": "2025-01-27T13:18:35.235164Z",
            "yes_price": 1,
            "no_price": 99,
            "taker_side": "no"
        },
        {
            "trade_id": "ac0f4ccd-c2df-4a02-9304-190703289720",
            "ticker": "KXHIGHNY-25JAN27-B36.5",
            "count": 200,
            "created_time": "2025-01-27T13:18:35.235164Z",
            "yes_price": 1,
            "no_price": 99,
            "taker_side": "no"
        },
        {
            "trade_id": "57e450f5-47ff-49e7-b3c0-7a5a24afae12",
            "ticker": "KXHIGHNY-25JAN27-B36.5",
            "count": 200,
            "created_time": "2025-01-27T13:18:35.235164Z",
            "yes_price": 1,
            "no_price": 99,
            "taker_side": "no"
        },
        {
            "trade_id": "46860a49-7d10-48a7-8f1b-c2ae520ff13b",
            "ticker": "KXHIGHNY-25JAN27-B36.5",
            "count": 50,
            "created_time": "2025-01-27T13:18:35.235164Z",
            "yes_price": 1,
            "no_price": 99,
            "taker_side": "no"
        },
        {
            "trade_id": "fa3bc1d7-a71c-40d7-a95f-3a468bf8f4bc",
            "ticker": "KXHIGHNY-25JAN27-B36.5",
            "count": 30,
            "created_time": "2025-01-27T13:13:20.046321Z",
            "yes_price": 2,
            "no_price": 98,
            "taker_side": "no"
        },
        {
            "trade_id": "ecdaf218-ea99-4288-9a05-7aca0d34db80",
            "ticker": "KXHIGHNY-25JAN27-B36.5",
            "count": 20,
            "created_time": "2025-01-27T13:10:41.9977Z",
            "yes_price": 2,
            "no_price": 98,
            "taker_side": "no"
        },
        {
            "trade_id": "9d046fe5-a3e2-403e-9824-e085da4641df",
            "ticker": "KXHIGHNY-25JAN27-B36.5",
            "count": 18,
            "created_time": "2025-01-27T06:57:06.998519Z",
            "yes_price": 5,
            "no_price": 95,
            "taker_side": "yes"
        },
        {
            "trade_id": "6a508fd1-bde2-414f-a177-8df7756a6e09",
            "ticker": "KXHIGHNY-25JAN27-B36.5",
            "count": 9,
            "created_time": "2025-01-27T02:57:00.217616Z",
            "yes_price": 4,
            "no_price": 96,
            "taker_side": "yes"
        },
        {
            "trade_id": "0a95b959-8638-4e70-85d5-33e50d9e7d86",
            "ticker": "KXHIGHNY-25JAN27-B36.5",
            "count": 18,
            "created_time": "2025-01-27T02:57:00.217616Z",
            "yes_price": 3,
            "no_price": 97,
            "taker_side": "yes"
        },
        {
            "trade_id": "9fb26926-5bec-47ed-8511-cad3905a5c91",
            "ticker": "KXHIGHNY-25JAN27-B36.5",
            "count": 30,
            "created_time": "2025-01-27T02:39:25.583884Z",
            "yes_price": 3,
            "no_price": 97,
            "taker_side": "yes"
        },
        {
            "trade_id": "a9987624-1574-4123-a310-9348457fa1ae",
            "ticker": "KXHIGHNY-25JAN27-B36.5",
            "count": 5,
            "created_time": "2025-01-27T01:35:11.247345Z",
            "yes_price": 3,
            "no_price": 97,
            "taker_side": "yes"
        },
        {
            "trade_id": "97568293-f741-48e3-891b-140d7ddf68e7",
            "ticker": "KXHIGHNY-25JAN27-B36.5",
            "count": 50,
            "created_time": "2025-01-27T00:51:56.076788Z",
            "yes_price": 2,
            "no_price": 98,
            "taker_side": "no"
        },
        {
            "trade_id": "ee9c1861-80e4-4555-b5a2-9677eb74f347",
            "ticker": "KXHIGHNY-25JAN27-B36.5",
            "count": 22,
            "created_time": "2025-01-26T22:54:35.049342Z",
            "yes_price": 5,
            "no_price": 95,
            "taker_side": "no"
        },
        {
            "trade_id": "de1e8c67-aa2e-4d1b-9f28-1c48a5e59ef2",
            "ticker": "KXHIGHNY-25JAN27-B36.5",
            "count": 41,
            "created_time": "2025-01-26T22:54:31.895491Z",
            "yes_price": 5,
            "no_price": 95,
            "taker_side": "no"
        },
        {
            "trade_id": "c1fff5b9-50ed-4173-822b-ff98d203af55",
            "ticker": "KXHIGHNY-25JAN27-B36.5",
            "count": 14,
            "created_time": "2025-01-26T22:52:47.995916Z",
            "yes_price": 5,
            "no_price": 95,
            "taker_side": "no"
        },
        {
            "trade_id": "4bb01a64-9d11-4826-ab32-682757d13bdc",
            "ticker": "KXHIGHNY-25JAN27-B36.5",
            "count": 9,
            "created_time": "2025-01-26T22:51:48.628304Z",
            "yes_price": 5,
            "no_price": 95,
            "taker_side": "no"
        },
        {
            "trade_id": "2db2191f-5ec8-46ec-852b-519c1fa6eaa2",
            "ticker": "KXHIGHNY-25JAN27-B36.5",
            "count": 30,
            "created_time": "2025-01-26T22:51:27.136739Z",
            "yes_price": 5,
            "no_price": 95,
            "taker_side": "no"
        },
        {
            "trade_id": "75a63d78-0f9a-4ec4-90fd-6f5aad309901",
            "ticker": "KXHIGHNY-25JAN27-B36.5",
            "count": 31,
            "created_time": "2025-01-26T22:51:14.81964Z",
            "yes_price": 5,
            "no_price": 95,
            "taker_side": "no"
        },
        {
            "trade_id": "73202120-806b-4225-8fc6-0d313152042a",
            "ticker": "KXHIGHNY-25JAN27-B36.5",
            "count": 1,
            "created_time": "2025-01-26T18:39:09.370133Z",
            "yes_price": 10,
            "no_price": 90,
            "taker_side": "yes"
        },
        {
            "trade_id": "03a84dd9-c7f1-4b14-b867-3e6056a26bdf",
            "ticker": "KXHIGHNY-25JAN27-B36.5",
            "count": 25,
            "created_time": "2025-01-26T18:37:54.949098Z",
            "yes_price": 10,
            "no_price": 90,
            "taker_side": "yes"
        },
        {
            "trade_id": "f1d34946-8663-46c3-89fb-82e85237545b",
            "ticker": "KXHIGHNY-25JAN27-B36.5",
            "count": 26,
            "created_time": "2025-01-26T16:04:16.338371Z",
            "yes_price": 8,
            "no_price": 92,
            "taker_side": "no"
        },
        {
            "trade_id": "d6c6fe68-34e1-49ab-8801-f4ecaf964410",
            "ticker": "KXHIGHNY-25JAN27-B36.5",
            "count": 15,
            "created_time": "2025-01-26T16:00:18.327522Z",
            "yes_price": 8,
            "no_price": 92,
            "taker_side": "no"
        },
        {
            "trade_id": "42728190-37e7-4283-a6b7-d66c33d2ecb1",
            "ticker": "KXHIGHNY-25JAN27-B36.5",
            "count": 46,
            "created_time": "2025-01-26T15:15:23.538284Z",
            "yes_price": 11,
            "no_price": 89,
            "taker_side": "no"
        }
    ],
    "KXHIGHNY-25JAN27-B38.5": [
        {
            "trade_id": "044a1d40-121a-4fd2-a98c-ffb6540ac8b3",
            "ticker": "KXHIGHNY-25JAN27-B38.5",
            "count": 20,
            "created_time": "2025-01-28T02:06:41.235319Z",
            "yes_price": 1,
            "no_price": 99,
            "taker_side": "yes"
        },
        {
            "trade_id": "5fcfdb21-9b35-48a3-a6fe-83faef77ae7a",
            "ticker": "KXHIGHNY-25JAN27-B38.5",
            "count": 1,
            "created_time": "2025-01-27T22:28:09.739017Z",
            "yes_price": 1,
            "no_price": 99,
            "taker_side": "yes"
        },
        {
            "trade_id": "88a6d9fe-bf36-4f2a-9051-e38f3f7a27eb",
            "ticker": "KXHIGHNY-25JAN27-B38.5",
            "count": 63,
            "created_time": "2025-01-27T22:12:36.803019Z",
            "yes_price": 1,
            "no_price": 99,
            "taker_side": "yes"
        },
        {
            "trade_id": "5d713966-0e97-4def-8b7b-4e169c1b43e1",
            "ticker": "KXHIGHNY-25JAN27-B38.5",
            "count": 21,
            "created_time": "2025-01-27T21:32:03.270831Z",
            "yes_price": 1,
            "no_price": 99,
            "taker_side": "yes"
        },
        {
            "trade_id": "5d23dbc8-ad7f-4547-9284-ac5827771eea",
            "ticker": "KXHIGHNY-25JAN27-B38.5",
            "count": 420,
            "created_time": "2025-01-27T21:19:01.939963Z",
            "yes_price": 1,
            "no_price": 99,
            "taker_side": "yes"
        },
        {
            "trade_id": "31fad805-49bb-4885-be9c-8b02a96f9726",
            "ticker": "KXHIGHNY-25JAN27-B38.5",
            "count": 17,
            "created_time": "2025-01-27T20:15:42.763283Z",
            "yes_price": 1,
            "no_price": 99,
            "taker_side": "yes"
        },
        {
            "trade_id": "e4c23ed2-cfb4-4841-978b-a0f88066ebca",
            "ticker": "KXHIGHNY-25JAN27-B38.5",
            "count": 4,
            "created_time": "2025-01-27T20:14:44.009499Z",
            "yes_price": 1,
            "no_price": 99,
            "taker_side": "yes"
        },
        {
            "trade_id": "0713e9ee-5013-464e-8094-2fb5ed3daaf7",
            "ticker": "KXHIGHNY-25JAN27-B38.5",
            "count": 26,
            "created_time": "2025-01-27T20:10:57.304556Z",
            "yes_price": 1,
            "no_price": 99,
            "taker_side": "yes"
        },
        {
            "trade_id": "f2035b4a-0c11-41e3-a4d3-d661c67ef7e8",
            "ticker": "KXHIGHNY-25JAN27-B38.5",
            "count": 38,
            "created_time": "2025-01-27T20:05:34.200589Z",
            "yes_price": 1,
            "no_price": 99,
            "taker_side": "yes"
        },
        {
            "trade_id": "8e307cd5-a29f-4d8a-b918-c694572b477e",
            "ticker": "KXHIGHNY-25JAN27-B38.5",
            "count": 59,
            "created_time": "2025-01-27T20:02:21.634826Z",
            "yes_price": 1,
            "no_price": 99,
            "taker_side": "yes"
        },
        {
            "trade_id": "cb3bd35a-14d6-471f-ad03-87f6dd79934b",
            "ticker": "KXHIGHNY-25JAN27-B38.5",
            "count": 50,
            "created_time": "2025-01-27T20:00:48.518972Z",
            "yes_price": 1,
            "no_price": 99,
            "taker_side": "yes"
        },
        {
            "trade_id": "952056f0-de04-4a7e-b980-e75fd9596c21",
            "ticker": "KXHIGHNY-25JAN27-B38.5",
            "count": 20,
            "created_time": "2025-01-27T20:00:47.41784Z",
            "yes_price": 1,
            "no_price": 99,
            "taker_side": "yes"
        },
        {
            "trade_id": "f650f974-3080-4111-ba68-9dc2d3e9dffb",
            "ticker": "KXHIGHNY-25JAN27-B38.5",
            "count": 12,
            "created_time": "2025-01-27T19:58:12.757309Z",
            "yes_price": 1,
            "no_price": 99,
            "taker_side": "yes"
        },
        {
            "trade_id": "0fdc2a1b-8f6c-4f3f-a319-3742dc79381f",
            "ticker": "KXHIGHNY-25JAN27-B38.5",
            "count": 50,
            "created_time": "2025-01-27T19:55:59.676884Z",
            "yes_price": 1,
            "no_price": 99,
            "taker_side": "yes"
        },
        {
            "trade_id": "d0728ed4-a178-4566-9892-85a5f76967e5",
            "ticker": "KXHIGHNY-25JAN27-B38.5",
            "count": 37,
            "created_time": "2025-01-27T19:55:58.636398Z",
            "yes_price": 1,
            "no_price": 99,
            "taker_side": "yes"
        },
        {
            "trade_id": "9a562041-a707-42d8-8518-7c383e8b2f0f",
            "ticker": "KXHIGHNY-25JAN27-B38.5",
            "count": 31,
            "created_time": "2025-01-27T19:55:57.541659Z",
            "yes_price": 1,
            "no_price": 99,
            "taker_side": "yes"
        },
        {
            "trade_id": "76b1c909-c8db-44e9-b14a-8bff5e9705ac",
            "ticker": "KXHIGHNY-25JAN27-B38.5",
            "count": 63,
            "created_time": "2025-01-27T19:55:41.840648Z",
            "yes_price": 1,
            "no_price": 99,
            "taker_side": "yes"
        },
        {
            "trade_id": "3e4a51d9-b6df-44da-9cbf-04aa1db7c14d",
            "ticker": "KXHIGHNY-25JAN27-B38.5",
            "count": 1379,
            "created_time": "2025-01-27T19:55:41.401689Z",
            "yes_price": 1,
            "no_price": 99,
            "taker_side": "yes"
        },
        {
            "trade_id": "4f0fec7c-bc3e-456b-88ae-76fbbfdd5251",
            "ticker": "KXHIGHNY-25JAN27-B38.5",
            "count": 140,
            "created_time": "2025-01-27T19:55:37.211327Z",
            "yes_price": 1,
            "no_price": 99,
            "taker_side": "yes"
        },
        {
            "trade_id": "7c472519-6ca7-4491-ab64-68d2497b86d7",
            "ticker": "KXHIGHNY-25JAN27-B38.5",
            "count": 50,
            "created_time": "2025-01-27T19:55:22.273471Z",
            "yes_price": 1,
            "no_price": 99,
            "taker_side": "yes"
        },
        {
            "trade_id": "f9cc8b09-af2c-40e9-bdef-21856a13e4d0",
            "ticker": "KXHIGHNY-25JAN27-B38.5",
            "count": 1,
            "created_time": "2025-01-27T19:55:00.122648Z",
            "yes_price": 1,
            "no_price": 99,
            "taker_side": "no"
        },
        {
            "trade_id": "cba3dc7f-4190-4ef2-8e1a-fe69bec4af8c",
            "ticker": "KXHIGHNY-25JAN27-B38.5",
            "count": 30,
            "created_time": "2025-01-27T19:55:00.122648Z",
            "yes_price": 1,
            "no_price": 99,
            "taker_side": "no"
        },
        {
            "trade_id": "c7f14940-81f6-4cbc-a7e5-347df7bfa1e8",
            "ticker": "KXHIGHNY-25JAN27-B38.5",
            "count": 99,
            "created_time": "2025-01-27T19:55:00.122648Z",
            "yes_price": 2,
            "no_price": 98,
            "taker_side": "no"
        },
        {
            "trade_id": "ab2ca487-e772-46c6-a3a8-d347edf56f4f",
            "ticker": "KXHIGHNY-25JAN27-B38.5",
            "count": 10,
            "created_time": "2025-01-27T19:55:00.122648Z",
            "yes_price": 1,
            "no_price": 99,
            "taker_side": "no"
        },
        {
            "trade_id": "a21b6841-c7d0-45b7-88b8-b6d30caba7a7",
            "ticker": "KXHIGHNY-25JAN27-B38.5",
            "count": 62,
            "created_time": "2025-01-27T19:55:00.122648Z",
            "yes_price": 1,
            "no_price": 99,
            "taker_side": "no"
        },
        {
            "trade_id": "821623d5-5472-427d-9977-f16b1bd47d92",
            "ticker": "KXHIGHNY-25JAN27-B38.5",
            "count": 406,
            "created_time": "2025-01-27T19:55:00.122648Z",
            "yes_price": 2,
            "no_price": 98,
            "taker_side": "no"
        },
        {
            "trade_id": "7afddcf7-05b5-41db-bde1-8be2665e80c9",
            "ticker": "KXHIGHNY-25JAN27-B38.5",
            "count": 10,
            "created_time": "2025-01-27T19:55:00.122648Z",
            "yes_price": 1,
            "no_price": 99,
            "taker_side": "no"
        },
        {
            "trade_id": "6ef5e4dd-546c-4078-a1cf-bbf925f5b07a",
            "ticker": "KXHIGHNY-25JAN27-B38.5",
            "count": 20,
            "created_time": "2025-01-27T19:55:00.122648Z",
            "yes_price": 1,
            "no_price": 99,
            "taker_side": "no"
        },
        {
            "trade_id": "6da70509-398c-4f30-ae00-351788f9b2be",
            "ticker": "KXHIGHNY-25JAN27-B38.5",
            "count": 3000,
            "created_time": "2025-01-27T19:55:00.122648Z",
            "yes_price": 1,
            "no_price": 99,
            "taker_side": "no"
        },
        {
            "trade_id": "6689880d-ddff-4629-abc1-58141035fccd",
            "ticker": "KXHIGHNY-25JAN27-B38.5",
            "count": 500,
            "created_time": "2025-01-27T19:55:00.122648Z",
            "yes_price": 1,
            "no_price": 99,
            "taker_side": "no"
        },
        {
            "trade_id": "516ac064-5316-4bc6-9154-082358158b49",
            "ticker": "KXHIGHNY-25JAN27-B38.5",
            "count": 150,
            "created_time": "2025-01-27T19:55:00.122648Z",
            "yes_price": 1,
            "no_price": 99,
            "taker_side": "no"
        },
        {
            "trade_id": "27300db2-1a91-46ab-bebb-949106f7b7db",
            "ticker": "KXHIGHNY-25JAN27-B38.5",
            "count": 40,
            "created_time": "2025-01-27T19:55:00.122648Z",
            "yes_price": 1,
            "no_price": 99,
            "taker_side": "no"
        },
        {
            "trade_id": "18df74ad-2195-4687-b5b7-e4fa6e20c38c",
            "ticker": "KXHIGHNY-25JAN27-B38.5",
            "count": 99,
            "created_time": "2025-01-27T19:55:00.122648Z",
            "yes_price": 3,
            "no_price": 97,
            "taker_side": "no"
        },
        {
            "trade_id": "a88554ed-2870-4c29-9b47-a52aef3d2cb3",
            "ticker": "KXHIGHNY-25JAN27-B38.5",
            "count": 3,
            "created_time": "2025-01-27T19:54:30.65623Z",
            "yes_price": 3,
            "no_price": 97,
            "taker_side": "no"
        },
        {
            "trade_id": "5cedbede-c370-43b5-a9ea-9ba131df785c",
            "ticker": "KXHIGHNY-25JAN27-B38.5",
            "count": 19,
            "created_time": "2025-01-27T19:54:30.65623Z",
            "yes_price": 3,
            "no_price": 97,
            "taker_side": "no"
        },
        {
            "trade_id": "0e3757f9-eaff-4434-a43d-98b944dcd24d",
            "ticker": "KXHIGHNY-25JAN27-B38.5",
            "count": 3,
            "created_time": "2025-01-27T19:54:30.65623Z",
            "yes_price": 4,
            "no_price": 96,
            "taker_side": "no"
        },
        {
            "trade_id": "edb50cd2-29fe-410d-b03a-b1b44a3b6fb3",
            "ticker": "KXHIGHNY-25JAN27-B38.5",
            "count": 99,
            "created_time": "2025-01-27T19:53:12.833795Z",
            "yes_price": 3,
            "no_price": 97,
            "taker_side": "no"
        },
        {
            "trade_id": "4552f7d2-fdce-4295-a1ed-c0270a060e78",
            "ticker": "KXHIGHNY-25JAN27-B38.5",
            "count": 3,
            "created_time": "2025-01-27T19:53:12.833795Z",
            "yes_price": 4,
            "no_price": 96,
            "taker_side": "no"
        },
        {
            "trade_id": "b778d279-1e7f-464b-9963-0b3bb697aaae",
            "ticker": "KXHIGHNY-25JAN27-B38.5",
            "count": 135,
            "created_time": "2025-01-27T19:53:11.756654Z",
            "yes_price": 10,
            "no_price": 90,
            "taker_side": "yes"
        },
        {
            "trade_id": "9468ab99-0a64-4338-873c-cebe8d1f5312",
            "ticker": "KXHIGHNY-25JAN27-B38.5",
            "count": 50,
            "created_time": "2025-01-27T19:53:11.756654Z",
            "yes_price": 9,
            "no_price": 91,
            "taker_side": "yes"
        },
        {
            "trade_id": "5e1b912b-2dc4-4779-a2cb-fc06b6c0dc12",
            "ticker": "KXHIGHNY-25JAN27-B38.5",
            "count": 50,
            "created_time": "2025-01-27T19:53:11.756654Z",
            "yes_price": 8,
            "no_price": 92,
            "taker_side": "yes"
        },
        {
            "trade_id": "e6894710-9391-4b5e-809a-d02b848ce065",
            "ticker": "KXHIGHNY-25JAN27-B38.5",
            "count": 50,
            "created_time": "2025-01-27T19:52:47.305241Z",
            "yes_price": 8,
            "no_price": 92,
            "taker_side": "yes"
        },
        {
            "trade_id": "b3db85b9-d6ed-49b6-a394-49d6703cc4b1",
            "ticker": "KXHIGHNY-25JAN27-B38.5",
            "count": 33,
            "created_time": "2025-01-27T19:52:47.305241Z",
            "yes_price": 10,
            "no_price": 90,
            "taker_side": "yes"
        },
        {
            "trade_id": "65ac7b88-2270-4c8a-a978-72b7b28642a4",
            "ticker": "KXHIGHNY-25JAN27-B38.5",
            "count": 50,
            "created_time": "2025-01-27T19:52:47.305241Z",
            "yes_price": 9,
            "no_price": 91,
            "taker_side": "yes"
        },
        {
            "trade_id": "b09ab2ed-4ec5-4fb9-b7fb-6eb24e162400",
            "ticker": "KXHIGHNY-25JAN27-B38.5",
            "count": 21,
            "created_time": "2025-01-27T19:52:19.124191Z",
            "yes_price": 2,
            "no_price": 98,
            "taker_side": "yes"
        },
        {
            "trade_id": "0e876b11-76d5-4981-8631-c115686f08f5",
            "ticker": "KXHIGHNY-25JAN27-B38.5",
            "count": 21,
            "created_time": "2025-01-27T19:52:19.124191Z",
            "yes_price": 2,
            "no_price": 98,
            "taker_side": "yes"
        },
        {
            "trade_id": "fcec3241-23f3-448b-9bcd-068cdb8618c8",
            "ticker": "KXHIGHNY-25JAN27-B38.5",
            "count": 29,
            "created_time": "2025-01-27T19:52:07.057709Z",
            "yes_price": 2,
            "no_price": 98,
            "taker_side": "yes"
        },
        {
            "trade_id": "298ccbab-a34a-43b3-bcb7-98d5f99a69f7",
            "ticker": "KXHIGHNY-25JAN27-B38.5",
            "count": 171,
            "created_time": "2025-01-27T19:51:42.305492Z",
            "yes_price": 2,
            "no_price": 98,
            "taker_side": "no"
        },
        {
            "trade_id": "b3ac5972-3b93-49b7-a5bd-ad29c88ada3f",
            "ticker": "KXHIGHNY-25JAN27-B38.5",
            "count": 50,
            "created_time": "2025-01-27T19:51:28.421131Z",
            "yes_price": 7,
            "no_price": 93,
            "taker_side": "no"
        },
        {
            "trade_id": "2c5abd12-9362-44e0-82e8-b0ec6bbecac9",
            "ticker": "KXHIGHNY-25JAN27-B38.5",
            "count": 49,
            "created_time": "2025-01-27T19:51:28.421131Z",
            "yes_price": 5,
            "no_price": 95,
            "taker_side": "no"
        },
        {
            "trade_id": "5bf164b8-9fe2-4983-a04a-a334d0097028",
            "ticker": "KXHIGHNY-25JAN27-B38.5",
            "count": 38,
            "created_time": "2025-01-27T19:50:44.849821Z",
            "yes_price": 8,
            "no_price": 92,
            "taker_side": "yes"
        },
        {
            "trade_id": "66cadc8d-a893-405e-b3b2-333d2fcb0b86",
            "ticker": "KXHIGHNY-25JAN27-B38.5",
            "count": 100,
            "created_time": "2025-01-27T19:50:15.416467Z",
            "yes_price": 1,
            "no_price": 99,
            "taker_side": "no"
        },
        {
            "trade_id": "d74caa5b-9319-478b-9211-30a8c937b728",
            "ticker": "KXHIGHNY-25JAN27-B38.5",
            "count": 2700,
            "created_time": "2025-01-27T19:49:30.401248Z",
            "yes_price": 2,
            "no_price": 98,
            "taker_side": "yes"
        },
        {
            "trade_id": "8d87f5fa-bcb8-4df3-be93-a3473e1bdf8d",
            "ticker": "KXHIGHNY-25JAN27-B38.5",
            "count": 300,
            "created_time": "2025-01-27T19:49:13.728964Z",
            "yes_price": 2,
            "no_price": 98,
            "taker_side": "no"
        },
        {
            "trade_id": "f99c5e3d-6d5f-4dce-ba5f-0522cdf5dfa1",
            "ticker": "KXHIGHNY-25JAN27-B38.5",
            "count": 31,
            "created_time": "2025-01-27T19:48:26.361621Z",
            "yes_price": 6,
            "no_price": 94,
            "taker_side": "no"
        },
        {
            "trade_id": "f6ee9aa5-c933-4f89-b0c9-0295979e2acc",
            "ticker": "KXHIGHNY-25JAN27-B38.5",
            "count": 49,
            "created_time": "2025-01-27T19:48:26.361621Z",
            "yes_price": 7,
            "no_price": 93,
            "taker_side": "no"
        },
        {
            "trade_id": "c6e4ab40-fb01-4345-a0fd-fb31df0624c0",
            "ticker": "KXHIGHNY-25JAN27-B38.5",
            "count": 50,
            "created_time": "2025-01-27T19:48:26.361621Z",
            "yes_price": 6,
            "no_price": 94,
            "taker_side": "no"
        },
        {
            "trade_id": "bb280633-aca7-4c8a-8b43-af9362a97f76",
            "ticker": "KXHIGHNY-25JAN27-B38.5",
            "count": 262,
            "created_time": "2025-01-27T19:48:26.361621Z",
            "yes_price": 5,
            "no_price": 95,
            "taker_side": "no"
        },
        {
            "trade_id": "a77a2d97-ecbf-4453-ac3b-4b550a115ed7",
            "ticker": "KXHIGHNY-25JAN27-B38.5",
            "count": 515,
            "created_time": "2025-01-27T19:48:26.361621Z",
            "yes_price": 4,
            "no_price": 96,
            "taker_side": "no"
        },
        {
            "trade_id": "741f4c43-b05e-4ac8-a352-3074a2b8bcff",
            "ticker": "KXHIGHNY-25JAN27-B38.5",
            "count": 1,
            "created_time": "2025-01-27T19:48:26.361621Z",
            "yes_price": 7,
            "no_price": 93,
            "taker_side": "no"
        },
        {
            "trade_id": "481809b0-dd5f-4108-aa2e-74a203eed1f3",
            "ticker": "KXHIGHNY-25JAN27-B38.5",
            "count": 1,
            "created_time": "2025-01-27T19:47:41.496535Z",
            "yes_price": 7,
            "no_price": 93,
            "taker_side": "no"
        },
        {
            "trade_id": "e23478db-87c8-4817-bb1c-b74049e5c5d4",
            "ticker": "KXHIGHNY-25JAN27-B38.5",
            "count": 100,
            "created_time": "2025-01-27T19:47:20.497229Z",
            "yes_price": 8,
            "no_price": 92,
            "taker_side": "no"
        },
        {
            "trade_id": "1603ca56-fdac-4108-b5a5-a4a14d596b3d",
            "ticker": "KXHIGHNY-25JAN27-B38.5",
            "count": 77,
            "created_time": "2025-01-27T19:47:20.497229Z",
            "yes_price": 9,
            "no_price": 91,
            "taker_side": "no"
        },
        {
            "trade_id": "357534b7-7729-4fea-a25e-26110c55664c",
            "ticker": "KXHIGHNY-25JAN27-B38.5",
            "count": 100,
            "created_time": "2025-01-27T19:47:07.400979Z",
            "yes_price": 9,
            "no_price": 91,
            "taker_side": "no"
        },
        {
            "trade_id": "c0619a84-cdb9-4c00-b2d5-fd68183acb05",
            "ticker": "KXHIGHNY-25JAN27-B38.5",
            "count": 31,
            "created_time": "2025-01-27T19:45:33.164832Z",
            "yes_price": 17,
            "no_price": 83,
            "taker_side": "yes"
        },
        {
            "trade_id": "f5811663-0c8b-4e60-9d80-8388f6fc5c32",
            "ticker": "KXHIGHNY-25JAN27-B38.5",
            "count": 39,
            "created_time": "2025-01-27T19:45:26.690157Z",
            "yes_price": 9,
            "no_price": 91,
            "taker_side": "no"
        },
        {
            "trade_id": "cb8ea597-c2e9-456b-bf51-77f4f888b675",
            "ticker": "KXHIGHNY-25JAN27-B38.5",
            "count": 485,
            "created_time": "2025-01-27T19:45:26.690157Z",
            "yes_price": 4,
            "no_price": 96,
            "taker_side": "no"
        },
        {
            "trade_id": "c7082fcd-99e7-40d3-ab6d-7c760f7a35e7",
            "ticker": "KXHIGHNY-25JAN27-B38.5",
            "count": 50,
            "created_time": "2025-01-27T19:45:26.690157Z",
            "yes_price": 6,
            "no_price": 94,
            "taker_side": "no"
        },
        {
            "trade_id": "10945099-38c0-496d-af41-dc8aa4288c6a",
            "ticker": "KXHIGHNY-25JAN27-B38.5",
            "count": 12,
            "created_time": "2025-01-27T19:44:46.078192Z",
            "yes_price": 9,
            "no_price": 91,
            "taker_side": "no"
        },
        {
            "trade_id": "ec5f956f-4389-42a2-bba3-8accfbc70b65",
            "ticker": "KXHIGHNY-25JAN27-B38.5",
            "count": 50,
            "created_time": "2025-01-27T19:41:34.977171Z",
            "yes_price": 10,
            "no_price": 90,
            "taker_side": "no"
        },
        {
            "trade_id": "53112caa-1411-4c18-bc94-5c46563065d6",
            "ticker": "KXHIGHNY-25JAN27-B38.5",
            "count": 50,
            "created_time": "2025-01-27T19:41:34.977171Z",
            "yes_price": 14,
            "no_price": 86,
            "taker_side": "no"
        },
        {
            "trade_id": "4e1da49c-e819-4c37-b575-7c5294ae264f",
            "ticker": "KXHIGHNY-25JAN27-B38.5",
            "count": 449,
            "created_time": "2025-01-27T19:41:34.977171Z",
            "yes_price": 9,
            "no_price": 91,
            "taker_side": "no"
        },
        {
            "trade_id": "3b5409e1-ff31-44d2-b4a9-f4f64fbacace",
            "ticker": "KXHIGHNY-25JAN27-B38.5",
            "count": 6,
            "created_time": "2025-01-27T19:40:47.478175Z",
            "yes_price": 16,
            "no_price": 84,
            "taker_side": "no"
        },
        {
            "trade_id": "29ea60f5-d3e4-430b-a06f-0c3ce37e5f6a",
            "ticker": "KXHIGHNY-25JAN27-B38.5",
            "count": 250,
            "created_time": "2025-01-27T19:40:47.478175Z",
            "yes_price": 15,
            "no_price": 85,
            "taker_side": "no"
        },
        {
            "trade_id": "3c12ae31-fbfb-4168-b1aa-67f647d2cb67",
            "ticker": "KXHIGHNY-25JAN27-B38.5",
            "count": 30,
            "created_time": "2025-01-27T19:40:45.448858Z",
            "yes_price": 16,
            "no_price": 84,
            "taker_side": "yes"
        },
        {
            "trade_id": "0ef74f9d-bda5-4162-bf6b-b2e94378b5aa",
            "ticker": "KXHIGHNY-25JAN27-B38.5",
            "count": 50,
            "created_time": "2025-01-27T19:37:37.142612Z",
            "yes_price": 16,
            "no_price": 84,
            "taker_side": "no"
        },
        {
            "trade_id": "d2ede9bd-def1-4999-ae4a-3b743ffd058d",
            "ticker": "KXHIGHNY-25JAN27-B38.5",
            "count": 19,
            "created_time": "2025-01-27T19:37:17.936622Z",
            "yes_price": 20,
            "no_price": 80,
            "taker_side": "no"
        },
        {
            "trade_id": "bb936727-7d1a-4258-9622-a74b19a70a5f",
            "ticker": "KXHIGHNY-25JAN27-B38.5",
            "count": 60,
            "created_time": "2025-01-27T19:37:17.936622Z",
            "yes_price": 20,
            "no_price": 80,
            "taker_side": "no"
        },
        {
            "trade_id": "7952040a-d842-47de-8a21-3cecfa26107b",
            "ticker": "KXHIGHNY-25JAN27-B38.5",
            "count": 19,
            "created_time": "2025-01-27T19:36:16.888643Z",
            "yes_price": 21,
            "no_price": 79,
            "taker_side": "no"
        },
        {
            "trade_id": "514d6f85-5920-4278-b397-d6330f045fcc",
            "ticker": "KXHIGHNY-25JAN27-B38.5",
            "count": 30,
            "created_time": "2025-01-27T19:36:16.888643Z",
            "yes_price": 21,
            "no_price": 79,
            "taker_side": "no"
        },
        {
            "trade_id": "1c8d0f89-9dec-47d2-92b7-73aae22c4533",
            "ticker": "KXHIGHNY-25JAN27-B38.5",
            "count": 2,
            "created_time": "2025-01-27T19:35:49.836056Z",
            "yes_price": 21,
            "no_price": 79,
            "taker_side": "no"
        },
        {
            "trade_id": "4c4c5e86-f690-4088-a400-c41df9bf2635",
            "ticker": "KXHIGHNY-25JAN27-B38.5",
            "count": 8,
            "created_time": "2025-01-27T19:35:23.108788Z",
            "yes_price": 21,
            "no_price": 79,
            "taker_side": "yes"
        },
        {
            "trade_id": "417794ec-269d-47ce-a18b-d7dbf6b8c7ca",
            "ticker": "KXHIGHNY-25JAN27-B38.5",
            "count": 19,
            "created_time": "2025-01-27T19:35:23.108788Z",
            "yes_price": 37,
            "no_price": 63,
            "taker_side": "yes"
        },
        {
            "trade_id": "2576cd27-e1a2-4dd9-a02f-553cf91aa389",
            "ticker": "KXHIGHNY-25JAN27-B38.5",
            "count": 119,
            "created_time": "2025-01-27T19:35:23.108788Z",
            "yes_price": 37,
            "no_price": 63,
            "taker_side": "yes"
        },
        {
            "trade_id": "534941a1-f21a-416b-a995-9d4588f5629c",
            "ticker": "KXHIGHNY-25JAN27-B38.5",
            "count": 92,
            "created_time": "2025-01-27T19:35:19.124598Z",
            "yes_price": 21,
            "no_price": 79,
            "taker_side": "no"
        },
        {
            "trade_id": "508dade8-5a1f-4d36-a8e0-9615e2ee6843",
            "ticker": "KXHIGHNY-25JAN27-B38.5",
            "count": 8,
            "created_time": "2025-01-27T19:35:17.197164Z",
            "yes_price": 21,
            "no_price": 79,
            "taker_side": "no"
        },
        {
            "trade_id": "2ccab6ff-5fbd-4c6a-9b1a-9d9aa8fbf967",
            "ticker": "KXHIGHNY-25JAN27-B38.5",
            "count": 87,
            "created_time": "2025-01-27T19:34:43.809886Z",
            "yes_price": 23,
            "no_price": 77,
            "taker_side": "no"
        },
        {
            "trade_id": "67dab686-7bfa-4c9e-9dbc-186fe04608ef",
            "ticker": "KXHIGHNY-25JAN27-B38.5",
            "count": 49,
            "created_time": "2025-01-27T19:34:06.720186Z",
            "yes_price": 23,
            "no_price": 77,
            "taker_side": "no"
        },
        {
            "trade_id": "1186cdf6-0d5f-4a21-975f-c433b39babf3",
            "ticker": "KXHIGHNY-25JAN27-B38.5",
            "count": 106,
            "created_time": "2025-01-27T19:33:46.142523Z",
            "yes_price": 23,
            "no_price": 77,
            "taker_side": "no"
        },
        {
            "trade_id": "85f598e2-06cc-47a0-80da-b2f26cfefbd7",
            "ticker": "KXHIGHNY-25JAN27-B38.5",
            "count": 5,
            "created_time": "2025-01-27T19:33:35.747516Z",
            "yes_price": 37,
            "no_price": 63,
            "taker_side": "yes"
        },
        {
            "trade_id": "8332f950-4395-4f60-949c-0427417a092e",
            "ticker": "KXHIGHNY-25JAN27-B38.5",
            "count": 5,
            "created_time": "2025-01-27T19:31:54.937493Z",
            "yes_price": 24,
            "no_price": 76,
            "taker_side": "no"
        },
        {
            "trade_id": "4a0b527a-82e0-47d8-b24b-f6d1c504aa60",
            "ticker": "KXHIGHNY-25JAN27-B38.5",
            "count": 58,
            "created_time": "2025-01-27T19:31:54.937493Z",
            "yes_price": 23,
            "no_price": 77,
            "taker_side": "no"
        },
        {
            "trade_id": "f60c969e-6ae3-4d85-a9a9-d4c7646f87af",
            "ticker": "KXHIGHNY-25JAN27-B38.5",
            "count": 24,
            "created_time": "2025-01-27T19:31:47.381118Z",
            "yes_price": 24,
            "no_price": 76,
            "taker_side": "no"
        },
        {
            "trade_id": "1bfae169-b2f5-45c1-b18b-a0e8a7fa0f32",
            "ticker": "KXHIGHNY-25JAN27-B38.5",
            "count": 28,
            "created_time": "2025-01-27T19:31:01.590472Z",
            "yes_price": 26,
            "no_price": 74,
            "taker_side": "no"
        },
        {
            "trade_id": "ff9fed8a-a2f5-4eea-9302-3adbfee0874c",
            "ticker": "KXHIGHNY-25JAN27-B38.5",
            "count": 97,
            "created_time": "2025-01-27T19:29:00.209884Z",
            "yes_price": 23,
            "no_price": 77,
            "taker_side": "no"
        },
        {
            "trade_id": "ff90d7fd-f365-4183-92a6-fe2459764111",
            "ticker": "KXHIGHNY-25JAN27-B38.5",
            "count": 52,
            "created_time": "2025-01-27T19:29:00.209884Z",
            "yes_price": 23,
            "no_price": 77,
            "taker_side": "no"
        },
        {
            "trade_id": "a0f50192-0faf-410e-96c0-75606441d077",
            "ticker": "KXHIGHNY-25JAN27-B38.5",
            "count": 66,
            "created_time": "2025-01-27T19:27:42.525445Z",
            "yes_price": 23,
            "no_price": 77,
            "taker_side": "no"
        },
        {
            "trade_id": "c73d5f36-59ac-4518-94b5-d102aabf56d8",
            "ticker": "KXHIGHNY-25JAN27-B38.5",
            "count": 66,
            "created_time": "2025-01-27T19:27:40.313873Z",
            "yes_price": 24,
            "no_price": 76,
            "taker_side": "no"
        },
        {
            "trade_id": "124ef131-0a64-4007-b000-33f0c561e867",
            "ticker": "KXHIGHNY-25JAN27-B38.5",
            "count": 62,
            "created_time": "2025-01-27T19:27:40.313873Z",
            "yes_price": 23,
            "no_price": 77,
            "taker_side": "no"
        },
        {
            "trade_id": "8cdc2fb0-5dad-4e8c-bac2-21f0a38175da",
            "ticker": "KXHIGHNY-25JAN27-B38.5",
            "count": 30,
            "created_time": "2025-01-27T19:25:46.645105Z",
            "yes_price": 25,
            "no_price": 75,
            "taker_side": "no"
        },
        {
            "trade_id": "450521e8-e132-4ed2-9480-21ba2d3902c2",
            "ticker": "KXHIGHNY-25JAN27-B38.5",
            "count": 25,
            "created_time": "2025-01-27T19:25:46.645105Z",
            "yes_price": 23,
            "no_price": 77,
            "taker_side": "no"
        },
        {
            "trade_id": "bc0bba6c-f7cb-4111-860f-438a7e13a5de",
            "ticker": "KXHIGHNY-25JAN27-B38.5",
            "count": 4,
            "created_time": "2025-01-27T19:25:34.633377Z",
            "yes_price": 40,
            "no_price": 60,
            "taker_side": "yes"
        },
        {
            "trade_id": "91115693-64bc-4c7e-8c1f-f5fac3ce9904",
            "ticker": "KXHIGHNY-25JAN27-B38.5",
            "count": 265,
            "created_time": "2025-01-27T19:25:22.254892Z",
            "yes_price": 22,
            "no_price": 78,
            "taker_side": "no"
        },
        {
            "trade_id": "01d8c7ca-0111-4057-8374-d166c3b5a6e6",
            "ticker": "KXHIGHNY-25JAN27-B38.5",
            "count": 50,
            "created_time": "2025-01-27T19:25:13.083635Z",
            "yes_price": 22,
            "no_price": 78,
            "taker_side": "no"
        },
        {
            "trade_id": "63eff646-92f1-407d-a369-969fc25ea3d0",
            "ticker": "KXHIGHNY-25JAN27-B38.5",
            "count": 6,
            "created_time": "2025-01-27T19:24:53.99659Z",
            "yes_price": 40,
            "no_price": 60,
            "taker_side": "yes"
        },
        {
            "trade_id": "2c61b23e-cc20-465b-84f1-464ff837b17a",
            "ticker": "KXHIGHNY-25JAN27-B38.5",
            "count": 1,
            "created_time": "2025-01-27T19:24:53.99659Z",
            "yes_price": 34,
            "no_price": 66,
            "taker_side": "yes"
        },
        {
            "trade_id": "5e3e9399-88f7-422d-acdd-c5a912902c5a",
            "ticker": "KXHIGHNY-25JAN27-B38.5",
            "count": 100,
            "created_time": "2025-01-27T19:24:35.958845Z",
            "yes_price": 22,
            "no_price": 78,
            "taker_side": "no"
        },
        {
            "trade_id": "0e20552a-3746-48a0-af8e-355821e63357",
            "ticker": "KXHIGHNY-25JAN27-B38.5",
            "count": 59,
            "created_time": "2025-01-27T19:23:42.508975Z",
            "yes_price": 22,
            "no_price": 78,
            "taker_side": "no"
        },
        {
            "trade_id": "9d30d8fb-bf89-4d5d-be67-fb48a4faaa7c",
            "ticker": "KXHIGHNY-25JAN27-B38.5",
            "count": 73,
            "created_time": "2025-01-27T19:22:41.634094Z",
            "yes_price": 30,
            "no_price": 70,
            "taker_side": "yes"
        },
        {
            "trade_id": "ba0fac56-181a-487d-9ddf-af265b63cf89",
            "ticker": "KXHIGHNY-25JAN27-B38.5",
            "count": 100,
            "created_time": "2025-01-27T19:21:21.316696Z",
            "yes_price": 30,
            "no_price": 70,
            "taker_side": "no"
        },
        {
            "trade_id": "2bb28acf-f0ef-4e0a-bec4-98f0d0e580b7",
            "ticker": "KXHIGHNY-25JAN27-B38.5",
            "count": 1,
            "created_time": "2025-01-27T19:21:21.316696Z",
            "yes_price": 30,
            "no_price": 70,
            "taker_side": "no"
        },
        {
            "trade_id": "a98fb6fb-0034-4703-a475-5fb1db983993",
            "ticker": "KXHIGHNY-25JAN27-B38.5",
            "count": 1,
            "created_time": "2025-01-27T19:18:28.177945Z",
            "yes_price": 30,
            "no_price": 70,
            "taker_side": "no"
        },
        {
            "trade_id": "0362344e-d563-4b98-88af-4366bda238c3",
            "ticker": "KXHIGHNY-25JAN27-B38.5",
            "count": 12,
            "created_time": "2025-01-27T19:17:57.501765Z",
            "yes_price": 38,
            "no_price": 62,
            "taker_side": "yes"
        },
        {
            "trade_id": "27ab8c3e-d50e-46dd-a9f1-959c1df617ac",
            "ticker": "KXHIGHNY-25JAN27-B38.5",
            "count": 27,
            "created_time": "2025-01-27T19:14:18.249372Z",
            "yes_price": 30,
            "no_price": 70,
            "taker_side": "no"
        },
        {
            "trade_id": "766fa14f-dcfa-4b90-96a3-79aacfad78aa",
            "ticker": "KXHIGHNY-25JAN27-B38.5",
            "count": 276,
            "created_time": "2025-01-27T19:13:28.403162Z",
            "yes_price": 36,
            "no_price": 64,
            "taker_side": "no"
        },
        {
            "trade_id": "284a04d9-060d-4d98-9f5e-aca3dc5ff2cd",
            "ticker": "KXHIGHNY-25JAN27-B38.5",
            "count": 12,
            "created_time": "2025-01-27T19:10:26.43142Z",
            "yes_price": 22,
            "no_price": 78,
            "taker_side": "no"
        },
        {
            "trade_id": "9b250356-f09c-42da-9192-97a603aa88d4",
            "ticker": "KXHIGHNY-25JAN27-B38.5",
            "count": 62,
            "created_time": "2025-01-27T19:10:08.560336Z",
            "yes_price": 30,
            "no_price": 70,
            "taker_side": "yes"
        },
        {
            "trade_id": "578d8e4c-e99b-4e21-8bcc-6cc0123321f8",
            "ticker": "KXHIGHNY-25JAN27-B38.5",
            "count": 1,
            "created_time": "2025-01-27T19:10:08.560336Z",
            "yes_price": 32,
            "no_price": 68,
            "taker_side": "yes"
        },
        {
            "trade_id": "9ef31bfe-86ca-4c10-8796-4b7d810e3bb4",
            "ticker": "KXHIGHNY-25JAN27-B38.5",
            "count": 27,
            "created_time": "2025-01-27T19:08:03.91501Z",
            "yes_price": 22,
            "no_price": 78,
            "taker_side": "no"
        },
        {
            "trade_id": "6d454af9-e11a-4ba9-8091-b0e910043d96",
            "ticker": "KXHIGHNY-25JAN27-B38.5",
            "count": 40,
            "created_time": "2025-01-27T19:08:03.91501Z",
            "yes_price": 26,
            "no_price": 74,
            "taker_side": "no"
        },
        {
            "trade_id": "0e2e43e0-076e-43b4-a006-26b08d81e6ab",
            "ticker": "KXHIGHNY-25JAN27-B38.5",
            "count": 149,
            "created_time": "2025-01-27T19:07:17.291871Z",
            "yes_price": 32,
            "no_price": 68,
            "taker_side": "yes"
        },
        {
            "trade_id": "2347516b-716a-4243-89b0-670c39e6706f",
            "ticker": "KXHIGHNY-25JAN27-B38.5",
            "count": 20,
            "created_time": "2025-01-27T19:07:12.130882Z",
            "yes_price": 24,
            "no_price": 76,
            "taker_side": "no"
        },
        {
            "trade_id": "d7fa45e4-624c-4db8-8b29-84e89730dbc8",
            "ticker": "KXHIGHNY-25JAN27-B38.5",
            "count": 5,
            "created_time": "2025-01-27T19:07:02.363082Z",
            "yes_price": 23,
            "no_price": 77,
            "taker_side": "no"
        },
        {
            "trade_id": "3590ffad-f552-42c5-81ba-6f41d8c1f9f2",
            "ticker": "KXHIGHNY-25JAN27-B38.5",
            "count": 30,
            "created_time": "2025-01-27T19:07:01.443119Z",
            "yes_price": 23,
            "no_price": 77,
            "taker_side": "no"
        },
        {
            "trade_id": "f51b7317-95fa-4bb1-b206-ed9aa423e14f",
            "ticker": "KXHIGHNY-25JAN27-B38.5",
            "count": 118,
            "created_time": "2025-01-27T19:06:42.071829Z",
            "yes_price": 29,
            "no_price": 71,
            "taker_side": "yes"
        },
        {
            "trade_id": "28fe6e8b-74ee-4013-92d3-3960b459baf3",
            "ticker": "KXHIGHNY-25JAN27-B38.5",
            "count": 32,
            "created_time": "2025-01-27T19:05:59.419286Z",
            "yes_price": 29,
            "no_price": 71,
            "taker_side": "yes"
        },
        {
            "trade_id": "d0ec8e8b-d3b8-41df-ad30-b7f8ab510846",
            "ticker": "KXHIGHNY-25JAN27-B38.5",
            "count": 112,
            "created_time": "2025-01-27T19:05:39.784205Z",
            "yes_price": 21,
            "no_price": 79,
            "taker_side": "no"
        },
        {
            "trade_id": "e7af953a-695f-4fee-9678-9aae84d0583e",
            "ticker": "KXHIGHNY-25JAN27-B38.5",
            "count": 7,
            "created_time": "2025-01-27T19:05:08.478765Z",
            "yes_price": 27,
            "no_price": 73,
            "taker_side": "no"
        },
        {
            "trade_id": "71a562ef-dde5-437a-91bd-6c6a0acecebb",
            "ticker": "KXHIGHNY-25JAN27-B38.5",
            "count": 38,
            "created_time": "2025-01-27T19:04:52.041482Z",
            "yes_price": 33,
            "no_price": 67,
            "taker_side": "yes"
        },
        {
            "trade_id": "03c21a3b-5f90-45d1-ac86-7d728d9e6b50",
            "ticker": "KXHIGHNY-25JAN27-B38.5",
            "count": 5,
            "created_time": "2025-01-27T19:04:52.041482Z",
            "yes_price": 32,
            "no_price": 68,
            "taker_side": "yes"
        },
        {
            "trade_id": "a5cf8464-196f-4b22-b2c9-6855a5896dbe",
            "ticker": "KXHIGHNY-25JAN27-B38.5",
            "count": 7,
            "created_time": "2025-01-27T19:04:35.806867Z",
            "yes_price": 29,
            "no_price": 71,
            "taker_side": "no"
        },
        {
            "trade_id": "9e70dbfc-d802-4a0a-990b-6ed44d0da6e2",
            "ticker": "KXHIGHNY-25JAN27-B38.5",
            "count": 43,
            "created_time": "2025-01-27T19:04:35.806867Z",
            "yes_price": 27,
            "no_price": 73,
            "taker_side": "no"
        },
        {
            "trade_id": "cd25efdf-7456-485e-87bb-4dc6f1b2423b",
            "ticker": "KXHIGHNY-25JAN27-B38.5",
            "count": 25,
            "created_time": "2025-01-27T19:04:16.062228Z",
            "yes_price": 31,
            "no_price": 69,
            "taker_side": "no"
        },
        {
            "trade_id": "babed59d-7950-42a8-b189-6800a07e8511",
            "ticker": "KXHIGHNY-25JAN27-B38.5",
            "count": 50,
            "created_time": "2025-01-27T19:04:16.062228Z",
            "yes_price": 28,
            "no_price": 72,
            "taker_side": "no"
        },
        {
            "trade_id": "a1d2c0b3-d3bc-4e71-ac04-40ecf3a14c05",
            "ticker": "KXHIGHNY-25JAN27-B38.5",
            "count": 19,
            "created_time": "2025-01-27T19:04:16.062228Z",
            "yes_price": 28,
            "no_price": 72,
            "taker_side": "no"
        },
        {
            "trade_id": "8c010dd8-a324-4747-9876-8b44a7ac29ba",
            "ticker": "KXHIGHNY-25JAN27-B38.5",
            "count": 100,
            "created_time": "2025-01-27T19:04:16.062228Z",
            "yes_price": 29,
            "no_price": 71,
            "taker_side": "no"
        },
        {
            "trade_id": "22d81bc9-8043-4873-bc3e-fc1f6a7ef9a2",
            "ticker": "KXHIGHNY-25JAN27-B38.5",
            "count": 50,
            "created_time": "2025-01-27T19:04:16.062228Z",
            "yes_price": 28,
            "no_price": 72,
            "taker_side": "no"
        },
        {
            "trade_id": "19fa2ed8-f393-415a-a8c3-f97845031c0c",
            "ticker": "KXHIGHNY-25JAN27-B38.5",
            "count": 100,
            "created_time": "2025-01-27T19:04:16.062228Z",
            "yes_price": 33,
            "no_price": 67,
            "taker_side": "no"
        },
        {
            "trade_id": "a0d858e8-b531-4513-aea3-f4f649036180",
            "ticker": "KXHIGHNY-25JAN27-B38.5",
            "count": 13,
            "created_time": "2025-01-27T19:03:01.572356Z",
            "yes_price": 32,
            "no_price": 68,
            "taker_side": "no"
        },
        {
            "trade_id": "58916756-d506-4495-9c32-fd37522cc56e",
            "ticker": "KXHIGHNY-25JAN27-B38.5",
            "count": 10,
            "created_time": "2025-01-27T19:02:47.637778Z",
            "yes_price": 32,
            "no_price": 68,
            "taker_side": "no"
        },
        {
            "trade_id": "feb91206-9ca6-4f47-9f55-901f70c9b6b9",
            "ticker": "KXHIGHNY-25JAN27-B38.5",
            "count": 29,
            "created_time": "2025-01-27T19:02:26.461691Z",
            "yes_price": 32,
            "no_price": 68,
            "taker_side": "no"
        },
        {
            "trade_id": "f0ff7f02-54bf-4d61-bee8-805a975584b0",
            "ticker": "KXHIGHNY-25JAN27-B38.5",
            "count": 4,
            "created_time": "2025-01-27T19:02:26.461691Z",
            "yes_price": 31,
            "no_price": 69,
            "taker_side": "no"
        },
        {
            "trade_id": "42ff439d-2dc2-4e86-ad81-5b1363c0a723",
            "ticker": "KXHIGHNY-25JAN27-B38.5",
            "count": 99,
            "created_time": "2025-01-27T19:00:26.555944Z",
            "yes_price": 30,
            "no_price": 70,
            "taker_side": "no"
        },
        {
            "trade_id": "694155ac-d201-408a-b883-e1ce364772e5",
            "ticker": "KXHIGHNY-25JAN27-B38.5",
            "count": 1,
            "created_time": "2025-01-27T18:59:52.860585Z",
            "yes_price": 30,
            "no_price": 70,
            "taker_side": "no"
        },
        {
            "trade_id": "965f930e-99c8-4316-a03c-6ceace31b532",
            "ticker": "KXHIGHNY-25JAN27-B38.5",
            "count": 4,
            "created_time": "2025-01-27T18:58:04.413973Z",
            "yes_price": 29,
            "no_price": 71,
            "taker_side": "no"
        },
        {
            "trade_id": "a2e80058-609f-416c-b7ee-8e23d001e07a",
            "ticker": "KXHIGHNY-25JAN27-B38.5",
            "count": 21,
            "created_time": "2025-01-27T18:57:47.008614Z",
            "yes_price": 33,
            "no_price": 67,
            "taker_side": "no"
        },
        {
            "trade_id": "3d074717-8060-4388-9f3c-3223b52dbd06",
            "ticker": "KXHIGHNY-25JAN27-B38.5",
            "count": 1,
            "created_time": "2025-01-27T18:56:50.878764Z",
            "yes_price": 35,
            "no_price": 65,
            "taker_side": "no"
        },
        {
            "trade_id": "fc79aa96-e19f-4b3b-89ee-ca15d3a6758d",
            "ticker": "KXHIGHNY-25JAN27-B38.5",
            "count": 25,
            "created_time": "2025-01-27T18:56:28.411812Z",
            "yes_price": 33,
            "no_price": 67,
            "taker_side": "no"
        },
        {
            "trade_id": "b748570b-c43b-4573-ba1a-0a9addce2fa1",
            "ticker": "KXHIGHNY-25JAN27-B38.5",
            "count": 11,
            "created_time": "2025-01-27T18:56:19.366779Z",
            "yes_price": 34,
            "no_price": 66,
            "taker_side": "no"
        },
        {
            "trade_id": "9318d2d9-fe0c-40ce-b788-a49f71131ad9",
            "ticker": "KXHIGHNY-25JAN27-B38.5",
            "count": 50,
            "created_time": "2025-01-27T18:56:19.366779Z",
            "yes_price": 34,
            "no_price": 66,
            "taker_side": "no"
        },
        {
            "trade_id": "d0fe5565-4ef1-43dc-a496-9f3945f79813",
            "ticker": "KXHIGHNY-25JAN27-B38.5",
            "count": 21,
            "created_time": "2025-01-27T18:52:13.471816Z",
            "yes_price": 37,
            "no_price": 63,
            "taker_side": "no"
        },
        {
            "trade_id": "f7cf3da4-5bce-4bb9-ad00-7a5e92667f39",
            "ticker": "KXHIGHNY-25JAN27-B38.5",
            "count": 50,
            "created_time": "2025-01-27T18:51:52.702215Z",
            "yes_price": 37,
            "no_price": 63,
            "taker_side": "no"
        },
        {
            "trade_id": "4f525a3b-f121-4145-aaa2-10e44a0aa5d4",
            "ticker": "KXHIGHNY-25JAN27-B38.5",
            "count": 11,
            "created_time": "2025-01-27T18:50:10.079923Z",
            "yes_price": 57,
            "no_price": 43,
            "taker_side": "yes"
        },
        {
            "trade_id": "1e8de31b-df11-4b2c-a1f2-b558904aaa8e",
            "ticker": "KXHIGHNY-25JAN27-B38.5",
            "count": 6,
            "created_time": "2025-01-27T18:50:10.079923Z",
            "yes_price": 57,
            "no_price": 43,
            "taker_side": "yes"
        },
        {
            "trade_id": "dc3d450c-33ba-43c5-9447-eed83cb758f0",
            "ticker": "KXHIGHNY-25JAN27-B38.5",
            "count": 14,
            "created_time": "2025-01-27T18:48:23.988506Z",
            "yes_price": 46,
            "no_price": 54,
            "taker_side": "no"
        },
        {
            "trade_id": "da07d859-b771-42ef-9951-47575499d44f",
            "ticker": "KXHIGHNY-25JAN27-B38.5",
            "count": 11,
            "created_time": "2025-01-27T18:48:23.988506Z",
            "yes_price": 45,
            "no_price": 55,
            "taker_side": "no"
        },
        {
            "trade_id": "34efde27-6645-4858-83d2-80ce36c403a5",
            "ticker": "KXHIGHNY-25JAN27-B38.5",
            "count": 7,
            "created_time": "2025-01-27T18:34:27.768198Z",
            "yes_price": 61,
            "no_price": 39,
            "taker_side": "yes"
        },
        {
            "trade_id": "9abe7aa5-dd02-4216-9d8b-7e93e9d42f61",
            "ticker": "KXHIGHNY-25JAN27-B38.5",
            "count": 6,
            "created_time": "2025-01-27T18:30:11.332398Z",
            "yes_price": 75,
            "no_price": 25,
            "taker_side": "yes"
        },
        {
            "trade_id": "1d3efc47-4c41-44b0-8dd5-7a4e2ff0d48b",
            "ticker": "KXHIGHNY-25JAN27-B38.5",
            "count": 7,
            "created_time": "2025-01-27T18:30:11.332398Z",
            "yes_price": 76,
            "no_price": 24,
            "taker_side": "yes"
        },
        {
            "trade_id": "f204cfe5-6521-41b5-b2c9-bc74fa983347",
            "ticker": "KXHIGHNY-25JAN27-B38.5",
            "count": 13,
            "created_time": "2025-01-27T18:29:31.256493Z",
            "yes_price": 45,
            "no_price": 55,
            "taker_side": "no"
        },
        {
            "trade_id": "7ee4179e-5790-4587-ae16-0c26299f0c49",
            "ticker": "KXHIGHNY-25JAN27-B38.5",
            "count": 9,
            "created_time": "2025-01-27T18:27:54.594795Z",
            "yes_price": 75,
            "no_price": 25,
            "taker_side": "yes"
        },
        {
            "trade_id": "170770c8-2b5a-4ced-9f7e-fa74eaeb1c20",
            "ticker": "KXHIGHNY-25JAN27-B38.5",
            "count": 4,
            "created_time": "2025-01-27T18:27:54.594795Z",
            "yes_price": 75,
            "no_price": 25,
            "taker_side": "yes"
        },
        {
            "trade_id": "95e3a87b-b08f-4f82-8713-79b79945e70e",
            "ticker": "KXHIGHNY-25JAN27-B38.5",
            "count": 16,
            "created_time": "2025-01-27T18:25:45.599758Z",
            "yes_price": 75,
            "no_price": 25,
            "taker_side": "yes"
        },
        {
            "trade_id": "f0401b4c-6e6d-4c55-bc4f-19586f4cd35d",
            "ticker": "KXHIGHNY-25JAN27-B38.5",
            "count": 65,
            "created_time": "2025-01-27T18:23:28.848962Z",
            "yes_price": 76,
            "no_price": 24,
            "taker_side": "no"
        },
        {
            "trade_id": "588a6f2c-47a0-46b1-b1d4-3b77dc7b0081",
            "ticker": "KXHIGHNY-25JAN27-B38.5",
            "count": 40,
            "created_time": "2025-01-27T18:23:26.486976Z",
            "yes_price": 77,
            "no_price": 23,
            "taker_side": "no"
        },
        {
            "trade_id": "98cb48f9-4fe0-4c03-98c5-698a580cc133",
            "ticker": "KXHIGHNY-25JAN27-B38.5",
            "count": 12,
            "created_time": "2025-01-27T18:23:25.559579Z",
            "yes_price": 76,
            "no_price": 24,
            "taker_side": "no"
        },
        {
            "trade_id": "38487ff9-27c6-4371-9a2a-e06b1e42ffec",
            "ticker": "KXHIGHNY-25JAN27-B38.5",
            "count": 32,
            "created_time": "2025-01-27T18:23:25.466911Z",
            "yes_price": 76,
            "no_price": 24,
            "taker_side": "no"
        },
        {
            "trade_id": "ddac417d-f04b-471c-910b-72a0684a4113",
            "ticker": "KXHIGHNY-25JAN27-B38.5",
            "count": 15,
            "created_time": "2025-01-27T18:23:25.325231Z",
            "yes_price": 75,
            "no_price": 25,
            "taker_side": "yes"
        },
        {
            "trade_id": "52b944c7-7dc4-4753-8c85-f20b17243818",
            "ticker": "KXHIGHNY-25JAN27-B38.5",
            "count": 33,
            "created_time": "2025-01-27T18:23:25.325231Z",
            "yes_price": 75,
            "no_price": 25,
            "taker_side": "yes"
        },
        {
            "trade_id": "51e7003a-484d-47b8-949f-e5dc73d44318",
            "ticker": "KXHIGHNY-25JAN27-B38.5",
            "count": 50,
            "created_time": "2025-01-27T18:23:25.325231Z",
            "yes_price": 75,
            "no_price": 25,
            "taker_side": "yes"
        },
        {
            "trade_id": "4e977f8a-7af3-4a61-a573-a97d48771343",
            "ticker": "KXHIGHNY-25JAN27-B38.5",
            "count": 38,
            "created_time": "2025-01-27T18:23:25.325231Z",
            "yes_price": 76,
            "no_price": 24,
            "taker_side": "yes"
        },
        {
            "trade_id": "15baed81-667b-43a1-8ae7-27f94435fefd",
            "ticker": "KXHIGHNY-25JAN27-B38.5",
            "count": 100,
            "created_time": "2025-01-27T18:23:25.325231Z",
            "yes_price": 73,
            "no_price": 27,
            "taker_side": "yes"
        },
        {
            "trade_id": "be2cd000-5af6-46b5-b6c4-b9f2d3389d51",
            "ticker": "KXHIGHNY-25JAN27-B38.5",
            "count": 10,
            "created_time": "2025-01-27T18:22:53.214648Z",
            "yes_price": 73,
            "no_price": 27,
            "taker_side": "yes"
        },
        {
            "trade_id": "482caefe-25f7-4874-9ebe-e5fd3e0f6614",
            "ticker": "KXHIGHNY-25JAN27-B38.5",
            "count": 8,
            "created_time": "2025-01-27T18:22:53.214648Z",
            "yes_price": 74,
            "no_price": 26,
            "taker_side": "yes"
        },
        {
            "trade_id": "f011add4-471f-4b36-91cc-b8b40afc5049",
            "ticker": "KXHIGHNY-25JAN27-B38.5",
            "count": 50,
            "created_time": "2025-01-27T18:21:04.498146Z",
            "yes_price": 55,
            "no_price": 45,
            "taker_side": "no"
        },
        {
            "trade_id": "e987a68d-42e3-4a28-a02d-2e5f6a27c9cf",
            "ticker": "KXHIGHNY-25JAN27-B38.5",
            "count": 50,
            "created_time": "2025-01-27T18:21:04.498146Z",
            "yes_price": 29,
            "no_price": 71,
            "taker_side": "no"
        },
        {
            "trade_id": "e259e41f-1035-44dd-bd0a-f3007449dadd",
            "ticker": "KXHIGHNY-25JAN27-B38.5",
            "count": 50,
            "created_time": "2025-01-27T18:21:04.498146Z",
            "yes_price": 29,
            "no_price": 71,
            "taker_side": "no"
        },
        {
            "trade_id": "b7b22d32-2b89-40c9-9641-9bd9362c79a4",
            "ticker": "KXHIGHNY-25JAN27-B38.5",
            "count": 50,
            "created_time": "2025-01-27T18:21:04.498146Z",
            "yes_price": 43,
            "no_price": 57,
            "taker_side": "no"
        },
        {
            "trade_id": "94c646c2-0cd7-40e1-82c4-e5af3071f960",
            "ticker": "KXHIGHNY-25JAN27-B38.5",
            "count": 10,
            "created_time": "2025-01-27T18:21:04.498146Z",
            "yes_price": 59,
            "no_price": 41,
            "taker_side": "no"
        },
        {
            "trade_id": "737911b6-0c7d-47fb-a994-018c77569ab6",
            "ticker": "KXHIGHNY-25JAN27-B38.5",
            "count": 30,
            "created_time": "2025-01-27T18:21:04.498146Z",
            "yes_price": 28,
            "no_price": 72,
            "taker_side": "no"
        },
        {
            "trade_id": "4fb13802-ce73-4753-b782-1f6abccac310",
            "ticker": "KXHIGHNY-25JAN27-B38.5",
            "count": 50,
            "created_time": "2025-01-27T18:21:04.498146Z",
            "yes_price": 64,
            "no_price": 36,
            "taker_side": "no"
        },
        {
            "trade_id": "36583fe5-eb3c-44b0-994d-fd1281911ae6",
            "ticker": "KXHIGHNY-25JAN27-B38.5",
            "count": 14,
            "created_time": "2025-01-27T18:21:04.498146Z",
            "yes_price": 67,
            "no_price": 33,
            "taker_side": "no"
        },
        {
            "trade_id": "28bd2d34-2ec8-49ff-a278-7c88c063fa2b",
            "ticker": "KXHIGHNY-25JAN27-B38.5",
            "count": 46,
            "created_time": "2025-01-27T18:21:04.498146Z",
            "yes_price": 33,
            "no_price": 67,
            "taker_side": "no"
        },
        {
            "trade_id": "1c56c567-edc4-4e97-821f-da5d57ec8cc2",
            "ticker": "KXHIGHNY-25JAN27-B38.5",
            "count": 50,
            "created_time": "2025-01-27T18:21:04.498146Z",
            "yes_price": 43,
            "no_price": 57,
            "taker_side": "no"
        },
        {
            "trade_id": "1a34720f-1026-4e17-80de-d8eb1ae6ce69",
            "ticker": "KXHIGHNY-25JAN27-B38.5",
            "count": 100,
            "created_time": "2025-01-27T18:21:04.498146Z",
            "yes_price": 60,
            "no_price": 40,
            "taker_side": "no"
        },
        {
            "trade_id": "2db764b2-5ed4-4520-a28f-31853580cd2e",
            "ticker": "KXHIGHNY-25JAN27-B38.5",
            "count": 3,
            "created_time": "2025-01-27T18:19:11.574764Z",
            "yes_price": 74,
            "no_price": 26,
            "taker_side": "yes"
        },
        {
            "trade_id": "27f6727e-d2f1-49ce-ad95-8a6eb0fd16cc",
            "ticker": "KXHIGHNY-25JAN27-B38.5",
            "count": 23,
            "created_time": "2025-01-27T18:19:11.574764Z",
            "yes_price": 74,
            "no_price": 26,
            "taker_side": "yes"
        },
        {
            "trade_id": "8f24886e-8137-405b-ac50-d1dc1f9a3218",
            "ticker": "KXHIGHNY-25JAN27-B38.5",
            "count": 25,
            "created_time": "2025-01-27T18:18:44.71822Z",
            "yes_price": 73,
            "no_price": 27,
            "taker_side": "yes"
        },
        {
            "trade_id": "86931f4b-db78-498c-9ba3-189df11061ad",
            "ticker": "KXHIGHNY-25JAN27-B38.5",
            "count": 12,
            "created_time": "2025-01-27T18:18:42.202795Z",
            "yes_price": 73,
            "no_price": 27,
            "taker_side": "yes"
        },
        {
            "trade_id": "0fe32aba-3f7b-4340-84a5-84a130d37bc3",
            "ticker": "KXHIGHNY-25JAN27-B38.5",
            "count": 1,
            "created_time": "2025-01-27T18:18:42.202795Z",
            "yes_price": 73,
            "no_price": 27,
            "taker_side": "yes"
        },
        {
            "trade_id": "4e5c5a55-90d0-449a-afec-cf061584d0d5",
            "ticker": "KXHIGHNY-25JAN27-B38.5",
            "count": 6,
            "created_time": "2025-01-27T18:17:59.139308Z",
            "yes_price": 64,
            "no_price": 36,
            "taker_side": "yes"
        },
        {
            "trade_id": "0e7b84b1-595f-4c82-9db8-b79b71740d8e",
            "ticker": "KXHIGHNY-25JAN27-B38.5",
            "count": 50,
            "created_time": "2025-01-27T18:17:59.139308Z",
            "yes_price": 65,
            "no_price": 35,
            "taker_side": "yes"
        },
        {
            "trade_id": "998acaa1-97ca-4243-94a9-80442fb1b2ee",
            "ticker": "KXHIGHNY-25JAN27-B38.5",
            "count": 10,
            "created_time": "2025-01-27T18:16:19.65838Z",
            "yes_price": 63,
            "no_price": 37,
            "taker_side": "no"
        },
        {
            "trade_id": "fdabd0b3-2627-4a28-b1b5-c9444193a5e8",
            "ticker": "KXHIGHNY-25JAN27-B38.5",
            "count": 4,
            "created_time": "2025-01-27T18:16:05.643366Z",
            "yes_price": 64,
            "no_price": 36,
            "taker_side": "yes"
        },
        {
            "trade_id": "82a67b52-be6f-4c32-84bb-5b9db4216a28",
            "ticker": "KXHIGHNY-25JAN27-B38.5",
            "count": 24,
            "created_time": "2025-01-27T18:16:05.643366Z",
            "yes_price": 65,
            "no_price": 35,
            "taker_side": "yes"
        },
        {
            "trade_id": "d1d57d84-8d06-414b-b44a-117a07eb2b95",
            "ticker": "KXHIGHNY-25JAN27-B38.5",
            "count": 10,
            "created_time": "2025-01-27T18:15:32.185551Z",
            "yes_price": 63,
            "no_price": 37,
            "taker_side": "yes"
        },
        {
            "trade_id": "efa2a13f-363d-4a4f-9233-7e9eefd0e9c5",
            "ticker": "KXHIGHNY-25JAN27-B38.5",
            "count": 10,
            "created_time": "2025-01-27T18:15:15.474771Z",
            "yes_price": 60,
            "no_price": 40,
            "taker_side": "no"
        },
        {
            "trade_id": "e5838352-5db8-4dc5-a341-779fa34ad9f8",
            "ticker": "KXHIGHNY-25JAN27-B38.5",
            "count": 62,
            "created_time": "2025-01-27T18:15:15.474771Z",
            "yes_price": 59,
            "no_price": 41,
            "taker_side": "no"
        },
        {
            "trade_id": "cbbd1d52-0c1b-4281-a7d8-45301e66e0ce",
            "ticker": "KXHIGHNY-25JAN27-B38.5",
            "count": 8,
            "created_time": "2025-01-27T18:15:15.474771Z",
            "yes_price": 60,
            "no_price": 40,
            "taker_side": "no"
        },
        {
            "trade_id": "c1d8c878-7703-4ac3-b55c-7861cf7a6c2e",
            "ticker": "KXHIGHNY-25JAN27-B38.5",
            "count": 4,
            "created_time": "2025-01-27T18:15:01.889575Z",
            "yes_price": 65,
            "no_price": 35,
            "taker_side": "yes"
        },
        {
            "trade_id": "5a1ac449-0beb-4c5a-a4dc-c3d4384c8dcd",
            "ticker": "KXHIGHNY-25JAN27-B38.5",
            "count": 3,
            "created_time": "2025-01-27T18:15:01.889575Z",
            "yes_price": 64,
            "no_price": 36,
            "taker_side": "yes"
        },
        {
            "trade_id": "0ed1f962-e767-47a4-a570-c8a84288a28b",
            "ticker": "KXHIGHNY-25JAN27-B38.5",
            "count": 8,
            "created_time": "2025-01-27T18:15:01.889575Z",
            "yes_price": 63,
            "no_price": 37,
            "taker_side": "yes"
        },
        {
            "trade_id": "9764f01d-722e-422a-ae0a-7d8b16d2b306",
            "ticker": "KXHIGHNY-25JAN27-B38.5",
            "count": 2,
            "created_time": "2025-01-27T18:14:07.692751Z",
            "yes_price": 62,
            "no_price": 38,
            "taker_side": "no"
        },
        {
            "trade_id": "fe7cded7-819e-46eb-b02b-d475a5ca0c80",
            "ticker": "KXHIGHNY-25JAN27-B38.5",
            "count": 276,
            "created_time": "2025-01-27T18:07:21.168105Z",
            "yes_price": 67,
            "no_price": 33,
            "taker_side": "no"
        },
        {
            "trade_id": "951421e4-9f1a-4382-85e6-c26133902735",
            "ticker": "KXHIGHNY-25JAN27-B38.5",
            "count": 96,
            "created_time": "2025-01-27T18:07:08.249236Z",
            "yes_price": 67,
            "no_price": 33,
            "taker_side": "no"
        },
        {
            "trade_id": "58e9d8ed-4046-4d02-98cc-5400f71a5138",
            "ticker": "KXHIGHNY-25JAN27-B38.5",
            "count": 50,
            "created_time": "2025-01-27T18:07:08.249236Z",
            "yes_price": 68,
            "no_price": 32,
            "taker_side": "no"
        },
        {
            "trade_id": "b7eba567-4d4f-4d1a-a802-8608af8e7de1",
            "ticker": "KXHIGHNY-25JAN27-B38.5",
            "count": 12,
            "created_time": "2025-01-27T18:06:48.657429Z",
            "yes_price": 76,
            "no_price": 24,
            "taker_side": "yes"
        },
        {
            "trade_id": "efb8f52d-f292-4814-99bc-021d002d4925",
            "ticker": "KXHIGHNY-25JAN27-B38.5",
            "count": 29,
            "created_time": "2025-01-27T18:05:47.329744Z",
            "yes_price": 68,
            "no_price": 32,
            "taker_side": "no"
        },
        {
            "trade_id": "b0ae82c5-0c4b-4b22-92b7-0bbae16841a8",
            "ticker": "KXHIGHNY-25JAN27-B38.5",
            "count": 2,
            "created_time": "2025-01-27T18:02:48.634563Z",
            "yes_price": 93,
            "no_price": 7,
            "taker_side": "yes"
        },
        {
            "trade_id": "70c632a3-cdc6-41aa-bb84-11d3e0fa41e7",
            "ticker": "KXHIGHNY-25JAN27-B38.5",
            "count": 1,
            "created_time": "2025-01-27T18:02:48.634563Z",
            "yes_price": 92,
            "no_price": 8,
            "taker_side": "yes"
        },
        {
            "trade_id": "3ec547c4-85aa-45b5-a80c-503be59541cc",
            "ticker": "KXHIGHNY-25JAN27-B38.5",
            "count": 1,
            "created_time": "2025-01-27T18:02:48.634563Z",
            "yes_price": 90,
            "no_price": 10,
            "taker_side": "yes"
        },
        {
            "trade_id": "095aeb6b-d70a-4d86-a169-90e3ea3b0e28",
            "ticker": "KXHIGHNY-25JAN27-B38.5",
            "count": 38,
            "created_time": "2025-01-27T18:02:29.975233Z",
            "yes_price": 85,
            "no_price": 15,
            "taker_side": "no"
        },
        {
            "trade_id": "e8393b0a-2c6f-4db7-a25f-b20f732f1e91",
            "ticker": "KXHIGHNY-25JAN27-B38.5",
            "count": 22,
            "created_time": "2025-01-27T18:02:29.643117Z",
            "yes_price": 85,
            "no_price": 15,
            "taker_side": "no"
        },
        {
            "trade_id": "6725eb56-f31a-4081-8f2e-81eacdb85694",
            "ticker": "KXHIGHNY-25JAN27-B38.5",
            "count": 100,
            "created_time": "2025-01-27T18:02:29.328547Z",
            "yes_price": 85,
            "no_price": 15,
            "taker_side": "no"
        },
        {
            "trade_id": "5fe3d712-acd5-4fec-82b1-1b111ceacfd5",
            "ticker": "KXHIGHNY-25JAN27-B38.5",
            "count": 40,
            "created_time": "2025-01-27T18:02:28.974408Z",
            "yes_price": 85,
            "no_price": 15,
            "taker_side": "no"
        },
        {
            "trade_id": "f25e3ec6-3a06-4605-bdb9-61aa3fcec7df",
            "ticker": "KXHIGHNY-25JAN27-B38.5",
            "count": 10,
            "created_time": "2025-01-27T18:01:12.033852Z",
            "yes_price": 82,
            "no_price": 18,
            "taker_side": "yes"
        },
        {
            "trade_id": "38566a34-bf40-49b8-b93b-b2799094c4a1",
            "ticker": "KXHIGHNY-25JAN27-B38.5",
            "count": 1,
            "created_time": "2025-01-27T18:01:12.033852Z",
            "yes_price": 82,
            "no_price": 18,
            "taker_side": "yes"
        },
        {
            "trade_id": "087c8a50-34ca-4a9b-ae36-ba63f0864174",
            "ticker": "KXHIGHNY-25JAN27-B38.5",
            "count": 50,
            "created_time": "2025-01-27T18:01:12.033852Z",
            "yes_price": 86,
            "no_price": 14,
            "taker_side": "yes"
        },
        {
            "trade_id": "ebdcadd3-d492-4cf1-8f27-f330f01751a3",
            "ticker": "KXHIGHNY-25JAN27-B38.5",
            "count": 50,
            "created_time": "2025-01-27T18:00:57.785862Z",
            "yes_price": 84,
            "no_price": 16,
            "taker_side": "yes"
        },
        {
            "trade_id": "a62f51e5-1afc-4f69-bc2b-7c6a1fcfd88b",
            "ticker": "KXHIGHNY-25JAN27-B38.5",
            "count": 1,
            "created_time": "2025-01-27T18:00:57.785862Z",
            "yes_price": 83,
            "no_price": 17,
            "taker_side": "yes"
        },
        {
            "trade_id": "14056943-cc88-435b-8f4a-2e7efe4aab81",
            "ticker": "KXHIGHNY-25JAN27-B38.5",
            "count": 200,
            "created_time": "2025-01-27T18:00:57.785862Z",
            "yes_price": 85,
            "no_price": 15,
            "taker_side": "yes"
        },
        {
            "trade_id": "e9343830-2656-4f92-91e3-d7fddc613cfc",
            "ticker": "KXHIGHNY-25JAN27-B38.5",
            "count": 40,
            "created_time": "2025-01-27T18:00:49.044844Z",
            "yes_price": 65,
            "no_price": 35,
            "taker_side": "no"
        },
        {
            "trade_id": "d9565d27-59a7-4cb8-84c8-ceda9d8bf563",
            "ticker": "KXHIGHNY-25JAN27-B38.5",
            "count": 50,
            "created_time": "2025-01-27T18:00:45.575802Z",
            "yes_price": 78,
            "no_price": 22,
            "taker_side": "yes"
        },
        {
            "trade_id": "856aebbd-e0fd-4bef-b444-6aac273dafe9",
            "ticker": "KXHIGHNY-25JAN27-B38.5",
            "count": 1,
            "created_time": "2025-01-27T18:00:45.575802Z",
            "yes_price": 77,
            "no_price": 23,
            "taker_side": "yes"
        },
        {
            "trade_id": "c67a18d6-979c-4c4b-912e-b5f0b8a7e48e",
            "ticker": "KXHIGHNY-25JAN27-B38.5",
            "count": 50,
            "created_time": "2025-01-27T18:00:36.568442Z",
            "yes_price": 68,
            "no_price": 32,
            "taker_side": "yes"
        },
        {
            "trade_id": "3996359e-2d00-4874-ab4f-a2505cefebd1",
            "ticker": "KXHIGHNY-25JAN27-B38.5",
            "count": 1,
            "created_time": "2025-01-27T18:00:36.568442Z",
            "yes_price": 67,
            "no_price": 33,
            "taker_side": "yes"
        },
        {
            "trade_id": "efe5585f-9c83-4487-bf62-d874b4e74d6a",
            "ticker": "KXHIGHNY-25JAN27-B38.5",
            "count": 1,
            "created_time": "2025-01-27T17:58:41.267686Z",
            "yes_price": 65,
            "no_price": 35,
            "taker_side": "yes"
        },
        {
            "trade_id": "ed56db0a-fb03-44bf-a9d8-8418b5e3a1b0",
            "ticker": "KXHIGHNY-25JAN27-B38.5",
            "count": 50,
            "created_time": "2025-01-27T17:58:15.917261Z",
            "yes_price": 66,
            "no_price": 34,
            "taker_side": "yes"
        },
        {
            "trade_id": "a8fcd688-c52f-4240-b756-e3060d7d6358",
            "ticker": "KXHIGHNY-25JAN27-B38.5",
            "count": 1,
            "created_time": "2025-01-27T17:58:15.917261Z",
            "yes_price": 59,
            "no_price": 41,
            "taker_side": "yes"
        },
        {
            "trade_id": "42bc7c73-6ae5-4d68-a4a1-5f5c62000667",
            "ticker": "KXHIGHNY-25JAN27-B38.5",
            "count": 7,
            "created_time": "2025-01-27T17:53:27.492193Z",
            "yes_price": 60,
            "no_price": 40,
            "taker_side": "yes"
        },
        {
            "trade_id": "c023d78b-a4c1-4c45-8452-01ae0d99eadc",
            "ticker": "KXHIGHNY-25JAN27-B38.5",
            "count": 1,
            "created_time": "2025-01-27T17:49:11.914592Z",
            "yes_price": 59,
            "no_price": 41,
            "taker_side": "yes"
        },
        {
            "trade_id": "4bdd4ed3-17f7-4d9e-a373-63fb9f0e6643",
            "ticker": "KXHIGHNY-25JAN27-B38.5",
            "count": 72,
            "created_time": "2025-01-27T17:49:11.914592Z",
            "yes_price": 67,
            "no_price": 33,
            "taker_side": "yes"
        },
        {
            "trade_id": "b43a29a3-825b-48f8-9223-93a6265cfcfd",
            "ticker": "KXHIGHNY-25JAN27-B38.5",
            "count": 2,
            "created_time": "2025-01-27T17:48:23.798481Z",
            "yes_price": 60,
            "no_price": 40,
            "taker_side": "no"
        },
        {
            "trade_id": "fb337007-6db1-4568-a556-f2180a6833be",
            "ticker": "KXHIGHNY-25JAN27-B38.5",
            "count": 28,
            "created_time": "2025-01-27T17:47:07.793055Z",
            "yes_price": 64,
            "no_price": 36,
            "taker_side": "no"
        },
        {
            "trade_id": "cef19efa-7c7b-4939-a07d-ec9fc8a126f3",
            "ticker": "KXHIGHNY-25JAN27-B38.5",
            "count": 2,
            "created_time": "2025-01-27T17:47:07.349626Z",
            "yes_price": 64,
            "no_price": 36,
            "taker_side": "yes"
        },
        {
            "trade_id": "270f06f4-97f9-4967-9514-1205ef7c947d",
            "ticker": "KXHIGHNY-25JAN27-B38.5",
            "count": 45,
            "created_time": "2025-01-27T17:46:41.129456Z",
            "yes_price": 64,
            "no_price": 36,
            "taker_side": "no"
        },
        {
            "trade_id": "7f2e9786-1640-4989-b83e-e80781fa28c7",
            "ticker": "KXHIGHNY-25JAN27-B38.5",
            "count": 2,
            "created_time": "2025-01-27T17:46:40.807183Z",
            "yes_price": 64,
            "no_price": 36,
            "taker_side": "no"
        },
        {
            "trade_id": "a135f843-ed14-4a88-a08d-ee390aa275fa",
            "ticker": "KXHIGHNY-25JAN27-B38.5",
            "count": 50,
            "created_time": "2025-01-27T17:46:40.290787Z",
            "yes_price": 64,
            "no_price": 36,
            "taker_side": "yes"
        },
        {
            "trade_id": "59f4084c-92e0-46fd-8b5e-05a01f21428c",
            "ticker": "KXHIGHNY-25JAN27-B38.5",
            "count": 3,
            "created_time": "2025-01-27T17:46:40.290787Z",
            "yes_price": 64,
            "no_price": 36,
            "taker_side": "yes"
        },
        {
            "trade_id": "2f14baac-8f62-4abf-9ecd-06143a5644fa",
            "ticker": "KXHIGHNY-25JAN27-B38.5",
            "count": 35,
            "created_time": "2025-01-27T17:45:49.452694Z",
            "yes_price": 61,
            "no_price": 39,
            "taker_side": "no"
        },
        {
            "trade_id": "d78e397a-57f0-4d1c-9199-925f6667db37",
            "ticker": "KXHIGHNY-25JAN27-B38.5",
            "count": 47,
            "created_time": "2025-01-27T17:44:11.898734Z",
            "yes_price": 61,
            "no_price": 39,
            "taker_side": "yes"
        },
        {
            "trade_id": "503c59d1-9256-47d1-8f1e-fc05ee7a9622",
            "ticker": "KXHIGHNY-25JAN27-B38.5",
            "count": 18,
            "created_time": "2025-01-27T17:44:05.378701Z",
            "yes_price": 60,
            "no_price": 40,
            "taker_side": "yes"
        },
        {
            "trade_id": "64b3d734-6931-4aed-a269-0daffb4c597c",
            "ticker": "KXHIGHNY-25JAN27-B38.5",
            "count": 3,
            "created_time": "2025-01-27T17:42:17.495789Z",
            "yes_price": 61,
            "no_price": 39,
            "taker_side": "yes"
        },
        {
            "trade_id": "627c2154-3fb4-4f7f-9212-ab12927a315c",
            "ticker": "KXHIGHNY-25JAN27-B38.5",
            "count": 48,
            "created_time": "2025-01-27T17:41:46.601356Z",
            "yes_price": 60,
            "no_price": 40,
            "taker_side": "no"
        },
        {
            "trade_id": "67ed3cf8-c2a8-49e9-b59d-71b7b3356cb2",
            "ticker": "KXHIGHNY-25JAN27-B38.5",
            "count": 11,
            "created_time": "2025-01-27T17:41:46.52525Z",
            "yes_price": 60,
            "no_price": 40,
            "taker_side": "yes"
        },
        {
            "trade_id": "4a1af5d9-1693-4817-a5ed-301f7a5ccda8",
            "ticker": "KXHIGHNY-25JAN27-B38.5",
            "count": 34,
            "created_time": "2025-01-27T17:40:42.720296Z",
            "yes_price": 58,
            "no_price": 42,
            "taker_side": "no"
        },
        {
            "trade_id": "f9961916-e7ad-4b15-b181-1bb813a91e25",
            "ticker": "KXHIGHNY-25JAN27-B38.5",
            "count": 17,
            "created_time": "2025-01-27T17:40:41.857937Z",
            "yes_price": 58,
            "no_price": 42,
            "taker_side": "no"
        },
        {
            "trade_id": "26bf8014-1ab9-4ec9-9320-17bb32b913af",
            "ticker": "KXHIGHNY-25JAN27-B38.5",
            "count": 87,
            "created_time": "2025-01-27T17:40:41.777884Z",
            "yes_price": 58,
            "no_price": 42,
            "taker_side": "yes"
        },
        {
            "trade_id": "b2c80c48-7df7-4c4c-9311-4cf12b87cde9",
            "ticker": "KXHIGHNY-25JAN27-B38.5",
            "count": 13,
            "created_time": "2025-01-27T17:40:40.304091Z",
            "yes_price": 58,
            "no_price": 42,
            "taker_side": "yes"
        },
        {
            "trade_id": "e1afa8ba-85d1-4777-9ffb-698570b8fb2a",
            "ticker": "KXHIGHNY-25JAN27-B38.5",
            "count": 19,
            "created_time": "2025-01-27T17:38:37.395584Z",
            "yes_price": 59,
            "no_price": 41,
            "taker_side": "no"
        },
        {
            "trade_id": "ec066aed-64a0-4d02-9e83-25a6b6929c5a",
            "ticker": "KXHIGHNY-25JAN27-B38.5",
            "count": 151,
            "created_time": "2025-01-27T17:38:37.386184Z",
            "yes_price": 59,
            "no_price": 41,
            "taker_side": "no"
        },
        {
            "trade_id": "a7850c02-de0d-4864-9646-8563982db75b",
            "ticker": "KXHIGHNY-25JAN27-B38.5",
            "count": 15,
            "created_time": "2025-01-27T17:38:37.297856Z",
            "yes_price": 59,
            "no_price": 41,
            "taker_side": "yes"
        },
        {
            "trade_id": "61fe9491-83c6-42fd-ae90-9c04b25922e0",
            "ticker": "KXHIGHNY-25JAN27-B38.5",
            "count": 15,
