{
    "KXHIGHNY-25MAY03-T78": [
        {
            "trade_id": "bdf7d9a9-0500-4353-be4b-2ad67dae099d",
            "ticker": "KXHIGHNY-25MAY03-T78",
            "count": 40,
            "created_time": "2025-05-03T14:47:35.655908Z",
            "yes_price": 1,
            "no_price": 99,
            "taker_side": "yes"
        },
        {
            "trade_id": "528ccac0-1d21-4c95-b151-846e35be702b",
            "ticker": "KXHIGHNY-25MAY03-T78",
            "count": 160,
            "created_time": "2025-05-03T14:47:35.655908Z",
            "yes_price": 1,
            "no_price": 99,
            "taker_side": "yes"
        },
        {
            "trade_id": "7de97f94-913a-49eb-8a3d-4e7faf521703",
            "ticker": "KXHIGHNY-25MAY03-T78",
            "count": 93,
            "created_time": "2025-05-03T04:40:24.18354Z",
            "yes_price": 2,
            "no_price": 98,
            "taker_side": "yes"
        },
        {
            "trade_id": "9f204a82-7bac-4f0f-93aa-021509dd596c",
            "ticker": "KXHIGHNY-25MAY03-T78",
            "count": 467,
            "created_time": "2025-05-03T04:25:02.736767Z",
            "yes_price": 2,
            "no_price": 98,
            "taker_side": "yes"
        },
        {
            "trade_id": "787cb0d0-4a60-4256-987d-04730003f464",
            "ticker": "KXHIGHNY-25MAY03-T78",
            "count": 38,
            "created_time": "2025-05-03T00:00:34.770334Z",
            "yes_price": 2,
            "no_price": 98,
            "taker_side": "no"
        },
        {
            "trade_id": "b5b00b4b-8068-4096-bc5b-560ca430f6db",
            "ticker": "KXHIGHNY-25MAY03-T78",
            "count": 5,
            "created_time": "2025-05-02T23:12:03.751034Z",
            "yes_price": 1,
            "no_price": 99,
            "taker_side": "no"
        },
        {
            "trade_id": "84145540-a238-422f-8878-cdca42f84f67",
            "ticker": "KXHIGHNY-25MAY03-T78",
            "count": 144,
            "created_time": "2025-05-02T23:12:03.751034Z",
            "yes_price": 1,
            "no_price": 99,
            "taker_side": "no"
        },
        {
            "trade_id": "592b17b0-2e2c-44a6-929e-3acbf79d510a",
            "ticker": "KXHIGHNY-25MAY03-T78",
            "count": 1,
            "created_time": "2025-05-02T23:12:03.751034Z",
            "yes_price": 1,
            "no_price": 99,
            "taker_side": "no"
        },
        {
            "trade_id": "a6233ae5-b1fc-44bd-aca8-d2f1928f35b6",
            "ticker": "KXHIGHNY-25MAY03-T78",
            "count": 70,
            "created_time": "2025-05-02T20:11:21.594969Z",
            "yes_price": 4,
            "no_price": 96,
            "taker_side": "no"
        },
        {
            "trade_id": "67691393-db4c-4b34-9423-fa78bdf22a78",
            "ticker": "KXHIGHNY-25MAY03-T78",
            "count": 3,
            "created_time": "2025-05-02T20:11:21.594969Z",
            "yes_price": 4,
            "no_price": 96,
            "taker_side": "no"
        },
        {
            "trade_id": "068b1705-089a-492e-bd65-f01a17b51dcb",
            "ticker": "KXHIGHNY-25MAY03-T78",
            "count": 1,
            "created_time": "2025-05-02T20:11:21.594969Z",
            "yes_price": 4,
            "no_price": 96,
            "taker_side": "no"
        },
        {
            "trade_id": "5d9977e4-e71e-4854-85e1-1ec1d09193c4",
            "ticker": "KXHIGHNY-25MAY03-T78",
            "count": 240,
            "created_time": "2025-05-02T19:27:06.528212Z",
            "yes_price": 5,
            "no_price": 95,
            "taker_side": "no"
        },
        {
            "trade_id": "8ec811ca-cd69-40df-ad46-3cc5b5b18542",
            "ticker": "KXHIGHNY-25MAY03-T78",
            "count": 1,
            "created_time": "2025-05-02T19:24:46.812432Z",
            "yes_price": 7,
            "no_price": 93,
            "taker_side": "yes"
        },
        {
            "trade_id": "5d60fa25-ac5d-46ea-89d8-922977b6a354",
            "ticker": "KXHIGHNY-25MAY03-T78",
            "count": 16,
            "created_time": "2025-05-02T19:22:46.705274Z",
            "yes_price": 7,
            "no_price": 93,
            "taker_side": "no"
        },
        {
            "trade_id": "93e6b1a9-a428-4a33-9991-5cb5dec9ff66",
            "ticker": "KXHIGHNY-25MAY03-T78",
            "count": 100,
            "created_time": "2025-05-02T19:18:34.62906Z",
            "yes_price": 7,
            "no_price": 93,
            "taker_side": "no"
        },
        {
            "trade_id": "2f003dad-0fdf-466d-96fc-dae36876390d",
            "ticker": "KXHIGHNY-25MAY03-T78",
            "count": 240,
            "created_time": "2025-05-02T19:05:51.136131Z",
            "yes_price": 8,
            "no_price": 92,
            "taker_side": "no"
        },
        {
            "trade_id": "99281a14-7d00-4ffc-802e-e60f6272bb99",
            "ticker": "KXHIGHNY-25MAY03-T78",
            "count": 11,
            "created_time": "2025-05-02T19:05:17.069986Z",
            "yes_price": 10,
            "no_price": 90,
            "taker_side": "no"
        },
        {
            "trade_id": "82679462-73d8-409d-ad09-63d812742be0",
            "ticker": "KXHIGHNY-25MAY03-T78",
            "count": 28,
            "created_time": "2025-05-02T19:04:56.306435Z",
            "yes_price": 10,
            "no_price": 90,
            "taker_side": "no"
        },
        {
            "trade_id": "30fd6633-17de-4138-ab44-5b84e2c7d409",
            "ticker": "KXHIGHNY-25MAY03-T78",
            "count": 65,
            "created_time": "2025-05-02T18:50:20.068448Z",
            "yes_price": 9,
            "no_price": 91,
            "taker_side": "no"
        },
        {
            "trade_id": "068771b5-0f24-43ca-9cee-116a3c4764ee",
            "ticker": "KXHIGHNY-25MAY03-T78",
            "count": 43,
            "created_time": "2025-05-02T18:50:20.068448Z",
            "yes_price": 11,
            "no_price": 89,
            "taker_side": "no"
        },
        {
            "trade_id": "4d483abc-a485-4346-9475-46a80f330579",
            "ticker": "KXHIGHNY-25MAY03-T78",
            "count": 1,
            "created_time": "2025-05-02T17:56:00.920877Z",
            "yes_price": 11,
            "no_price": 89,
            "taker_side": "no"
        }
    ],
    "KXHIGHNY-25MAY03-B78.5": [
        {
            "trade_id": "94174812-af6d-4685-8f36-c8f8cec5998a",
            "ticker": "KXHIGHNY-25MAY03-B78.5",
            "count": 93,
            "created_time": "2025-05-03T18:21:37.500571Z",
            "yes_price": 1,
            "no_price": 99,
            "taker_side": "yes"
        },
        {
            "trade_id": "c9f61f39-66cb-4ff2-a407-526fa4ebdfad",
            "ticker": "KXHIGHNY-25MAY03-B78.5",
            "count": 505,
            "created_time": "2025-05-03T18:14:51.460359Z",
            "yes_price": 1,
            "no_price": 99,
            "taker_side": "yes"
        },
        {
            "trade_id": "c8cf4bbd-09a7-4853-a5ee-83a49b4dc2fe",
            "ticker": "KXHIGHNY-25MAY03-B78.5",
            "count": 495,
            "created_time": "2025-05-03T18:14:51.460359Z",
            "yes_price": 1,
            "no_price": 99,
            "taker_side": "yes"
        },
        {
            "trade_id": "a2fae6af-9b23-4971-8689-55f0901ac760",
            "ticker": "KXHIGHNY-25MAY03-B78.5",
            "count": 4675,
            "created_time": "2025-05-03T18:11:11.007876Z",
            "yes_price": 1,
            "no_price": 99,
            "taker_side": "yes"
        },
        {
            "trade_id": "1e2493a0-fa5f-4b25-9616-58f130ee95f1",
            "ticker": "KXHIGHNY-25MAY03-B78.5",
            "count": 45,
            "created_time": "2025-05-03T18:09:03.001113Z",
            "yes_price": 1,
            "no_price": 99,
            "taker_side": "yes"
        },
        {
            "trade_id": "e37fd443-2624-477c-b340-e64e39b224c7",
            "ticker": "KXHIGHNY-25MAY03-B78.5",
            "count": 4675,
            "created_time": "2025-05-03T18:05:27.94276Z",
            "yes_price": 1,
            "no_price": 99,
            "taker_side": "yes"
        },
        {
            "trade_id": "647a1fe9-3b45-41b6-bb8e-d3e17ede3ded",
            "ticker": "KXHIGHNY-25MAY03-B78.5",
            "count": 50,
            "created_time": "2025-05-03T17:30:56.94161Z",
            "yes_price": 1,
            "no_price": 99,
            "taker_side": "no"
        },
        {
            "trade_id": "4b934fda-90af-41a0-8833-23920348b979",
            "ticker": "KXHIGHNY-25MAY03-B78.5",
            "count": 100,
            "created_time": "2025-05-03T17:30:56.94161Z",
            "yes_price": 1,
            "no_price": 99,
            "taker_side": "no"
        },
        {
            "trade_id": "b231d0dc-ca93-4671-bde6-97fe2dab7528",
            "ticker": "KXHIGHNY-25MAY03-B78.5",
            "count": 50,
            "created_time": "2025-05-03T17:27:53.459514Z",
            "yes_price": 2,
            "no_price": 98,
            "taker_side": "no"
        },
        {
            "trade_id": "db1a3d5d-419b-4bb3-b15f-4edde9adda9a",
            "ticker": "KXHIGHNY-25MAY03-B78.5",
            "count": 5,
            "created_time": "2025-05-03T17:25:59.57184Z",
            "yes_price": 2,
            "no_price": 98,
            "taker_side": "no"
        },
        {
            "trade_id": "43e85364-eadf-44de-8bae-8c026b27bc10",
            "ticker": "KXHIGHNY-25MAY03-B78.5",
            "count": 1678,
            "created_time": "2025-05-03T16:56:51.449101Z",
            "yes_price": 1,
            "no_price": 99,
            "taker_side": "no"
        },
        {
            "trade_id": "f4500459-13b4-401c-9cf0-eee757fe1321",
            "ticker": "KXHIGHNY-25MAY03-B78.5",
            "count": 40,
            "created_time": "2025-05-03T16:55:04.737081Z",
            "yes_price": 2,
            "no_price": 98,
            "taker_side": "no"
        },
        {
            "trade_id": "4729bb57-ea1e-47a9-aa09-a00794f6f48b",
            "ticker": "KXHIGHNY-25MAY03-B78.5",
            "count": 2322,
            "created_time": "2025-05-03T16:55:04.737081Z",
            "yes_price": 1,
            "no_price": 99,
            "taker_side": "no"
        },
        {
            "trade_id": "ff458ba4-993b-4727-9549-96db61d8d3c2",
            "ticker": "KXHIGHNY-25MAY03-B78.5",
            "count": 500,
            "created_time": "2025-05-03T16:54:06.212058Z",
            "yes_price": 2,
            "no_price": 98,
            "taker_side": "yes"
        },
        {
            "trade_id": "f790a098-2370-4bda-b84d-8b41f7f93bee",
            "ticker": "KXHIGHNY-25MAY03-B78.5",
            "count": 500,
            "created_time": "2025-05-03T16:54:06.212058Z",
            "yes_price": 3,
            "no_price": 97,
            "taker_side": "yes"
        },
        {
            "trade_id": "d43051c4-8616-4eab-b643-bb0094b88d68",
            "ticker": "KXHIGHNY-25MAY03-B78.5",
            "count": 862,
            "created_time": "2025-05-03T16:52:19.352955Z",
            "yes_price": 1,
            "no_price": 99,
            "taker_side": "yes"
        },
        {
            "trade_id": "35d3aab7-370a-457e-9839-bc5875666bc3",
            "ticker": "KXHIGHNY-25MAY03-B78.5",
            "count": 1000,
            "created_time": "2025-05-03T16:52:19.352955Z",
            "yes_price": 1,
            "no_price": 99,
            "taker_side": "yes"
        },
        {
            "trade_id": "bb2f929e-79fd-4eee-a177-ceeb61922880",
            "ticker": "KXHIGHNY-25MAY03-B78.5",
            "count": 362,
            "created_time": "2025-05-03T16:49:58.845669Z",
            "yes_price": 1,
            "no_price": 99,
            "taker_side": "yes"
        },
        {
            "trade_id": "964fd185-550d-4807-be56-1d0e3ac7986c",
            "ticker": "KXHIGHNY-25MAY03-B78.5",
            "count": 138,
            "created_time": "2025-05-03T16:49:58.845669Z",
            "yes_price": 1,
            "no_price": 99,
            "taker_side": "yes"
        },
        {
            "trade_id": "ed269073-34af-43b5-a2ae-290e25886283",
            "ticker": "KXHIGHNY-25MAY03-B78.5",
            "count": 1100,
            "created_time": "2025-05-03T16:47:32.189424Z",
            "yes_price": 1,
            "no_price": 99,
            "taker_side": "yes"
        },
        {
            "trade_id": "6f8af956-affd-4278-8892-86587d64e90f",
            "ticker": "KXHIGHNY-25MAY03-B78.5",
            "count": 1000,
            "created_time": "2025-05-03T16:47:32.189424Z",
            "yes_price": 1,
            "no_price": 99,
            "taker_side": "yes"
        },
        {
            "trade_id": "4b04fe5f-c9bc-4bd6-a325-842b1ac185ba",
            "ticker": "KXHIGHNY-25MAY03-B78.5",
            "count": 1000,
            "created_time": "2025-05-03T16:47:32.189424Z",
            "yes_price": 1,
            "no_price": 99,
            "taker_side": "yes"
        },
        {
            "trade_id": "0936cd77-607f-43b7-bae2-56b1b8ebc459",
            "ticker": "KXHIGHNY-25MAY03-B78.5",
            "count": 638,
            "created_time": "2025-05-03T16:47:32.189424Z",
            "yes_price": 1,
            "no_price": 99,
            "taker_side": "yes"
        },
        {
            "trade_id": "5e32de42-7e39-4451-a3fa-de9ed4034814",
            "ticker": "KXHIGHNY-25MAY03-B78.5",
            "count": 295,
            "created_time": "2025-05-03T14:46:17.370574Z",
            "yes_price": 1,
            "no_price": 99,
            "taker_side": "yes"
        },
        {
            "trade_id": "3f966c5f-ec65-4939-a7b7-f40adf7db58d",
            "ticker": "KXHIGHNY-25MAY03-B78.5",
            "count": 200,
            "created_time": "2025-05-03T14:31:42.133218Z",
            "yes_price": 1,
            "no_price": 99,
            "taker_side": "yes"
        },
        {
            "trade_id": "91c51cb2-7b56-464c-9c78-bf8d5d03c0c1",
            "ticker": "KXHIGHNY-25MAY03-B78.5",
            "count": 121,
            "created_time": "2025-05-03T14:27:31.878452Z",
            "yes_price": 1,
            "no_price": 99,
            "taker_side": "yes"
        },
        {
            "trade_id": "38625e3f-88d8-4933-abf8-4a5cec21d75b",
            "ticker": "KXHIGHNY-25MAY03-B78.5",
            "count": 40,
            "created_time": "2025-05-03T14:27:31.878452Z",
            "yes_price": 1,
            "no_price": 99,
            "taker_side": "yes"
        },
        {
            "trade_id": "26e980fe-23c2-4b3c-a142-e276d9b043ac",
            "ticker": "KXHIGHNY-25MAY03-B78.5",
            "count": 305,
            "created_time": "2025-05-03T14:27:31.878452Z",
            "yes_price": 1,
            "no_price": 99,
            "taker_side": "yes"
        },
        {
            "trade_id": "a02a43cd-b487-43f8-982f-6e32b2525c6a",
            "ticker": "KXHIGHNY-25MAY03-B78.5",
            "count": 79,
            "created_time": "2025-05-03T14:24:19.123711Z",
            "yes_price": 1,
            "no_price": 99,
            "taker_side": "yes"
        },
        {
            "trade_id": "3fbd26de-f5f9-42e3-be8b-6ea1a72dce47",
            "ticker": "KXHIGHNY-25MAY03-B78.5",
            "count": 20,
            "created_time": "2025-05-03T14:24:19.123711Z",
            "yes_price": 1,
            "no_price": 99,
            "taker_side": "yes"
        },
        {
            "trade_id": "8a986ff7-752e-4229-81b0-ffdc54d92efb",
            "ticker": "KXHIGHNY-25MAY03-B78.5",
            "count": 187,
            "created_time": "2025-05-03T14:05:27.498824Z",
            "yes_price": 1,
            "no_price": 99,
            "taker_side": "yes"
        },
        {
            "trade_id": "ecce2db4-1589-41c4-bf3e-41eaecdbfff3",
            "ticker": "KXHIGHNY-25MAY03-B78.5",
            "count": 93,
            "created_time": "2025-05-03T13:58:02.80998Z",
            "yes_price": 1,
            "no_price": 99,
            "taker_side": "yes"
        },
        {
            "trade_id": "619810f8-5447-40d7-a909-72a2dc28f367",
            "ticker": "KXHIGHNY-25MAY03-B78.5",
            "count": 500,
            "created_time": "2025-05-03T13:23:20.881672Z",
            "yes_price": 1,
            "no_price": 99,
            "taker_side": "yes"
        },
        {
            "trade_id": "0762ecc3-f579-489b-8bdb-13aadc756d32",
            "ticker": "KXHIGHNY-25MAY03-B78.5",
            "count": 8,
            "created_time": "2025-05-03T12:48:33.14486Z",
            "yes_price": 3,
            "no_price": 97,
            "taker_side": "no"
        },
        {
            "trade_id": "d83766b0-2f02-4fd9-be1d-59ddfa342ba2",
            "ticker": "KXHIGHNY-25MAY03-B78.5",
            "count": 6,
            "created_time": "2025-05-03T12:46:52.571311Z",
            "yes_price": 3,
            "no_price": 97,
            "taker_side": "no"
        },
        {
            "trade_id": "08445421-b94d-4b62-bd06-60ac96a2c72b",
            "ticker": "KXHIGHNY-25MAY03-B78.5",
            "count": 3,
            "created_time": "2025-05-03T12:45:41.883279Z",
            "yes_price": 3,
            "no_price": 97,
            "taker_side": "no"
        },
        {
            "trade_id": "eab9b52f-a545-44cb-9baa-5795f5670050",
            "ticker": "KXHIGHNY-25MAY03-B78.5",
            "count": 42,
            "created_time": "2025-05-03T12:23:42.904634Z",
            "yes_price": 6,
            "no_price": 94,
            "taker_side": "yes"
        },
        {
            "trade_id": "8fde2f73-a9cd-4bb1-b4d0-897749c9c0ff",
            "ticker": "KXHIGHNY-25MAY03-B78.5",
            "count": 100,
            "created_time": "2025-05-03T12:23:42.904634Z",
            "yes_price": 5,
            "no_price": 95,
            "taker_side": "yes"
        },
        {
            "trade_id": "7f61f4fb-d69a-4faf-a7a5-7a26b0b42a72",
            "ticker": "KXHIGHNY-25MAY03-B78.5",
            "count": 300,
            "created_time": "2025-05-03T12:23:42.904634Z",
            "yes_price": 6,
            "no_price": 94,
            "taker_side": "yes"
        },
        {
            "trade_id": "7050f8e8-04ff-461f-a126-584200bf10ed",
            "ticker": "KXHIGHNY-25MAY03-B78.5",
            "count": 2,
            "created_time": "2025-05-03T12:23:42.904634Z",
            "yes_price": 6,
            "no_price": 94,
            "taker_side": "yes"
        },
        {
            "trade_id": "68fbc508-99dd-49f3-9330-373c10546946",
            "ticker": "KXHIGHNY-25MAY03-B78.5",
            "count": 100,
            "created_time": "2025-05-03T12:23:42.904634Z",
            "yes_price": 6,
            "no_price": 94,
            "taker_side": "yes"
        },
        {
            "trade_id": "4942cf7b-7ab1-46d1-86a6-641f2a8fc8c1",
            "ticker": "KXHIGHNY-25MAY03-B78.5",
            "count": 2,
            "created_time": "2025-05-03T12:23:42.904634Z",
            "yes_price": 6,
            "no_price": 94,
            "taker_side": "yes"
        },
        {
            "trade_id": "4097e018-d3a4-4b8f-962a-ed847117c370",
            "ticker": "KXHIGHNY-25MAY03-B78.5",
            "count": 4,
            "created_time": "2025-05-03T12:23:42.904634Z",
            "yes_price": 4,
            "no_price": 96,
            "taker_side": "yes"
        },
        {
            "trade_id": "0779a250-2d07-401a-9ea4-0b0a28b29de8",
            "ticker": "KXHIGHNY-25MAY03-B78.5",
            "count": 100,
            "created_time": "2025-05-03T12:23:42.904634Z",
            "yes_price": 4,
            "no_price": 96,
            "taker_side": "yes"
        },
        {
            "trade_id": "8c50ace6-3539-4df8-84ff-f797ce80f073",
            "ticker": "KXHIGHNY-25MAY03-B78.5",
            "count": 5,
            "created_time": "2025-05-03T12:17:30.851721Z",
            "yes_price": 3,
            "no_price": 97,
            "taker_side": "no"
        },
        {
            "trade_id": "86c494bf-b3d5-43cc-bd87-c7c23f677607",
            "ticker": "KXHIGHNY-25MAY03-B78.5",
            "count": 11,
            "created_time": "2025-05-03T12:17:15.509424Z",
            "yes_price": 4,
            "no_price": 96,
            "taker_side": "no"
        },
        {
            "trade_id": "11b9edcb-b819-4c48-8470-c1da8987be37",
            "ticker": "KXHIGHNY-25MAY03-B78.5",
            "count": 3,
            "created_time": "2025-05-03T12:17:00.147659Z",
            "yes_price": 5,
            "no_price": 95,
            "taker_side": "no"
        },
        {
            "trade_id": "70bd8403-f202-440d-9c2c-867de6c3ffef",
            "ticker": "KXHIGHNY-25MAY03-B78.5",
            "count": 23,
            "created_time": "2025-05-03T12:10:10.796166Z",
            "yes_price": 6,
            "no_price": 94,
            "taker_side": "yes"
        },
        {
            "trade_id": "bf98508f-34d9-4eec-8d45-79692ae2e9bc",
            "ticker": "KXHIGHNY-25MAY03-B78.5",
            "count": 12,
            "created_time": "2025-05-03T12:04:44.791815Z",
            "yes_price": 6,
            "no_price": 94,
            "taker_side": "yes"
        },
        {
            "trade_id": "9a8c2b71-9225-4acc-ad7c-300f373e8f96",
            "ticker": "KXHIGHNY-25MAY03-B78.5",
            "count": 8,
            "created_time": "2025-05-03T12:00:24.865746Z",
            "yes_price": 4,
            "no_price": 96,
            "taker_side": "no"
        },
        {
            "trade_id": "9dbde8bf-53c8-4870-a057-10ef6e5ea78a",
            "ticker": "KXHIGHNY-25MAY03-B78.5",
            "count": 16,
            "created_time": "2025-05-03T06:41:33.802399Z",
            "yes_price": 5,
            "no_price": 95,
            "taker_side": "no"
        },
        {
            "trade_id": "45e2b4f5-06ce-427e-877b-4f16d38ebcbc",
            "ticker": "KXHIGHNY-25MAY03-B78.5",
            "count": 2,
            "created_time": "2025-05-03T06:41:32.950503Z",
            "yes_price": 5,
            "no_price": 95,
            "taker_side": "no"
        },
        {
            "trade_id": "a3683853-269d-41ac-86f5-45a4241bfb03",
            "ticker": "KXHIGHNY-25MAY03-B78.5",
            "count": 11,
            "created_time": "2025-05-03T06:30:26.5187Z",
            "yes_price": 1,
            "no_price": 99,
            "taker_side": "no"
        },
        {
            "trade_id": "30352cbf-954e-4133-ac07-422572195cd9",
            "ticker": "KXHIGHNY-25MAY03-B78.5",
            "count": 12,
            "created_time": "2025-05-03T06:05:03.214138Z",
            "yes_price": 1,
            "no_price": 99,
            "taker_side": "no"
        },
        {
            "trade_id": "364d016d-d9d1-4deb-928a-59a3da6672ff",
            "ticker": "KXHIGHNY-25MAY03-B78.5",
            "count": 14,
            "created_time": "2025-05-03T06:04:28.154266Z",
            "yes_price": 1,
            "no_price": 99,
            "taker_side": "no"
        },
        {
            "trade_id": "e7b69fc2-1951-40ca-b765-c03eb559f0dd",
            "ticker": "KXHIGHNY-25MAY03-B78.5",
            "count": 8,
            "created_time": "2025-05-03T05:58:38.758556Z",
            "yes_price": 1,
            "no_price": 99,
            "taker_side": "no"
        },
        {
            "trade_id": "c10f7740-4adf-4c08-a08d-2205948f3cbc",
            "ticker": "KXHIGHNY-25MAY03-B78.5",
            "count": 13,
            "created_time": "2025-05-03T05:54:34.314718Z",
            "yes_price": 1,
            "no_price": 99,
            "taker_side": "no"
        },
        {
            "trade_id": "9fcf2b58-79ba-4da6-868a-d27e5ff1d54e",
            "ticker": "KXHIGHNY-25MAY03-B78.5",
            "count": 3,
            "created_time": "2025-05-03T05:52:33.695052Z",
            "yes_price": 1,
            "no_price": 99,
            "taker_side": "no"
        },
        {
            "trade_id": "96548e59-774b-4ac5-a9f2-32d109f9b450",
            "ticker": "KXHIGHNY-25MAY03-B78.5",
            "count": 9,
            "created_time": "2025-05-03T05:52:33.695052Z",
            "yes_price": 1,
            "no_price": 99,
            "taker_side": "no"
        },
        {
            "trade_id": "2619d08b-8cc9-46d9-a787-d864ae63c906",
            "ticker": "KXHIGHNY-25MAY03-B78.5",
            "count": 20,
            "created_time": "2025-05-03T05:48:32.857718Z",
            "yes_price": 1,
            "no_price": 99,
            "taker_side": "no"
        },
        {
            "trade_id": "5d2e3520-060c-4477-a426-03609357bd51",
            "ticker": "KXHIGHNY-25MAY03-B78.5",
            "count": 38,
            "created_time": "2025-05-03T05:46:23.469272Z",
            "yes_price": 2,
            "no_price": 98,
            "taker_side": "no"
        },
        {
            "trade_id": "7fad3bdb-db9f-4995-b576-1c83e5708fc0",
            "ticker": "KXHIGHNY-25MAY03-B78.5",
            "count": 58,
            "created_time": "2025-05-03T05:46:15.597535Z",
            "yes_price": 4,
            "no_price": 96,
            "taker_side": "no"
        },
        {
            "trade_id": "6b34c042-a91f-467a-b766-08eb21d1e2eb",
            "ticker": "KXHIGHNY-25MAY03-B78.5",
            "count": 158,
            "created_time": "2025-05-03T05:43:07.110724Z",
            "yes_price": 4,
            "no_price": 96,
            "taker_side": "no"
        },
        {
            "trade_id": "1567f39f-5db0-4302-b752-dfe7becec029",
            "ticker": "KXHIGHNY-25MAY03-B78.5",
            "count": 2,
            "created_time": "2025-05-03T05:28:44.714183Z",
            "yes_price": 6,
            "no_price": 94,
            "taker_side": "no"
        },
        {
            "trade_id": "b435dc6d-b174-4a99-85a1-f1fe078610b9",
            "ticker": "KXHIGHNY-25MAY03-B78.5",
            "count": 7,
            "created_time": "2025-05-03T05:26:29.146906Z",
            "yes_price": 6,
            "no_price": 94,
            "taker_side": "no"
        },
        {
            "trade_id": "a6269429-7dcd-4016-87e2-3e3f2a470b8d",
            "ticker": "KXHIGHNY-25MAY03-B78.5",
            "count": 2,
            "created_time": "2025-05-03T05:26:28.304802Z",
            "yes_price": 6,
            "no_price": 94,
            "taker_side": "no"
        },
        {
            "trade_id": "ee2b5ffe-abe4-4274-9e96-b19163f2f2bb",
            "ticker": "KXHIGHNY-25MAY03-B78.5",
            "count": 2,
            "created_time": "2025-05-03T05:26:27.798545Z",
            "yes_price": 6,
            "no_price": 94,
            "taker_side": "yes"
        },
        {
            "trade_id": "4a878be2-5470-43cc-b8fb-794cb54e8ea0",
            "ticker": "KXHIGHNY-25MAY03-B78.5",
            "count": 15,
            "created_time": "2025-05-03T05:26:27.798545Z",
            "yes_price": 7,
            "no_price": 93,
            "taker_side": "yes"
        },
        {
            "trade_id": "6e81f650-6163-4933-b5b6-5cc9e945fecf",
            "ticker": "KXHIGHNY-25MAY03-B78.5",
            "count": 3,
            "created_time": "2025-05-03T05:26:27.453191Z",
            "yes_price": 4,
            "no_price": 96,
            "taker_side": "no"
        },
        {
            "trade_id": "835ebaea-6142-4694-963f-ebbc6c80b82d",
            "ticker": "KXHIGHNY-25MAY03-B78.5",
            "count": 2,
            "created_time": "2025-05-03T05:15:24.635678Z",
            "yes_price": 6,
            "no_price": 94,
            "taker_side": "no"
        },
        {
            "trade_id": "872f9a5b-9fae-45d9-8da1-f39c784e9f87",
            "ticker": "KXHIGHNY-25MAY03-B78.5",
            "count": 1,
            "created_time": "2025-05-03T05:15:23.790781Z",
            "yes_price": 6,
            "no_price": 94,
            "taker_side": "no"
        },
        {
            "trade_id": "c06265b5-c70b-4dc4-881c-833849d46e00",
            "ticker": "KXHIGHNY-25MAY03-B78.5",
            "count": 4,
            "created_time": "2025-05-03T04:43:45.67601Z",
            "yes_price": 6,
            "no_price": 94,
            "taker_side": "yes"
        },
        {
            "trade_id": "bc09da1a-3068-45dc-9715-f6e6cb91b3bb",
            "ticker": "KXHIGHNY-25MAY03-B78.5",
            "count": 11,
            "created_time": "2025-05-03T04:43:45.67601Z",
            "yes_price": 7,
            "no_price": 93,
            "taker_side": "yes"
        },
        {
            "trade_id": "b445adc4-97b0-426e-926b-32c255ee0c6e",
            "ticker": "KXHIGHNY-25MAY03-B78.5",
            "count": 31,
            "created_time": "2025-05-03T04:43:45.67601Z",
            "yes_price": 6,
            "no_price": 94,
            "taker_side": "yes"
        },
        {
            "trade_id": "5c4772da-db94-455b-a97d-788bcf47f022",
            "ticker": "KXHIGHNY-25MAY03-B78.5",
            "count": 34,
            "created_time": "2025-05-03T04:43:45.67601Z",
            "yes_price": 7,
            "no_price": 93,
            "taker_side": "yes"
        },
        {
            "trade_id": "400f9a47-e6c6-4787-904e-e62520c6a426",
            "ticker": "KXHIGHNY-25MAY03-B78.5",
            "count": 37,
            "created_time": "2025-05-03T04:43:45.67601Z",
            "yes_price": 9,
            "no_price": 91,
            "taker_side": "yes"
        },
        {
            "trade_id": "11de7d81-66d7-41a3-923c-7df81fbba4a3",
            "ticker": "KXHIGHNY-25MAY03-B78.5",
            "count": 11,
            "created_time": "2025-05-03T04:43:45.67601Z",
            "yes_price": 7,
            "no_price": 93,
            "taker_side": "yes"
        },
        {
            "trade_id": "352eaeaa-b29b-485d-a434-d81af185d827",
            "ticker": "KXHIGHNY-25MAY03-B78.5",
            "count": 2,
            "created_time": "2025-05-03T04:27:28.452229Z",
            "yes_price": 5,
            "no_price": 95,
            "taker_side": "no"
        },
        {
            "trade_id": "7f3e31df-9d33-4bcf-af7f-1c9606b56cdf",
            "ticker": "KXHIGHNY-25MAY03-B78.5",
            "count": 3,
            "created_time": "2025-05-03T04:26:39.317263Z",
            "yes_price": 4,
            "no_price": 96,
            "taker_side": "no"
        },
        {
            "trade_id": "c706895b-432b-4105-9579-35d055be9521",
            "ticker": "KXHIGHNY-25MAY03-B78.5",
            "count": 2,
            "created_time": "2025-05-03T04:26:38.467316Z",
            "yes_price": 4,
            "no_price": 96,
            "taker_side": "no"
        },
        {
            "trade_id": "c011423c-020d-4cc1-9129-c53fcb0dad3b",
            "ticker": "KXHIGHNY-25MAY03-B78.5",
            "count": 2,
            "created_time": "2025-05-03T04:15:00.632704Z",
            "yes_price": 4,
            "no_price": 96,
            "taker_side": "no"
        },
        {
            "trade_id": "5d607ffa-da1a-4208-8415-e8779b2e6287",
            "ticker": "KXHIGHNY-25MAY03-B78.5",
            "count": 13,
            "created_time": "2025-05-03T04:12:45.189431Z",
            "yes_price": 4,
            "no_price": 96,
            "taker_side": "no"
        },
        {
            "trade_id": "29b7ee2c-0960-42b5-a43a-1fe309cf3b9b",
            "ticker": "KXHIGHNY-25MAY03-B78.5",
            "count": 11,
            "created_time": "2025-05-03T04:06:23.776968Z",
            "yes_price": 4,
            "no_price": 96,
            "taker_side": "yes"
        },
        {
            "trade_id": "44cc5609-5680-49cc-bf52-38cd16c908da",
            "ticker": "KXHIGHNY-25MAY03-B78.5",
            "count": 11,
            "created_time": "2025-05-03T04:01:39.214177Z",
            "yes_price": 3,
            "no_price": 97,
            "taker_side": "no"
        },
        {
            "trade_id": "6b73b2f6-8b91-4368-a2cf-893f5116606a",
            "ticker": "KXHIGHNY-25MAY03-B78.5",
            "count": 11,
            "created_time": "2025-05-03T03:39:42.132615Z",
            "yes_price": 4,
            "no_price": 96,
            "taker_side": "yes"
        },
        {
            "trade_id": "f9f73473-fd61-4c8e-b8cc-6fd81083c810",
            "ticker": "KXHIGHNY-25MAY03-B78.5",
            "count": 4,
            "created_time": "2025-05-03T02:29:34.409923Z",
            "yes_price": 5,
            "no_price": 95,
            "taker_side": "yes"
        },
        {
            "trade_id": "c87e3b64-055a-475b-8d8e-557293a1d83e",
            "ticker": "KXHIGHNY-25MAY03-B78.5",
            "count": 96,
            "created_time": "2025-05-03T02:29:34.409923Z",
            "yes_price": 6,
            "no_price": 94,
            "taker_side": "yes"
        },
        {
            "trade_id": "d375032f-fb1d-43a8-902c-d8d2ddb45eaf",
            "ticker": "KXHIGHNY-25MAY03-B78.5",
            "count": 12,
            "created_time": "2025-05-03T02:23:31.70628Z",
            "yes_price": 5,
            "no_price": 95,
            "taker_side": "yes"
        },
        {
            "trade_id": "58d86f22-f374-4c16-8582-1b310b58977e",
            "ticker": "KXHIGHNY-25MAY03-B78.5",
            "count": 19,
            "created_time": "2025-05-03T02:23:31.70628Z",
            "yes_price": 5,
            "no_price": 95,
            "taker_side": "yes"
        },
        {
            "trade_id": "f6ece5a7-daa4-4d42-b312-57f55057893f",
            "ticker": "KXHIGHNY-25MAY03-B78.5",
            "count": 35,
            "created_time": "2025-05-03T01:46:06.814761Z",
            "yes_price": 6,
            "no_price": 94,
            "taker_side": "yes"
        },
        {
            "trade_id": "2b3a534c-4c38-4cc2-9829-75a211cc68d0",
            "ticker": "KXHIGHNY-25MAY03-B78.5",
            "count": 1,
            "created_time": "2025-05-03T01:46:06.814761Z",
            "yes_price": 6,
            "no_price": 94,
            "taker_side": "yes"
        },
        {
            "trade_id": "d16a5198-4dd0-491f-80bd-c88edae93aff",
            "ticker": "KXHIGHNY-25MAY03-B78.5",
            "count": 17,
            "created_time": "2025-05-03T01:45:48.5643Z",
            "yes_price": 5,
            "no_price": 95,
            "taker_side": "no"
        },
        {
            "trade_id": "943df611-90f2-4a55-8462-aadf3a1585c8",
            "ticker": "KXHIGHNY-25MAY03-B78.5",
            "count": 119,
            "created_time": "2025-05-03T01:42:58.822498Z",
            "yes_price": 5,
            "no_price": 95,
            "taker_side": "no"
        },
        {
            "trade_id": "409275cf-6346-4f9b-82fc-8ee5d7b4fc87",
            "ticker": "KXHIGHNY-25MAY03-B78.5",
            "count": 56,
            "created_time": "2025-05-03T01:42:52.272302Z",
            "yes_price": 5,
            "no_price": 95,
            "taker_side": "no"
        },
        {
            "trade_id": "5ce732dc-429b-4fbd-90ad-9aa194c4f6cd",
            "ticker": "KXHIGHNY-25MAY03-B78.5",
            "count": 69,
            "created_time": "2025-05-03T01:39:39.753073Z",
            "yes_price": 5,
            "no_price": 95,
            "taker_side": "no"
        },
        {
            "trade_id": "98e2250b-a1bb-4b19-8002-1a70fe015fb2",
            "ticker": "KXHIGHNY-25MAY03-B78.5",
            "count": 62,
            "created_time": "2025-05-03T01:38:43.946758Z",
            "yes_price": 5,
            "no_price": 95,
            "taker_side": "yes"
        },
        {
            "trade_id": "0063288e-12da-4f92-81d1-5b379de68b25",
            "ticker": "KXHIGHNY-25MAY03-B78.5",
            "count": 64,
            "created_time": "2025-05-03T01:38:43.946758Z",
            "yes_price": 5,
            "no_price": 95,
            "taker_side": "yes"
        },
        {
            "trade_id": "4d9d4da3-0054-487c-b27a-7df8c01705f6",
            "ticker": "KXHIGHNY-25MAY03-B78.5",
            "count": 27,
            "created_time": "2025-05-03T00:50:16.024559Z",
            "yes_price": 4,
            "no_price": 96,
            "taker_side": "no"
        },
        {
            "trade_id": "d04b1244-3fb0-4652-9b8a-582fcfa2934e",
            "ticker": "KXHIGHNY-25MAY03-B78.5",
            "count": 12,
            "created_time": "2025-05-02T23:51:43.949046Z",
            "yes_price": 4,
            "no_price": 96,
            "taker_side": "yes"
        },
        {
            "trade_id": "dc973eb5-4860-463a-8ec9-ccd213f36296",
            "ticker": "KXHIGHNY-25MAY03-B78.5",
            "count": 8,
            "created_time": "2025-05-02T23:50:24.834804Z",
            "yes_price": 4,
            "no_price": 96,
            "taker_side": "yes"
        },
        {
            "trade_id": "ef5db7e2-bcbf-4c0b-aa94-39fa12f58064",
            "ticker": "KXHIGHNY-25MAY03-B78.5",
            "count": 36,
            "created_time": "2025-05-02T23:46:28.157097Z",
            "yes_price": 4,
            "no_price": 96,
            "taker_side": "no"
        },
        {
            "trade_id": "eee4a3d9-9f74-4a23-ba23-e2f8ddf7579b",
            "ticker": "KXHIGHNY-25MAY03-B78.5",
            "count": 9,
            "created_time": "2025-05-02T23:46:28.157097Z",
            "yes_price": 4,
            "no_price": 96,
            "taker_side": "no"
        },
        {
            "trade_id": "1a8819d6-e581-4cc9-8f70-ac861d0a8f99",
            "ticker": "KXHIGHNY-25MAY03-B78.5",
            "count": 19,
            "created_time": "2025-05-02T23:46:28.157097Z",
            "yes_price": 4,
            "no_price": 96,
            "taker_side": "no"
        },
        {
            "trade_id": "9ba1490b-6a51-4d81-94d6-fe8acb47fb0d",
            "ticker": "KXHIGHNY-25MAY03-B78.5",
            "count": 38,
            "created_time": "2025-05-02T23:38:08.540715Z",
            "yes_price": 5,
            "no_price": 95,
            "taker_side": "yes"
        },
        {
            "trade_id": "ce65ffbf-897a-41c5-b2e5-0ac6ecd58b6b",
            "ticker": "KXHIGHNY-25MAY03-B78.5",
            "count": 7,
            "created_time": "2025-05-02T23:33:07.68628Z",
            "yes_price": 5,
            "no_price": 95,
            "taker_side": "yes"
        },
        {
            "trade_id": "b7fdb048-df33-4060-b5fa-f80433a13d6d",
            "ticker": "KXHIGHNY-25MAY03-B78.5",
            "count": 41,
            "created_time": "2025-05-02T23:30:45.556614Z",
            "yes_price": 6,
            "no_price": 94,
            "taker_side": "no"
        },
        {
            "trade_id": "eb099d21-66f9-49ac-84b9-70cd6d5bbf70",
            "ticker": "KXHIGHNY-25MAY03-B78.5",
            "count": 5,
            "created_time": "2025-05-02T21:48:45.491654Z",
            "yes_price": 10,
            "no_price": 90,
            "taker_side": "no"
        },
        {
            "trade_id": "7644c590-88bd-4a0b-b29f-a0d998741937",
            "ticker": "KXHIGHNY-25MAY03-B78.5",
            "count": 38,
            "created_time": "2025-05-02T21:30:56.772772Z",
            "yes_price": 13,
            "no_price": 87,
            "taker_side": "no"
        },
        {
            "trade_id": "1ea6ac5c-699e-4a53-a2e4-40fee7297e7f",
            "ticker": "KXHIGHNY-25MAY03-B78.5",
            "count": 2,
            "created_time": "2025-05-02T21:30:56.772772Z",
            "yes_price": 14,
            "no_price": 86,
            "taker_side": "no"
        },
        {
            "trade_id": "05245974-c045-423e-9104-c2dea39778c2",
            "ticker": "KXHIGHNY-25MAY03-B78.5",
            "count": 5,
            "created_time": "2025-05-02T21:30:43.388875Z",
            "yes_price": 14,
            "no_price": 86,
            "taker_side": "no"
        },
        {
            "trade_id": "8c0050bf-aee7-4f4c-b736-4f8e98eaeb80",
            "ticker": "KXHIGHNY-25MAY03-B78.5",
            "count": 100,
            "created_time": "2025-05-02T21:18:50.564698Z",
            "yes_price": 25,
            "no_price": 75,
            "taker_side": "yes"
        },
        {
            "trade_id": "464cdd37-874d-4360-81f7-28425321e23f",
            "ticker": "KXHIGHNY-25MAY03-B78.5",
            "count": 186,
            "created_time": "2025-05-02T21:13:12.888788Z",
            "yes_price": 25,
            "no_price": 75,
            "taker_side": "yes"
        },
        {
            "trade_id": "bc8a8f61-170f-433b-be24-71aba675cbfc",
            "ticker": "KXHIGHNY-25MAY03-B78.5",
            "count": 75,
            "created_time": "2025-05-02T20:36:27.068263Z",
            "yes_price": 24,
            "no_price": 76,
            "taker_side": "no"
        },
        {
            "trade_id": "37fc05d1-32de-4ece-84e2-f94bea736e47",
            "ticker": "KXHIGHNY-25MAY03-B78.5",
            "count": 7,
            "created_time": "2025-05-02T20:31:02.452972Z",
            "yes_price": 24,
            "no_price": 76,
            "taker_side": "yes"
        },
        {
            "trade_id": "bf2fea6b-75ab-4b75-beac-ce3965f507cd",
            "ticker": "KXHIGHNY-25MAY03-B78.5",
            "count": 3,
            "created_time": "2025-05-02T20:28:30.972418Z",
            "yes_price": 25,
            "no_price": 75,
            "taker_side": "no"
        },
        {
            "trade_id": "f6228b74-8ab9-4a1e-b4d6-eea079d8a91e",
            "ticker": "KXHIGHNY-25MAY03-B78.5",
            "count": 70,
            "created_time": "2025-05-02T20:27:20.817105Z",
            "yes_price": 25,
            "no_price": 75,
            "taker_side": "no"
        },
        {
            "trade_id": "8b666723-8021-4f4c-ac9f-fcbe5ceba021",
            "ticker": "KXHIGHNY-25MAY03-B78.5",
            "count": 7,
            "created_time": "2025-05-02T20:27:04.942439Z",
            "yes_price": 26,
            "no_price": 74,
            "taker_side": "no"
        },
        {
            "trade_id": "43d42a8b-ec0a-45ac-a3dc-3d0455a8c7b6",
            "ticker": "KXHIGHNY-25MAY03-B78.5",
            "count": 30,
            "created_time": "2025-05-02T20:08:31.38885Z",
            "yes_price": 25,
            "no_price": 75,
            "taker_side": "no"
        }
    ],
    "KXHIGHNY-25MAY03-B80.5": [
        {
            "trade_id": "8583e5db-be85-4964-84fe-2a37641a2317",
            "ticker": "KXHIGHNY-25MAY03-B80.5",
            "count": 467,
            "created_time": "2025-05-03T20:38:11.006496Z",
            "yes_price": 1,
            "no_price": 99,
            "taker_side": "yes"
        },
        {
            "trade_id": "67901dcd-adc7-46ce-924f-17b7424a2028",
            "ticker": "KXHIGHNY-25MAY03-B80.5",
            "count": 932,
            "created_time": "2025-05-03T20:25:10.066856Z",
            "yes_price": 1,
            "no_price": 99,
            "taker_side": "yes"
        },
        {
            "trade_id": "d416c453-f85d-42c1-8766-6b9af9d75ac2",
            "ticker": "KXHIGHNY-25MAY03-B80.5",
            "count": 1402,
            "created_time": "2025-05-03T20:10:35.541999Z",
            "yes_price": 1,
            "no_price": 99,
            "taker_side": "yes"
        },
        {
            "trade_id": "56b80e2b-6a9c-4171-9130-05b2291b54c5",
            "ticker": "KXHIGHNY-25MAY03-B80.5",
            "count": 1122,
            "created_time": "2025-05-03T19:55:00.648652Z",
            "yes_price": 1,
            "no_price": 99,
            "taker_side": "yes"
        },
        {
            "trade_id": "212526e1-ac44-4466-90b9-bb484f4d7e3c",
            "ticker": "KXHIGHNY-25MAY03-B80.5",
            "count": 935,
            "created_time": "2025-05-03T19:33:34.049654Z",
            "yes_price": 1,
            "no_price": 99,
            "taker_side": "yes"
        },
        {
            "trade_id": "e2c158af-6251-4383-8444-96f29376a409",
            "ticker": "KXHIGHNY-25MAY03-B80.5",
            "count": 8313,
            "created_time": "2025-05-03T19:29:20.359245Z",
            "yes_price": 1,
            "no_price": 99,
            "taker_side": "yes"
        },
        {
            "trade_id": "b6a702bf-a92b-4fa7-a102-01eecc99c83b",
            "ticker": "KXHIGHNY-25MAY03-B80.5",
            "count": 885,
            "created_time": "2025-05-03T19:29:20.359245Z",
            "yes_price": 1,
            "no_price": 99,
            "taker_side": "yes"
        },
        {
            "trade_id": "d9f19728-3461-445b-a3e4-94352f5ea536",
            "ticker": "KXHIGHNY-25MAY03-B80.5",
            "count": 935,
            "created_time": "2025-05-03T19:28:45.989759Z",
            "yes_price": 1,
            "no_price": 99,
            "taker_side": "yes"
        },
        {
            "trade_id": "de398eb5-057a-4eeb-9b59-0baa12d7e4cd",
            "ticker": "KXHIGHNY-25MAY03-B80.5",
            "count": 1,
            "created_time": "2025-05-03T19:11:03.668579Z",
            "yes_price": 1,
            "no_price": 99,
            "taker_side": "yes"
        },
        {
            "trade_id": "24b0abdb-3a2d-45c5-98f4-1666aee6882c",
            "ticker": "KXHIGHNY-25MAY03-B80.5",
            "count": 2337,
            "created_time": "2025-05-03T19:10:39.364883Z",
            "yes_price": 1,
            "no_price": 99,
            "taker_side": "yes"
        },
        {
            "trade_id": "74fa745f-ba8c-4172-ae75-6579736ff186",
            "ticker": "KXHIGHNY-25MAY03-B80.5",
            "count": 523,
            "created_time": "2025-05-03T19:04:54.204497Z",
            "yes_price": 1,
            "no_price": 99,
            "taker_side": "yes"
        },
        {
            "trade_id": "766d76e7-b310-4ef7-a15e-621e146feb16",
            "ticker": "KXHIGHNY-25MAY03-B80.5",
            "count": 2525,
            "created_time": "2025-05-03T18:57:37.37022Z",
            "yes_price": 1,
            "no_price": 99,
            "taker_side": "yes"
        },
        {
            "trade_id": "2197e179-9850-4f56-a801-1d3fe62fe745",
            "ticker": "KXHIGHNY-25MAY03-B80.5",
            "count": 93,
            "created_time": "2025-05-03T18:55:53.659434Z",
            "yes_price": 1,
            "no_price": 99,
            "taker_side": "yes"
        },
        {
            "trade_id": "ec88bb5f-8b48-4f18-9acb-88385ca11bec",
            "ticker": "KXHIGHNY-25MAY03-B80.5",
            "count": 374,
            "created_time": "2025-05-03T18:55:38.888967Z",
            "yes_price": 1,
            "no_price": 99,
            "taker_side": "yes"
        },
        {
            "trade_id": "889f0183-6ead-455a-82e9-9077dbbc00d0",
            "ticker": "KXHIGHNY-25MAY03-B80.5",
            "count": 3273,
            "created_time": "2025-05-03T18:55:38.888967Z",
            "yes_price": 1,
            "no_price": 99,
            "taker_side": "yes"
        },
        {
            "trade_id": "daf5fbb2-812d-431f-a900-b0c76ced5857",
            "ticker": "KXHIGHNY-25MAY03-B80.5",
            "count": 15,
            "created_time": "2025-05-03T18:54:09.069246Z",
            "yes_price": 1,
            "no_price": 99,
            "taker_side": "yes"
        },
        {
            "trade_id": "3828ebdf-db9d-403f-8ec9-d4a3e5f46466",
            "ticker": "KXHIGHNY-25MAY03-B80.5",
            "count": 50,
            "created_time": "2025-05-03T18:53:08.8807Z",
            "yes_price": 1,
            "no_price": 99,
            "taker_side": "yes"
        },
        {
            "trade_id": "d9e841cd-32ed-495f-b281-310dc4b4e89f",
            "ticker": "KXHIGHNY-25MAY03-B80.5",
            "count": 30,
            "created_time": "2025-05-03T18:53:08.773448Z",
            "yes_price": 1,
            "no_price": 99,
            "taker_side": "yes"
        },
        {
            "trade_id": "6b6365f8-bd93-4c08-b225-f164698ea92e",
            "ticker": "KXHIGHNY-25MAY03-B80.5",
            "count": 24,
            "created_time": "2025-05-03T18:53:08.618136Z",
            "yes_price": 1,
            "no_price": 99,
            "taker_side": "yes"
        },
        {
            "trade_id": "cb61d405-6fd2-4f5b-9571-e99708eb2a18",
            "ticker": "KXHIGHNY-25MAY03-B80.5",
            "count": 225,
            "created_time": "2025-05-03T18:53:02.2354Z",
            "yes_price": 2,
            "no_price": 98,
            "taker_side": "no"
        },
        {
            "trade_id": "96665ffd-1681-4b76-87c1-af9630e0756d",
            "ticker": "KXHIGHNY-25MAY03-B80.5",
            "count": 7,
            "created_time": "2025-05-03T18:53:02.2354Z",
            "yes_price": 13,
            "no_price": 87,
            "taker_side": "no"
        },
        {
            "trade_id": "7044d54d-2a73-4d90-bd3e-4f621b11c537",
            "ticker": "KXHIGHNY-25MAY03-B80.5",
            "count": 100,
            "created_time": "2025-05-03T18:53:02.2354Z",
            "yes_price": 2,
            "no_price": 98,
            "taker_side": "no"
        },
        {
            "trade_id": "5a70c634-c6cb-40c7-bd36-2d790703aa7d",
            "ticker": "KXHIGHNY-25MAY03-B80.5",
            "count": 32,
            "created_time": "2025-05-03T18:53:02.2354Z",
            "yes_price": 23,
            "no_price": 77,
            "taker_side": "no"
        },
        {
            "trade_id": "534f784c-c2aa-4006-bbe3-0f24b12f5832",
            "ticker": "KXHIGHNY-25MAY03-B80.5",
            "count": 90,
            "created_time": "2025-05-03T18:53:02.2354Z",
            "yes_price": 1,
            "no_price": 99,
            "taker_side": "no"
        },
        {
            "trade_id": "4a21e5a1-a63f-40cf-bd13-1e03b087b88f",
            "ticker": "KXHIGHNY-25MAY03-B80.5",
            "count": 50,
            "created_time": "2025-05-03T18:53:02.2354Z",
            "yes_price": 8,
            "no_price": 92,
            "taker_side": "no"
        },
        {
            "trade_id": "448cdd9f-48df-4bd4-933b-20fc50e4c1f5",
            "ticker": "KXHIGHNY-25MAY03-B80.5",
            "count": 50,
            "created_time": "2025-05-03T18:53:02.2354Z",
            "yes_price": 8,
            "no_price": 92,
            "taker_side": "no"
        },
        {
            "trade_id": "41b3ff67-3c13-413c-82a6-f20952d91166",
            "ticker": "KXHIGHNY-25MAY03-B80.5",
            "count": 896,
            "created_time": "2025-05-03T18:53:02.2354Z",
            "yes_price": 12,
            "no_price": 88,
            "taker_side": "no"
        },
        {
            "trade_id": "27d92295-9d9e-48d4-aae9-73cfe096d267",
            "ticker": "KXHIGHNY-25MAY03-B80.5",
            "count": 114,
            "created_time": "2025-05-03T18:53:02.2354Z",
            "yes_price": 3,
            "no_price": 97,
            "taker_side": "no"
        },
        {
            "trade_id": "065b66bb-d79e-473a-b3f5-5327a7edb284",
            "ticker": "KXHIGHNY-25MAY03-B80.5",
            "count": 150,
            "created_time": "2025-05-03T18:53:02.2354Z",
            "yes_price": 1,
            "no_price": 99,
            "taker_side": "no"
        },
        {
            "trade_id": "db560e58-2688-4cd4-a1d0-be9bb7700a71",
            "ticker": "KXHIGHNY-25MAY03-B80.5",
            "count": 50,
            "created_time": "2025-05-03T18:52:07.507282Z",
            "yes_price": 22,
            "no_price": 78,
            "taker_side": "no"
        },
        {
            "trade_id": "8566f4e8-498f-40e6-af09-cb2e27373d73",
            "ticker": "KXHIGHNY-25MAY03-B80.5",
            "count": 15,
            "created_time": "2025-05-03T18:52:07.507282Z",
            "yes_price": 23,
            "no_price": 77,
            "taker_side": "no"
        },
        {
            "trade_id": "46d2efd7-1f1f-4975-a28b-200af77c5141",
            "ticker": "KXHIGHNY-25MAY03-B80.5",
            "count": 25,
            "created_time": "2025-05-03T18:52:07.507282Z",
            "yes_price": 23,
            "no_price": 77,
            "taker_side": "no"
        },
        {
            "trade_id": "6379db78-53bb-4939-a3a8-2323a66c124f",
            "ticker": "KXHIGHNY-25MAY03-B80.5",
            "count": 103,
            "created_time": "2025-05-03T18:51:55.743625Z",
            "yes_price": 12,
            "no_price": 88,
            "taker_side": "no"
        },
        {
            "trade_id": "275914b2-7b4d-4e5a-8374-0cd70ad06c8f",
            "ticker": "KXHIGHNY-25MAY03-B80.5",
            "count": 50,
            "created_time": "2025-05-03T18:51:20.436376Z",
            "yes_price": 24,
            "no_price": 76,
            "taker_side": "no"
        },
        {
            "trade_id": "20d583f2-a74b-4a23-98be-0fd7a9f8b1be",
            "ticker": "KXHIGHNY-25MAY03-B80.5",
            "count": 33,
            "created_time": "2025-05-03T18:51:20.436376Z",
            "yes_price": 24,
            "no_price": 76,
            "taker_side": "no"
        },
        {
            "trade_id": "279cdee3-d1c2-465b-bc38-1c6bd2b5a23c",
            "ticker": "KXHIGHNY-25MAY03-B80.5",
            "count": 10,
            "created_time": "2025-05-03T18:51:09.497985Z",
            "yes_price": 25,
            "no_price": 75,
            "taker_side": "yes"
        },
        {
            "trade_id": "eb0ee91f-0307-44ba-822a-280957bbff3e",
            "ticker": "KXHIGHNY-25MAY03-B80.5",
            "count": 38,
            "created_time": "2025-05-03T18:50:26.146707Z",
            "yes_price": 25,
            "no_price": 75,
            "taker_side": "yes"
        },
        {
            "trade_id": "fce043f5-b8c3-496c-8e6b-557a1bbd6fde",
            "ticker": "KXHIGHNY-25MAY03-B80.5",
            "count": 2,
            "created_time": "2025-05-03T18:50:00.991315Z",
            "yes_price": 25,
            "no_price": 75,
            "taker_side": "yes"
        },
        {
            "trade_id": "adec29e9-bb36-406e-a057-846f6a8708c1",
            "ticker": "KXHIGHNY-25MAY03-B80.5",
            "count": 41,
            "created_time": "2025-05-03T18:49:08.989206Z",
            "yes_price": 25,
            "no_price": 75,
            "taker_side": "yes"
        },
        {
            "trade_id": "77bfce01-dff2-40af-bd20-cd21e12256e2",
            "ticker": "KXHIGHNY-25MAY03-B80.5",
            "count": 4,
            "created_time": "2025-05-03T18:49:00.785864Z",
            "yes_price": 25,
            "no_price": 75,
            "taker_side": "yes"
        },
        {
            "trade_id": "a78314aa-c6e3-446b-add0-a7eff4cd24c7",
            "ticker": "KXHIGHNY-25MAY03-B80.5",
            "count": 150,
            "created_time": "2025-05-03T18:48:50.007655Z",
            "yes_price": 20,
            "no_price": 80,
            "taker_side": "no"
        },
        {
            "trade_id": "94b5a394-4fd2-466e-92ed-e08c6e0f4438",
            "ticker": "KXHIGHNY-25MAY03-B80.5",
            "count": 50,
            "created_time": "2025-05-03T18:48:50.007655Z",
            "yes_price": 21,
            "no_price": 79,
            "taker_side": "no"
        },
        {
            "trade_id": "94f44a19-4e1c-4d08-9ebb-cefb21c492aa",
            "ticker": "KXHIGHNY-25MAY03-B80.5",
            "count": 100,
            "created_time": "2025-05-03T18:48:44.511411Z",
            "yes_price": 25,
            "no_price": 75,
            "taker_side": "yes"
        },
        {
            "trade_id": "584d1cad-5604-4e6d-8355-801aaa43540e",
            "ticker": "KXHIGHNY-25MAY03-B80.5",
            "count": 2,
            "created_time": "2025-05-03T18:48:29.000479Z",
            "yes_price": 29,
            "no_price": 71,
            "taker_side": "yes"
        },
        {
            "trade_id": "851c7b74-505b-4257-b723-3711d6abb35e",
            "ticker": "KXHIGHNY-25MAY03-B80.5",
            "count": 38,
            "created_time": "2025-05-03T18:48:08.629271Z",
            "yes_price": 29,
            "no_price": 71,
            "taker_side": "yes"
        },
        {
            "trade_id": "b86a4059-b88f-48e2-84ec-af68c39ea4ed",
            "ticker": "KXHIGHNY-25MAY03-B80.5",
            "count": 4,
            "created_time": "2025-05-03T18:47:21.512418Z",
            "yes_price": 25,
            "no_price": 75,
            "taker_side": "yes"
        },
        {
            "trade_id": "5aed87da-33a5-4770-906a-ac295808d331",
            "ticker": "KXHIGHNY-25MAY03-B80.5",
            "count": 42,
            "created_time": "2025-05-03T18:47:08.266725Z",
            "yes_price": 29,
            "no_price": 71,
            "taker_side": "yes"
        },
        {
            "trade_id": "505e1b78-8b07-4e15-b0d7-27d4357faeda",
            "ticker": "KXHIGHNY-25MAY03-B80.5",
            "count": 100,
            "created_time": "2025-05-03T18:46:39.240138Z",
            "yes_price": 28,
            "no_price": 72,
            "taker_side": "no"
        },
        {
            "trade_id": "3e1aad23-cad3-4a38-a757-b164c35a1d1c",
            "ticker": "KXHIGHNY-25MAY03-B80.5",
            "count": 19,
            "created_time": "2025-05-03T18:46:36.721679Z",
            "yes_price": 35,
            "no_price": 65,
            "taker_side": "yes"
        },
        {
            "trade_id": "876b1f16-6dc6-470c-b871-3dcc858af21e",
            "ticker": "KXHIGHNY-25MAY03-B80.5",
            "count": 46,
            "created_time": "2025-05-03T18:46:09.635665Z",
            "yes_price": 37,
            "no_price": 63,
            "taker_side": "no"
        },
        {
            "trade_id": "adfe3179-47cc-4014-a7bf-1ab68625a4f8",
            "ticker": "KXHIGHNY-25MAY03-B80.5",
            "count": 33,
            "created_time": "2025-05-03T18:46:08.433373Z",
            "yes_price": 38,
            "no_price": 62,
            "taker_side": "yes"
        },
        {
            "trade_id": "2fe37d21-0930-46d9-9cdd-e8551eb38fd2",
            "ticker": "KXHIGHNY-25MAY03-B80.5",
            "count": 20,
            "created_time": "2025-05-03T18:46:02.347296Z",
            "yes_price": 38,
            "no_price": 62,
            "taker_side": "yes"
        },
        {
            "trade_id": "014e348e-d5ed-4947-b444-5537aa2cc523",
            "ticker": "KXHIGHNY-25MAY03-B80.5",
            "count": 1,
            "created_time": "2025-05-03T18:45:32.583607Z",
            "yes_price": 45,
            "no_price": 55,
            "taker_side": "yes"
        },
        {
            "trade_id": "88fcf8d7-d743-4906-ac22-71fbe2c4c4fb",
            "ticker": "KXHIGHNY-25MAY03-B80.5",
            "count": 26,
            "created_time": "2025-05-03T18:45:26.950788Z",
            "yes_price": 48,
            "no_price": 52,
            "taker_side": "no"
        },
        {
            "trade_id": "b6173814-77ff-4112-a426-7200d3109ec4",
            "ticker": "KXHIGHNY-25MAY03-B80.5",
            "count": 10,
            "created_time": "2025-05-03T18:41:36.325664Z",
            "yes_price": 58,
            "no_price": 42,
            "taker_side": "yes"
        },
        {
            "trade_id": "e134c528-a093-4d23-95f7-81278fe54358",
            "ticker": "KXHIGHNY-25MAY03-B80.5",
            "count": 2,
            "created_time": "2025-05-03T18:40:52.964062Z",
            "yes_price": 58,
            "no_price": 42,
            "taker_side": "yes"
        },
        {
            "trade_id": "60e289f7-d158-4002-9cdb-f554aacddf52",
            "ticker": "KXHIGHNY-25MAY03-B80.5",
            "count": 1,
            "created_time": "2025-05-03T18:40:52.964062Z",
            "yes_price": 58,
            "no_price": 42,
            "taker_side": "yes"
        },
        {
            "trade_id": "451fd295-82cb-40ac-9c49-8affaf63c24d",
            "ticker": "KXHIGHNY-25MAY03-B80.5",
            "count": 25,
            "created_time": "2025-05-03T18:40:52.964062Z",
            "yes_price": 58,
            "no_price": 42,
            "taker_side": "yes"
        },
        {
            "trade_id": "dd696f57-fcf4-4e34-bd45-3499b5f63dbc",
            "ticker": "KXHIGHNY-25MAY03-B80.5",
            "count": 5,
            "created_time": "2025-05-03T18:39:48.582522Z",
            "yes_price": 48,
            "no_price": 52,
            "taker_side": "no"
        },
        {
            "trade_id": "51280aec-ea24-4215-a1fd-cb4b9c672deb",
            "ticker": "KXHIGHNY-25MAY03-B80.5",
            "count": 25,
            "created_time": "2025-05-03T18:38:44.963481Z",
            "yes_price": 49,
            "no_price": 51,
            "taker_side": "no"
        },
        {
            "trade_id": "5dd9b6d8-426d-49c4-9010-4e366e356a98",
            "ticker": "KXHIGHNY-25MAY03-B80.5",
            "count": 15,
            "created_time": "2025-05-03T18:37:37.78177Z",
            "yes_price": 51,
            "no_price": 49,
            "taker_side": "no"
        },
        {
            "trade_id": "388dcd4f-e54a-4b42-bb55-982183e2ce46",
            "ticker": "KXHIGHNY-25MAY03-B80.5",
            "count": 12,
            "created_time": "2025-05-03T18:37:37.78177Z",
            "yes_price": 43,
            "no_price": 57,
            "taker_side": "no"
        },
        {
            "trade_id": "30d18f21-750d-468c-88c6-1664abeffd3d",
            "ticker": "KXHIGHNY-25MAY03-B80.5",
            "count": 26,
            "created_time": "2025-05-03T18:37:37.78177Z",
            "yes_price": 50,
            "no_price": 50,
            "taker_side": "no"
        },
        {
            "trade_id": "007b21c9-ca76-456a-b8b0-3e6e72d50ab8",
            "ticker": "KXHIGHNY-25MAY03-B80.5",
            "count": 15,
            "created_time": "2025-05-03T18:37:04.544983Z",
            "yes_price": 65,
            "no_price": 35,
            "taker_side": "yes"
        },
        {
            "trade_id": "5fceeb27-11b0-499c-b675-b9858a16ff70",
            "ticker": "KXHIGHNY-25MAY03-B80.5",
            "count": 10,
            "created_time": "2025-05-03T18:36:51.607382Z",
            "yes_price": 51,
            "no_price": 49,
            "taker_side": "no"
        },
        {
            "trade_id": "4c33504b-1d50-437a-9375-04f99f586885",
            "ticker": "KXHIGHNY-25MAY03-B80.5",
            "count": 15,
            "created_time": "2025-05-03T18:36:51.607382Z",
            "yes_price": 52,
            "no_price": 48,
            "taker_side": "no"
        },
        {
            "trade_id": "dcc98558-d803-46ab-8837-93c82d45f0a3",
            "ticker": "KXHIGHNY-25MAY03-B80.5",
            "count": 200,
            "created_time": "2025-05-03T18:34:29.738729Z",
            "yes_price": 65,
            "no_price": 35,
            "taker_side": "yes"
        },
        {
            "trade_id": "8250de80-a5e3-4d98-9fbd-5e617a4b5b46",
            "ticker": "KXHIGHNY-25MAY03-B80.5",
            "count": 4,
            "created_time": "2025-05-03T18:33:40.422529Z",
            "yes_price": 65,
            "no_price": 35,
            "taker_side": "yes"
        },
        {
            "trade_id": "47b5ef2f-68c2-418d-b78c-241264efd62b",
            "ticker": "KXHIGHNY-25MAY03-B80.5",
            "count": 13,
            "created_time": "2025-05-03T18:32:26.402829Z",
            "yes_price": 68,
            "no_price": 32,
            "taker_side": "yes"
        },
        {
            "trade_id": "71972137-dbf1-442a-bb55-6a88eb6454ed",
            "ticker": "KXHIGHNY-25MAY03-B80.5",
            "count": 2,
            "created_time": "2025-05-03T18:31:51.707344Z",
            "yes_price": 68,
            "no_price": 32,
            "taker_side": "yes"
        },
        {
            "trade_id": "f52e66f8-db20-4ddb-97d0-cad7c6ff0712",
            "ticker": "KXHIGHNY-25MAY03-B80.5",
            "count": 117,
            "created_time": "2025-05-03T18:30:40.213432Z",
            "yes_price": 70,
            "no_price": 30,
            "taker_side": "yes"
        },
        {
            "trade_id": "a48555db-96a9-4eac-a818-2432190985e6",
            "ticker": "KXHIGHNY-25MAY03-B80.5",
            "count": 1,
            "created_time": "2025-05-03T18:30:40.213432Z",
            "yes_price": 69,
            "no_price": 31,
            "taker_side": "yes"
        },
        {
            "trade_id": "4262ac39-31d9-401e-9496-f28703295943",
            "ticker": "KXHIGHNY-25MAY03-B80.5",
            "count": 10,
            "created_time": "2025-05-03T18:30:29.781288Z",
            "yes_price": 69,
            "no_price": 31,
            "taker_side": "yes"
        },
        {
            "trade_id": "cf7c06e8-9298-4ba7-85e2-b9dd64cd6e1e",
            "ticker": "KXHIGHNY-25MAY03-B80.5",
            "count": 15,
            "created_time": "2025-05-03T18:28:31.405939Z",
            "yes_price": 68,
            "no_price": 32,
            "taker_side": "yes"
        },
        {
            "trade_id": "3fbeaa3c-4486-425c-9c29-f27d63e29d12",
            "ticker": "KXHIGHNY-25MAY03-B80.5",
            "count": 8,
            "created_time": "2025-05-03T18:28:21.047111Z",
            "yes_price": 70,
            "no_price": 30,
            "taker_side": "no"
        },
        {
            "trade_id": "ed3af38b-df27-4695-b22a-dd0e088dbec1",
            "ticker": "KXHIGHNY-25MAY03-B80.5",
            "count": 18,
            "created_time": "2025-05-03T18:27:26.954335Z",
            "yes_price": 71,
            "no_price": 29,
            "taker_side": "no"
        },
        {
            "trade_id": "d8c67195-c55a-4f5d-86b9-78d018e6449c",
            "ticker": "KXHIGHNY-25MAY03-B80.5",
            "count": 25,
            "created_time": "2025-05-03T18:27:26.954335Z",
            "yes_price": 71,
            "no_price": 29,
            "taker_side": "no"
        },
        {
            "trade_id": "81b77325-0d6b-42a7-9531-a530e424a97b",
            "ticker": "KXHIGHNY-25MAY03-B80.5",
            "count": 5,
            "created_time": "2025-05-03T18:27:26.954335Z",
            "yes_price": 71,
            "no_price": 29,
            "taker_side": "no"
        },
        {
            "trade_id": "111741f3-c602-49b2-8c14-8d78e5015c93",
            "ticker": "KXHIGHNY-25MAY03-B80.5",
            "count": 10,
            "created_time": "2025-05-03T18:27:26.954335Z",
            "yes_price": 71,
            "no_price": 29,
            "taker_side": "no"
        },
        {
            "trade_id": "0c065fc0-693c-4df4-869d-9648566805a7",
            "ticker": "KXHIGHNY-25MAY03-B80.5",
            "count": 142,
            "created_time": "2025-05-03T18:27:26.954335Z",
            "yes_price": 70,
            "no_price": 30,
            "taker_side": "no"
        },
        {
            "trade_id": "96d21bd5-4c08-49cc-9b7d-25b694f51176",
            "ticker": "KXHIGHNY-25MAY03-B80.5",
            "count": 6,
            "created_time": "2025-05-03T18:27:04.578915Z",
            "yes_price": 74,
            "no_price": 26,
            "taker_side": "yes"
        },
        {
            "trade_id": "11fa9730-63c0-4dd8-ae0c-f53215cd1b8d",
            "ticker": "KXHIGHNY-25MAY03-B80.5",
            "count": 1,
            "created_time": "2025-05-03T18:27:04.578915Z",
            "yes_price": 74,
            "no_price": 26,
            "taker_side": "yes"
        },
        {
            "trade_id": "5ee27e21-cf9c-441c-a1e2-03ff089a11f7",
            "ticker": "KXHIGHNY-25MAY03-B80.5",
            "count": 100,
            "created_time": "2025-05-03T18:26:49.787998Z",
            "yes_price": 70,
            "no_price": 30,
            "taker_side": "yes"
        },
        {
            "trade_id": "41c90e74-f6c7-4d3a-aa57-bfa5b42329a2",
            "ticker": "KXHIGHNY-25MAY03-B80.5",
            "count": 50,
            "created_time": "2025-05-03T18:26:49.787998Z",
            "yes_price": 70,
            "no_price": 30,
            "taker_side": "yes"
        },
        {
            "trade_id": "a5307030-f98a-4852-9482-2d973718b4bd",
            "ticker": "KXHIGHNY-25MAY03-B80.5",
            "count": 6,
            "created_time": "2025-05-03T18:22:19.76337Z",
            "yes_price": 75,
            "no_price": 25,
            "taker_side": "yes"
        },
        {
            "trade_id": "59d712b9-085c-4bd7-af42-4c1d8a766bea",
            "ticker": "KXHIGHNY-25MAY03-B80.5",
            "count": 10,
            "created_time": "2025-05-03T18:22:19.76337Z",
            "yes_price": 74,
            "no_price": 26,
            "taker_side": "yes"
        },
        {
            "trade_id": "4a800ab0-a0bf-41ed-9f1f-173442b59983",
            "ticker": "KXHIGHNY-25MAY03-B80.5",
            "count": 50,
            "created_time": "2025-05-03T18:22:19.76337Z",
            "yes_price": 65,
            "no_price": 35,
            "taker_side": "yes"
        },
        {
            "trade_id": "425e1b03-a6cc-4bfe-8776-120efc7ff828",
            "ticker": "KXHIGHNY-25MAY03-B80.5",
            "count": 1,
            "created_time": "2025-05-03T18:22:19.76337Z",
            "yes_price": 65,
            "no_price": 35,
            "taker_side": "yes"
        },
        {
            "trade_id": "1d76ef1e-e1c6-4b6e-8ba7-9f3b38ae6eb9",
            "ticker": "KXHIGHNY-25MAY03-B80.5",
            "count": 65,
            "created_time": "2025-05-03T18:22:19.76337Z",
            "yes_price": 69,
            "no_price": 31,
            "taker_side": "yes"
        },
        {
            "trade_id": "167b218b-1011-4ee7-ac23-aff16e6d0c3c",
            "ticker": "KXHIGHNY-25MAY03-B80.5",
            "count": 18,
            "created_time": "2025-05-03T18:22:19.76337Z",
            "yes_price": 74,
            "no_price": 26,
            "taker_side": "yes"
        },
        {
            "trade_id": "c940f686-018c-4f2d-8141-77736a13a1b6",
            "ticker": "KXHIGHNY-25MAY03-B80.5",
            "count": 200,
            "created_time": "2025-05-03T18:22:12.142534Z",
            "yes_price": 65,
            "no_price": 35,
            "taker_side": "yes"
        },
        {
            "trade_id": "eb56afb4-59a9-427a-b2f1-9c6ce63b102f",
            "ticker": "KXHIGHNY-25MAY03-B80.5",
            "count": 14,
            "created_time": "2025-05-03T18:16:33.067144Z",
            "yes_price": 74,
            "no_price": 26,
            "taker_side": "yes"
        },
        {
            "trade_id": "8a5716ba-7e6a-4e45-8139-c4fd9fffb672",
            "ticker": "KXHIGHNY-25MAY03-B80.5",
            "count": 50,
            "created_time": "2025-05-03T18:15:52.680161Z",
            "yes_price": 74,
            "no_price": 26,
            "taker_side": "yes"
        },
        {
            "trade_id": "57e6e760-6633-47d3-8b6f-c79ef0a46c82",
            "ticker": "KXHIGHNY-25MAY03-B80.5",
            "count": 26,
            "created_time": "2025-05-03T18:15:52.680161Z",
            "yes_price": 75,
            "no_price": 25,
            "taker_side": "yes"
        },
        {
            "trade_id": "b28cfbed-a564-46f8-b0f6-5334b42885e8",
            "ticker": "KXHIGHNY-25MAY03-B80.5",
            "count": 10,
            "created_time": "2025-05-03T18:10:53.707253Z",
            "yes_price": 71,
            "no_price": 29,
            "taker_side": "yes"
        },
        {
            "trade_id": "71deff91-bdfe-4b9e-9b8a-8e2acf135ac0",
            "ticker": "KXHIGHNY-25MAY03-B80.5",
            "count": 300,
            "created_time": "2025-05-03T18:09:58.008952Z",
            "yes_price": 70,
            "no_price": 30,
            "taker_side": "yes"
        },
        {
            "trade_id": "bc7d4c03-423a-4a0f-afe0-df04f099b39b",
            "ticker": "KXHIGHNY-25MAY03-B80.5",
            "count": 5,
            "created_time": "2025-05-03T18:09:57.189208Z",
            "yes_price": 52,
            "no_price": 48,
            "taker_side": "no"
        },
        {
            "trade_id": "69689f66-1e83-465c-995e-f5f6bb5d589b",
            "ticker": "KXHIGHNY-25MAY03-B80.5",
            "count": 10,
            "created_time": "2025-05-03T18:09:57.189208Z",
            "yes_price": 51,
            "no_price": 49,
            "taker_side": "no"
        },
        {
            "trade_id": "5922280c-aacd-42b9-a2ed-74235b6c8cd0",
            "ticker": "KXHIGHNY-25MAY03-B80.5",
            "count": 18,
            "created_time": "2025-05-03T18:09:40.065419Z",
            "yes_price": 73,
            "no_price": 27,
            "taker_side": "yes"
        },
        {
            "trade_id": "5760a373-204c-456c-ac2d-eac878b393f7",
            "ticker": "KXHIGHNY-25MAY03-B80.5",
            "count": 14,
            "created_time": "2025-05-03T18:09:05.224199Z",
            "yes_price": 79,
            "no_price": 21,
            "taker_side": "yes"
        },
        {
            "trade_id": "9870d6b4-baea-4258-a1a1-9d6d68230914",
            "ticker": "KXHIGHNY-25MAY03-B80.5",
            "count": 25,
            "created_time": "2025-05-03T18:08:08.398455Z",
            "yes_price": 78,
            "no_price": 22,
            "taker_side": "yes"
        },
        {
            "trade_id": "60885c8c-2161-413f-8a34-8c45de7df618",
            "ticker": "KXHIGHNY-25MAY03-B80.5",
            "count": 50,
            "created_time": "2025-05-03T18:08:08.398455Z",
            "yes_price": 77,
            "no_price": 23,
            "taker_side": "yes"
        },
        {
            "trade_id": "f237a748-4def-4e5b-bf80-3521b3446ef6",
            "ticker": "KXHIGHNY-25MAY03-B80.5",
            "count": 100,
            "created_time": "2025-05-03T18:07:30.323183Z",
            "yes_price": 78,
            "no_price": 22,
            "taker_side": "yes"
        },
        {
            "trade_id": "726543e4-db7c-4ad4-9fdf-4a13deb62cfb",
            "ticker": "KXHIGHNY-25MAY03-B80.5",
            "count": 2,
            "created_time": "2025-05-03T18:06:29.699622Z",
            "yes_price": 78,
            "no_price": 22,
            "taker_side": "yes"
        },
        {
            "trade_id": "41e4973e-1fca-4f4b-b2a5-9386cdb5b423",
            "ticker": "KXHIGHNY-25MAY03-B80.5",
            "count": 53,
            "created_time": "2025-05-03T18:06:29.699622Z",
            "yes_price": 79,
            "no_price": 21,
            "taker_side": "yes"
        },
        {
            "trade_id": "c411ef21-4c7e-4b91-bb0c-28a9a1cb3a2b",
            "ticker": "KXHIGHNY-25MAY03-B80.5",
            "count": 15,
            "created_time": "2025-05-03T18:05:35.030482Z",
            "yes_price": 78,
            "no_price": 22,
            "taker_side": "yes"
        },
        {
            "trade_id": "a6ed047b-3d6a-423d-8512-7c0e42d53673",
            "ticker": "KXHIGHNY-25MAY03-B80.5",
            "count": 25,
            "created_time": "2025-05-03T18:05:35.030482Z",
            "yes_price": 78,
            "no_price": 22,
            "taker_side": "yes"
        },
        {
            "trade_id": "8ff309f8-9a21-4cb8-805b-b6eec36d2bfc",
            "ticker": "KXHIGHNY-25MAY03-B80.5",
            "count": 50,
            "created_time": "2025-05-03T18:05:35.030482Z",
            "yes_price": 78,
            "no_price": 22,
            "taker_side": "yes"
        },
        {
            "trade_id": "8db7f4bd-424e-492f-82a0-edc867fe156c",
            "ticker": "KXHIGHNY-25MAY03-B80.5",
            "count": 47,
            "created_time": "2025-05-03T18:05:35.030482Z",
            "yes_price": 79,
            "no_price": 21,
            "taker_side": "yes"
        },
        {
            "trade_id": "6d404b07-8dd1-442f-a37c-26426f68da7b",
            "ticker": "KXHIGHNY-25MAY03-B80.5",
            "count": 25,
            "created_time": "2025-05-03T18:05:35.030482Z",
            "yes_price": 78,
            "no_price": 22,
            "taker_side": "yes"
        },
        {
            "trade_id": "f9903f9c-d88a-4e8a-b95b-8242de04f098",
            "ticker": "KXHIGHNY-25MAY03-B80.5",
            "count": 90,
            "created_time": "2025-05-03T18:05:28.236236Z",
            "yes_price": 27,
            "no_price": 73,
            "taker_side": "no"
        },
        {
            "trade_id": "f7b74631-f65e-4047-bb1c-784264c7bc0b",
            "ticker": "KXHIGHNY-25MAY03-B80.5",
            "count": 30,
            "created_time": "2025-05-03T18:05:28.236236Z",
            "yes_price": 14,
            "no_price": 86,
            "taker_side": "no"
        },
        {
            "trade_id": "be10e853-6753-48d5-bfa2-2117cf813ea0",
            "ticker": "KXHIGHNY-25MAY03-B80.5",
            "count": 15,
            "created_time": "2025-05-03T18:05:28.236236Z",
            "yes_price": 67,
            "no_price": 33,
            "taker_side": "no"
        },
        {
            "trade_id": "9bd62644-e316-44e6-8207-eca65fb25118",
            "ticker": "KXHIGHNY-25MAY03-B80.5",
            "count": 25,
            "created_time": "2025-05-03T18:05:28.236236Z",
            "yes_price": 66,
            "no_price": 34,
            "taker_side": "no"
        },
        {
            "trade_id": "8a596a68-06ff-4b83-8e53-4f39ccb06936",
            "ticker": "KXHIGHNY-25MAY03-B80.5",
            "count": 24,
            "created_time": "2025-05-03T18:05:28.236236Z",
            "yes_price": 54,
            "no_price": 46,
            "taker_side": "no"
        },
        {
            "trade_id": "5817afc1-0e4d-4c93-a299-3d263c58f461",
            "ticker": "KXHIGHNY-25MAY03-B80.5",
            "count": 150,
            "created_time": "2025-05-03T18:05:28.236236Z",
            "yes_price": 74,
            "no_price": 26,
            "taker_side": "no"
        },
        {
            "trade_id": "52824e10-03db-4da4-bae3-56b984336e8b",
            "ticker": "KXHIGHNY-25MAY03-B80.5",
            "count": 46,
            "created_time": "2025-05-03T18:05:28.236236Z",
            "yes_price": 45,
            "no_price": 55,
            "taker_side": "no"
        },
        {
            "trade_id": "4690d446-aec5-44d0-8aef-c7c40d56fda5",
            "ticker": "KXHIGHNY-25MAY03-B80.5",
            "count": 93,
            "created_time": "2025-05-03T18:05:28.236236Z",
            "yes_price": 70,
            "no_price": 30,
            "taker_side": "no"
        },
        {
            "trade_id": "3ec63a9d-ddf1-4f49-9e42-60dae91095d0",
            "ticker": "KXHIGHNY-25MAY03-B80.5",
            "count": 160,
            "created_time": "2025-05-03T18:05:28.236236Z",
            "yes_price": 65,
            "no_price": 35,
            "taker_side": "no"
        },
        {
            "trade_id": "33545600-1c38-48cc-9876-8acbd39c2afd",
            "ticker": "KXHIGHNY-25MAY03-B80.5",
            "count": 50,
            "created_time": "2025-05-03T18:05:28.236236Z",
            "yes_price": 51,
            "no_price": 49,
            "taker_side": "no"
        },
        {
            "trade_id": "60bf71cf-c84a-492d-b8ec-e123e27e8ae9",
            "ticker": "KXHIGHNY-25MAY03-B80.5",
            "count": 41,
            "created_time": "2025-05-03T18:03:18.112597Z",
            "yes_price": 74,
            "no_price": 26,
            "taker_side": "no"
        },
        {
            "trade_id": "51bcff6e-912d-42e6-ae44-e0b84daacd32",
            "ticker": "KXHIGHNY-25MAY03-B80.5",
            "count": 40,
            "created_time": "2025-05-03T18:03:18.112597Z",
            "yes_price": 75,
            "no_price": 25,
            "taker_side": "no"
        },
        {
            "trade_id": "43b4d80c-fdef-4c46-9533-0b459e929f5b",
            "ticker": "KXHIGHNY-25MAY03-B80.5",
            "count": 12,
            "created_time": "2025-05-03T18:03:18.112597Z",
            "yes_price": 71,
            "no_price": 29,
            "taker_side": "no"
        },
        {
            "trade_id": "3d4bf919-4cda-402c-8ca8-822aa7a73d01",
            "ticker": "KXHIGHNY-25MAY03-B80.5",
            "count": 7,
            "created_time": "2025-05-03T18:03:18.112597Z",
            "yes_price": 70,
            "no_price": 30,
            "taker_side": "no"
        },
        {
            "trade_id": "04353225-d050-4d0e-9806-92163f549b91",
            "ticker": "KXHIGHNY-25MAY03-B80.5",
            "count": 10,
            "created_time": "2025-05-03T18:03:02.872522Z",
            "yes_price": 83,
            "no_price": 17,
            "taker_side": "yes"
        },
        {
            "trade_id": "f836a9d9-a5f5-40af-8352-ff8daa8f6785",
            "ticker": "KXHIGHNY-25MAY03-B80.5",
            "count": 20,
            "created_time": "2025-05-03T18:01:18.988488Z",
            "yes_price": 84,
            "no_price": 16,
            "taker_side": "yes"
        },
        {
            "trade_id": "bf7d14ab-29cd-4ceb-a734-7888a3a7da80",
            "ticker": "KXHIGHNY-25MAY03-B80.5",
            "count": 11,
            "created_time": "2025-05-03T18:01:06.653251Z",
            "yes_price": 83,
            "no_price": 17,
            "taker_side": "yes"
        },
        {
            "trade_id": "d767da8a-754c-42a9-a83c-28ad7ea39d1f",
            "ticker": "KXHIGHNY-25MAY03-B80.5",
            "count": 10,
            "created_time": "2025-05-03T18:00:51.04156Z",
            "yes_price": 83,
            "no_price": 17,
            "taker_side": "yes"
        },
        {
            "trade_id": "c5c101e9-ef0c-49df-87ff-cbca70bbabf7",
            "ticker": "KXHIGHNY-25MAY03-B80.5",
            "count": 11,
            "created_time": "2025-05-03T18:00:34.635628Z",
            "yes_price": 83,
            "no_price": 17,
            "taker_side": "yes"
        },
        {
            "trade_id": "91b1e3bd-2f38-4651-bd5a-d1165eed8532",
            "ticker": "KXHIGHNY-25MAY03-B80.5",
            "count": 5,
            "created_time": "2025-05-03T17:57:09.363317Z",
            "yes_price": 81,
            "no_price": 19,
            "taker_side": "no"
        },
        {
            "trade_id": "63cac03e-0ecc-4a63-a135-9d5677c9d712",
            "ticker": "KXHIGHNY-25MAY03-B80.5",
            "count": 35,
            "created_time": "2025-05-03T17:57:09.363317Z",
            "yes_price": 80,
            "no_price": 20,
            "taker_side": "no"
        },
        {
            "trade_id": "23770367-0293-40d4-9e49-f69093bf31bd",
            "ticker": "KXHIGHNY-25MAY03-B80.5",
            "count": 24,
            "created_time": "2025-05-03T17:56:49.289818Z",
            "yes_price": 80,
            "no_price": 20,
            "taker_side": "yes"
        },
        {
            "trade_id": "a939ab56-3b04-44b2-82fb-e41c06329cd8",
            "ticker": "KXHIGHNY-25MAY03-B80.5",
            "count": 37,
            "created_time": "2025-05-03T17:56:20.193494Z",
            "yes_price": 79,
            "no_price": 21,
            "taker_side": "yes"
        },
        {
            "trade_id": "38875cef-d2e4-4032-9ac1-cb18eff87a78",
            "ticker": "KXHIGHNY-25MAY03-B80.5",
            "count": 25,
            "created_time": "2025-05-03T17:55:59.708516Z",
            "yes_price": 77,
            "no_price": 23,
            "taker_side": "yes"
        },
        {
            "trade_id": "d03bb86a-a1a3-4c75-a30f-1376dca35091",
            "ticker": "KXHIGHNY-25MAY03-B80.5",
            "count": 12,
            "created_time": "2025-05-03T17:55:50.868572Z",
            "yes_price": 77,
            "no_price": 23,
            "taker_side": "yes"
        },
        {
            "trade_id": "89554f86-c45b-4aaa-9c07-7420b66a4544",
            "ticker": "KXHIGHNY-25MAY03-B80.5",
            "count": 7,
            "created_time": "2025-05-03T17:55:16.964614Z",
            "yes_price": 75,
            "no_price": 25,
            "taker_side": "yes"
        },
        {
            "trade_id": "2bd598ec-57b3-4ec4-9abc-9d6c6c61e596",
            "ticker": "KXHIGHNY-25MAY03-B80.5",
            "count": 9,
            "created_time": "2025-05-03T17:55:11.429756Z",
            "yes_price": 74,
            "no_price": 26,
            "taker_side": "no"
        },
        {
            "trade_id": "d3beed4b-5184-4a53-84c2-44dd56262bcf",
            "ticker": "KXHIGHNY-25MAY03-B80.5",
            "count": 25,
            "created_time": "2025-05-03T17:55:08.465534Z",
            "yes_price": 75,
            "no_price": 25,
            "taker_side": "no"
        },
        {
            "trade_id": "5afd8678-faf3-4287-8462-2aff1a22b4e1",
            "ticker": "KXHIGHNY-25MAY03-B80.5",
            "count": 10,
            "created_time": "2025-05-03T17:54:55.391449Z",
            "yes_price": 75,
            "no_price": 25,
            "taker_side": "no"
        },
        {
            "trade_id": "468453b4-d677-4722-925f-487a41d67a79",
            "ticker": "KXHIGHNY-25MAY03-B80.5",
            "count": 15,
            "created_time": "2025-05-03T17:54:55.391449Z",
            "yes_price": 75,
            "no_price": 25,
            "taker_side": "no"
        },
        {
            "trade_id": "136ef342-906a-4d11-a88e-c84056186e3b",
            "ticker": "KXHIGHNY-25MAY03-B80.5",
            "count": 25,
            "created_time": "2025-05-03T17:54:55.391449Z",
            "yes_price": 75,
            "no_price": 25,
            "taker_side": "no"
        },
        {
            "trade_id": "32f891fc-5f31-4c8b-a809-36843a4fe715",
            "ticker": "KXHIGHNY-25MAY03-B80.5",
            "count": 40,
            "created_time": "2025-05-03T17:54:41.196413Z",
            "yes_price": 74,
            "no_price": 26,
            "taker_side": "yes"
        },
        {
            "trade_id": "ac8f8ed3-6893-4fe9-9471-104eca59677a",
            "ticker": "KXHIGHNY-25MAY03-B80.5",
            "count": 13,
            "created_time": "2025-05-03T17:54:39.427764Z",
            "yes_price": 73,
            "no_price": 27,
            "taker_side": "yes"
        },
        {
            "trade_id": "1e1e5f92-5b26-4e0a-b313-07c1655c2c8d",
            "ticker": "KXHIGHNY-25MAY03-B80.5",
            "count": 132,
            "created_time": "2025-05-03T17:54:02.569861Z",
            "yes_price": 79,
            "no_price": 21,
            "taker_side": "yes"
        },
        {
            "trade_id": "8b2fcf3e-d1a0-4e87-8739-0bb23a588686",
            "ticker": "KXHIGHNY-25MAY03-B80.5",
            "count": 50,
            "created_time": "2025-05-03T17:53:54.442781Z",
            "yes_price": 78,
            "no_price": 22,
            "taker_side": "yes"
        },
        {
            "trade_id": "3f422caf-e516-4130-a11a-5e7528532edd",
            "ticker": "KXHIGHNY-25MAY03-B80.5",
            "count": 12,
            "created_time": "2025-05-03T17:53:54.442781Z",
            "yes_price": 79,
            "no_price": 21,
            "taker_side": "yes"
        },
        {
            "trade_id": "090aa0c9-7460-4bb7-ad58-9c1053ffb0a1",
            "ticker": "KXHIGHNY-25MAY03-B80.5",
            "count": 14,
            "created_time": "2025-05-03T17:53:49.16726Z",
            "yes_price": 79,
            "no_price": 21,
            "taker_side": "yes"
        },
        {
            "trade_id": "4dbc9729-086f-4b0b-a481-412f015efa86",
            "ticker": "KXHIGHNY-25MAY03-B80.5",
            "count": 24,
            "created_time": "2025-05-03T17:53:42.79689Z",
            "yes_price": 79,
            "no_price": 21,
            "taker_side": "yes"
        },
        {
            "trade_id": "e85c0f53-cfd0-4861-85b5-37a1748dc2bf",
            "ticker": "KXHIGHNY-25MAY03-B80.5",
            "count": 118,
            "created_time": "2025-05-03T17:53:34.8366Z",
            "yes_price": 79,
            "no_price": 21,
            "taker_side": "yes"
        },
        {
            "trade_id": "dd478cda-689c-4143-ad7c-49b9820513f5",
            "ticker": "KXHIGHNY-25MAY03-B80.5",
            "count": 50,
            "created_time": "2025-05-03T17:53:34.8366Z",
            "yes_price": 77,
            "no_price": 23,
            "taker_side": "yes"
        },
        {
            "trade_id": "b3fad4fa-0398-405e-b69c-99a2df91a7b0",
            "ticker": "KXHIGHNY-25MAY03-B80.5",
            "count": 7,
            "created_time": "2025-05-03T17:53:34.8366Z",
            "yes_price": 76,
            "no_price": 24,
            "taker_side": "yes"
        },
        {
            "trade_id": "79f77579-be05-4197-9e76-6486daf074a3",
            "ticker": "KXHIGHNY-25MAY03-B80.5",
            "count": 12,
            "created_time": "2025-05-03T17:53:34.8366Z",
            "yes_price": 74,
            "no_price": 26,
            "taker_side": "yes"
        },
        {
            "trade_id": "274f1bca-e695-42dd-b88d-1844ccf7b15c",
            "ticker": "KXHIGHNY-25MAY03-B80.5",
            "count": 13,
            "created_time": "2025-05-03T17:53:34.8366Z",
            "yes_price": 70,
            "no_price": 30,
            "taker_side": "yes"
        },
        {
            "trade_id": "16acf973-205d-4414-83d6-29339610b1ee",
            "ticker": "KXHIGHNY-25MAY03-B80.5",
            "count": 50,
            "created_time": "2025-05-03T17:53:34.8366Z",
            "yes_price": 75,
            "no_price": 25,
            "taker_side": "yes"
        },
        {
            "trade_id": "11841f54-7949-4dbd-908f-a4b2bd447428",
            "ticker": "KXHIGHNY-25MAY03-B80.5",
            "count": 51,
            "created_time": "2025-05-03T17:53:34.8366Z",
            "yes_price": 69,
            "no_price": 31,
            "taker_side": "yes"
        },
        {
            "trade_id": "21d1e022-7dfd-4e7d-a969-59dfda141340",
            "ticker": "KXHIGHNY-25MAY03-B80.5",
            "count": 13,
            "created_time": "2025-05-03T17:53:33.86261Z",
            "yes_price": 71,
            "no_price": 29,
            "taker_side": "no"
        },
        {
            "trade_id": "4fcf29e0-3855-4e2d-8c5b-d4d2d47a2a9a",
            "ticker": "KXHIGHNY-25MAY03-B80.5",
            "count": 27,
            "created_time": "2025-05-03T17:53:33.821301Z",
            "yes_price": 70,
            "no_price": 30,
            "taker_side": "yes"
        },
        {
            "trade_id": "1eebbad6-d200-457e-8109-b10fe069883a",
            "ticker": "KXHIGHNY-25MAY03-B80.5",
            "count": 50,
            "created_time": "2025-05-03T17:53:33.821301Z",
            "yes_price": 71,
            "no_price": 29,
            "taker_side": "yes"
        },
        {
            "trade_id": "0ebd0374-22c2-48d8-90f1-7b189cc0d629",
            "ticker": "KXHIGHNY-25MAY03-B80.5",
            "count": 10,
            "created_time": "2025-05-03T17:53:28.932287Z",
            "yes_price": 70,
            "no_price": 30,
            "taker_side": "no"
        },
        {
            "trade_id": "e5bbe343-5925-4963-a279-1778e2170a53",
            "ticker": "KXHIGHNY-25MAY03-B80.5",
            "count": 50,
            "created_time": "2025-05-03T17:53:28.874126Z",
            "yes_price": 67,
            "no_price": 33,
            "taker_side": "yes"
        },
        {
            "trade_id": "b6a4c1b6-3aa0-445b-9dbb-8d254306c41d",
            "ticker": "KXHIGHNY-25MAY03-B80.5",
            "count": 10,
            "created_time": "2025-05-03T17:53:28.874126Z",
            "yes_price": 68,
            "no_price": 32,
            "taker_side": "yes"
        },
        {
            "trade_id": "4345b415-d233-47b3-a4ab-c9a97acd004b",
            "ticker": "KXHIGHNY-25MAY03-B80.5",
            "count": 11,
            "created_time": "2025-05-03T17:53:28.874126Z",
            "yes_price": 70,
            "no_price": 30,
            "taker_side": "yes"
        },
        {
            "trade_id": "bae1b64a-72ff-4567-af3f-c9b38bba4df3",
            "ticker": "KXHIGHNY-25MAY03-B80.5",
            "count": 35,
            "created_time": "2025-05-03T17:53:19.889732Z",
            "yes_price": 58,
            "no_price": 42,
            "taker_side": "yes"
        },
        {
            "trade_id": "0e8700e2-6856-4a79-a6d3-1015b97da75d",
            "ticker": "KXHIGHNY-25MAY03-B80.5",
            "count": 1,
            "created_time": "2025-05-03T17:52:25.193451Z",
            "yes_price": 37,
            "no_price": 63,
            "taker_side": "no"
        },
        {
            "trade_id": "a1f5b360-b130-47ad-be4d-14727513e859",
            "ticker": "KXHIGHNY-25MAY03-B80.5",
            "count": 12,
            "created_time": "2025-05-03T17:50:21.929528Z",
            "yes_price": 55,
            "no_price": 45,
            "taker_side": "yes"
        },
        {
            "trade_id": "545184f2-67d3-4c4d-a87b-a7cc76e3bb7e",
            "ticker": "KXHIGHNY-25MAY03-B80.5",
            "count": 10,
            "created_time": "2025-05-03T17:49:39.664011Z",
            "yes_price": 56,
            "no_price": 44,
            "taker_side": "yes"
        },
        {
            "trade_id": "71c9af31-95fe-4cde-9661-7c44b7ead89f",
            "ticker": "KXHIGHNY-25MAY03-B80.5",
            "count": 15,
            "created_time": "2025-05-03T17:49:38.303436Z",
            "yes_price": 56,
            "no_price": 44,
            "taker_side": "yes"
        },
        {
            "trade_id": "dc165e72-20e4-4eb3-8697-94fdb5efd23c",
            "ticker": "KXHIGHNY-25MAY03-B80.5",
            "count": 15,
            "created_time": "2025-05-03T17:49:06.3985Z",
            "yes_price": 66,
            "no_price": 34,
            "taker_side": "yes"
        },
        {
            "trade_id": "d439af02-baaa-4f54-9462-2cf1996847a1",
            "ticker": "KXHIGHNY-25MAY03-B80.5",
            "count": 25,
            "created_time": "2025-05-03T17:49:06.3985Z",
            "yes_price": 66,
            "no_price": 34,
            "taker_side": "yes"
        },
        {
            "trade_id": "bc18928c-3792-4776-9399-8e525251eccf",
            "ticker": "KXHIGHNY-25MAY03-B80.5",
            "count": 7,
            "created_time": "2025-05-03T17:49:06.3985Z",
            "yes_price": 67,
            "no_price": 33,
            "taker_side": "yes"
        },
        {
            "trade_id": "026459f9-8aac-44f0-a0be-62f96e7f090d",
            "ticker": "KXHIGHNY-25MAY03-B80.5",
            "count": 243,
            "created_time": "2025-05-03T17:49:01.636815Z",
            "yes_price": 55,
            "no_price": 45,
            "taker_side": "no"
        },
        {
            "trade_id": "a276f0ef-b891-4c90-a3a9-c095866d533b",
            "ticker": "KXHIGHNY-25MAY03-B80.5",
            "count": 37,
            "created_time": "2025-05-03T17:49:01.228097Z",
            "yes_price": 60,
            "no_price": 40,
            "taker_side": "yes"
        },
        {
            "trade_id": "712db84f-129e-4e1c-ae05-6dc5059a4b7d",
            "ticker": "KXHIGHNY-25MAY03-B80.5",
            "count": 24,
            "created_time": "2025-05-03T17:49:01.228097Z",
            "yes_price": 61,
            "no_price": 39,
            "taker_side": "yes"
        },
        {
            "trade_id": "6a456301-c05e-4430-9de9-641f1c7e3818",
            "ticker": "KXHIGHNY-25MAY03-B80.5",
            "count": 1,
            "created_time": "2025-05-03T17:49:01.228097Z",
            "yes_price": 58,
            "no_price": 42,
            "taker_side": "yes"
        },
        {
            "trade_id": "2f7424f8-2d0c-4175-a8e3-c3d16ac0a8d6",
            "ticker": "KXHIGHNY-25MAY03-B80.5",
            "count": 50,
            "created_time": "2025-05-03T17:49:01.228097Z",
            "yes_price": 61,
            "no_price": 39,
            "taker_side": "yes"
        },
        {
            "trade_id": "21f07901-3fc3-46e6-9cef-542390a2f032",
            "ticker": "KXHIGHNY-25MAY03-B80.5",
            "count": 22,
            "created_time": "2025-05-03T17:49:01.228097Z",
            "yes_price": 58,
            "no_price": 42,
            "taker_side": "yes"
        },
        {
            "trade_id": "67e16136-7039-48fb-98f6-49e8746ff101",
            "ticker": "KXHIGHNY-25MAY03-B80.5",
            "count": 25,
            "created_time": "2025-05-03T17:48:57.942052Z",
            "yes_price": 58,
            "no_price": 42,
            "taker_side": "yes"
        },
        {
            "trade_id": "8725a071-a6d6-4e69-86da-5a775a85e042",
            "ticker": "KXHIGHNY-25MAY03-B80.5",
            "count": 126,
            "created_time": "2025-05-03T17:48:50.850416Z",
            "yes_price": 58,
            "no_price": 42,
            "taker_side": "yes"
        },
        {
            "trade_id": "ababf8dd-ccd1-4df7-a49c-93910d442974",
            "ticker": "KXHIGHNY-25MAY03-B80.5",
            "count": 200,
            "created_time": "2025-05-03T17:48:45.420605Z",
            "yes_price": 55,
            "no_price": 45,
            "taker_side": "yes"
        },
        {
            "trade_id": "50aedb87-67d2-42ac-90c3-5e255f5538cd",
            "ticker": "KXHIGHNY-25MAY03-B80.5",
            "count": 48,
            "created_time": "2025-05-03T17:48:27.861009Z",
            "yes_price": 54,
            "no_price": 46,
            "taker_side": "no"
        },
        {
            "trade_id": "c685e5fd-c79a-492e-ae4d-57134dda53da",
            "ticker": "KXHIGHNY-25MAY03-B80.5",
            "count": 523,
            "created_time": "2025-05-03T17:48:26.811926Z",
            "yes_price": 54,
            "no_price": 46,
            "taker_side": "no"
        },
        {
            "trade_id": "96ddfd31-f438-4a76-b2a6-e5a1acca2540",
            "ticker": "KXHIGHNY-25MAY03-B80.5",
            "count": 14,
            "created_time": "2025-05-03T17:48:20.896765Z",
            "yes_price": 50,
            "no_price": 50,
            "taker_side": "yes"
        },
        {
            "trade_id": "95fcab50-1e79-4829-b64b-f2a92c665140",
            "ticker": "KXHIGHNY-25MAY03-B80.5",
            "count": 50,
            "created_time": "2025-05-03T17:48:20.896765Z",
            "yes_price": 54,
            "no_price": 46,
            "taker_side": "yes"
        },
        {
            "trade_id": "678d6c2a-c3fd-4552-960a-aa5116825adc",
            "ticker": "KXHIGHNY-25MAY03-B80.5",
            "count": 17,
            "created_time": "2025-05-03T17:48:16.515571Z",
            "yes_price": 50,
            "no_price": 50,
            "taker_side": "yes"
        },
        {
            "trade_id": "689c3f43-c1d2-42b1-b9d5-156adcdc8d0a",
            "ticker": "KXHIGHNY-25MAY03-B80.5",
            "count": 23,
            "created_time": "2025-05-03T17:47:15.05212Z",
            "yes_price": 49,
            "no_price": 51,
            "taker_side": "no"
        },
        {
            "trade_id": "de0400af-9849-4ad6-941a-382ad8e10f51",
            "ticker": "KXHIGHNY-25MAY03-B80.5",
            "count": 1,
            "created_time": "2025-05-03T17:47:09.143951Z",
            "yes_price": 49,
            "no_price": 51,
            "taker_side": "yes"
        },
        {
            "trade_id": "dd592678-fb14-4492-8412-4aa2726a8fa4",
            "ticker": "KXHIGHNY-25MAY03-B80.5",
            "count": 36,
            "created_time": "2025-05-03T17:47:09.143951Z",
            "yes_price": 49,
            "no_price": 51,
            "taker_side": "yes"
        },
        {
            "trade_id": "a0f06852-c527-4f37-971c-dcaf11a36279",
            "ticker": "KXHIGHNY-25MAY03-B80.5",
            "count": 33,
            "created_time": "2025-05-03T17:47:09.143951Z",
            "yes_price": 48,
            "no_price": 52,
            "taker_side": "yes"
        },
        {
            "trade_id": "b2469ec5-2287-412c-9811-23f5fe4d7b7b",
            "ticker": "KXHIGHNY-25MAY03-B80.5",
            "count": 40,
            "created_time": "2025-05-03T17:46:49.835234Z",
