{
    "KXHIGHNY-25APR25-T73": [
        {
            "trade_id": "7a9412e7-276f-4b06-8595-1391b7cc6fcd",
            "ticker": "KXHIGHNY-25APR25-T73",
            "count": 935,
            "created_time": "2025-04-25T18:28:18.050219Z",
            "yes_price": 1,
            "no_price": 99,
            "taker_side": "yes"
        },
        {
            "trade_id": "e4bbb079-6e1c-4fb7-a001-2d760467c5a9",
            "ticker": "KXHIGHNY-25APR25-T73",
            "count": 376,
            "created_time": "2025-04-25T17:22:06.360131Z",
            "yes_price": 1,
            "no_price": 99,
            "taker_side": "yes"
        },
        {
            "trade_id": "6274cd7d-ac20-4a1a-8a8c-2c9625daff71",
            "ticker": "KXHIGHNY-25APR25-T73",
            "count": 151,
            "created_time": "2025-04-25T17:22:06.360131Z",
            "yes_price": 1,
            "no_price": 99,
            "taker_side": "yes"
        },
        {
            "trade_id": "27e7a7b7-facc-4314-835d-fc3f069e6587",
            "ticker": "KXHIGHNY-25APR25-T73",
            "count": 500,
            "created_time": "2025-04-25T17:22:06.360131Z",
            "yes_price": 1,
            "no_price": 99,
            "taker_side": "yes"
        },
        {
            "trade_id": "2816f25a-740a-40c7-9c9c-aaae6c985306",
            "ticker": "KXHIGHNY-25APR25-T73",
            "count": 50,
            "created_time": "2025-04-25T14:56:20.277551Z",
            "yes_price": 1,
            "no_price": 99,
            "taker_side": "no"
        },
        {
            "trade_id": "990a3fe6-a333-45c7-b07e-7afc4ab3dc7f",
            "ticker": "KXHIGHNY-25APR25-T73",
            "count": 700,
            "created_time": "2025-04-25T14:51:30.917944Z",
            "yes_price": 1,
            "no_price": 99,
            "taker_side": "no"
        },
        {
            "trade_id": "4b006fa5-f968-4eb3-8b03-fbd3f5efcfd8",
            "ticker": "KXHIGHNY-25APR25-T73",
            "count": 28,
            "created_time": "2025-04-25T14:39:07.937025Z",
            "yes_price": 1,
            "no_price": 99,
            "taker_side": "no"
        },
        {
            "trade_id": "a1efc836-47ab-4b95-8fdb-3b5b6a8187e4",
            "ticker": "KXHIGHNY-25APR25-T73",
            "count": 72,
            "created_time": "2025-04-25T14:38:44.430545Z",
            "yes_price": 1,
            "no_price": 99,
            "taker_side": "no"
        },
        {
            "trade_id": "ef93a512-f374-49cc-9621-b814d0c223a3",
            "ticker": "KXHIGHNY-25APR25-T73",
            "count": 50,
            "created_time": "2025-04-25T14:27:46.234123Z",
            "yes_price": 1,
            "no_price": 99,
            "taker_side": "yes"
        },
        {
            "trade_id": "cf46d497-c623-4552-9246-4b31c41e3365",
            "ticker": "KXHIGHNY-25APR25-T73",
            "count": 900,
            "created_time": "2025-04-25T14:15:09.246152Z",
            "yes_price": 2,
            "no_price": 98,
            "taker_side": "yes"
        },
        {
            "trade_id": "b0991563-4f62-4468-820d-44e0619bad1c",
            "ticker": "KXHIGHNY-25APR25-T73",
            "count": 50,
            "created_time": "2025-04-25T14:15:09.246152Z",
            "yes_price": 1,
            "no_price": 99,
            "taker_side": "yes"
        },
        {
            "trade_id": "a143ce36-407b-45bd-89da-fc863b09cd6a",
            "ticker": "KXHIGHNY-25APR25-T73",
            "count": 27,
            "created_time": "2025-04-25T13:31:39.634635Z",
            "yes_price": 1,
            "no_price": 99,
            "taker_side": "no"
        },
        {
            "trade_id": "cd1e21f8-143f-4af9-953f-25184ce37943",
            "ticker": "KXHIGHNY-25APR25-T73",
            "count": 2,
            "created_time": "2025-04-25T13:24:00.111177Z",
            "yes_price": 1,
            "no_price": 99,
            "taker_side": "no"
        },
        {
            "trade_id": "cf77db49-2125-4723-bc2e-1d029cfea1e3",
            "ticker": "KXHIGHNY-25APR25-T73",
            "count": 2,
            "created_time": "2025-04-25T13:03:20.225474Z",
            "yes_price": 1,
            "no_price": 99,
            "taker_side": "no"
        },
        {
            "trade_id": "87fe9ce7-236c-4e41-9c51-8e52d315075b",
            "ticker": "KXHIGHNY-25APR25-T73",
            "count": 890,
            "created_time": "2025-04-25T12:05:57.008673Z",
            "yes_price": 1,
            "no_price": 99,
            "taker_side": "no"
        },
        {
            "trade_id": "776a4ff1-9a2f-441c-8057-46a9cad57186",
            "ticker": "KXHIGHNY-25APR25-T73",
            "count": 2,
            "created_time": "2025-04-25T06:39:30.447411Z",
            "yes_price": 1,
            "no_price": 99,
            "taker_side": "no"
        },
        {
            "trade_id": "7cb60009-89ec-4016-a7a1-1712117d843b",
            "ticker": "KXHIGHNY-25APR25-T73",
            "count": 31,
            "created_time": "2025-04-25T05:13:04.554793Z",
            "yes_price": 3,
            "no_price": 97,
            "taker_side": "yes"
        },
        {
            "trade_id": "20b3e91e-66f2-4520-a6c8-f6999ef72798",
            "ticker": "KXHIGHNY-25APR25-T73",
            "count": 2,
            "created_time": "2025-04-25T04:58:49.513131Z",
            "yes_price": 1,
            "no_price": 99,
            "taker_side": "no"
        },
        {
            "trade_id": "f5bfa5c5-4630-4ae0-ae28-ba502b91155c",
            "ticker": "KXHIGHNY-25APR25-T73",
            "count": 800,
            "created_time": "2025-04-25T04:45:41.31534Z",
            "yes_price": 3,
            "no_price": 97,
            "taker_side": "yes"
        },
        {
            "trade_id": "dd06c670-ca4e-40bd-b2d6-c6f81d699527",
            "ticker": "KXHIGHNY-25APR25-T73",
            "count": 78,
            "created_time": "2025-04-25T04:45:41.31534Z",
            "yes_price": 3,
            "no_price": 97,
            "taker_side": "yes"
        },
        {
            "trade_id": "bbe1f98a-fabb-4188-83e8-5aeb3c813d62",
            "ticker": "KXHIGHNY-25APR25-T73",
            "count": 34,
            "created_time": "2025-04-25T04:45:41.31534Z",
            "yes_price": 3,
            "no_price": 97,
            "taker_side": "yes"
        },
        {
            "trade_id": "118087c6-529b-4f99-b56c-2378413520d7",
            "ticker": "KXHIGHNY-25APR25-T73",
            "count": 23,
            "created_time": "2025-04-25T04:45:41.31534Z",
            "yes_price": 3,
            "no_price": 97,
            "taker_side": "yes"
        },
        {
            "trade_id": "75f0d9ff-0630-4e5f-83c7-d3876807565a",
            "ticker": "KXHIGHNY-25APR25-T73",
            "count": 62,
            "created_time": "2025-04-25T03:49:31.965963Z",
            "yes_price": 3,
            "no_price": 97,
            "taker_side": "yes"
        },
        {
            "trade_id": "2c1e9794-46af-4ce2-96d8-7f27ecf5d1ca",
            "ticker": "KXHIGHNY-25APR25-T73",
            "count": 6,
            "created_time": "2025-04-25T03:33:47.322217Z",
            "yes_price": 3,
            "no_price": 97,
            "taker_side": "yes"
        },
        {
            "trade_id": "7aba3f5b-4107-4b84-8f49-0bb90804c080",
            "ticker": "KXHIGHNY-25APR25-T73",
            "count": 31,
            "created_time": "2025-04-25T03:11:57.738241Z",
            "yes_price": 3,
            "no_price": 97,
            "taker_side": "yes"
        },
        {
            "trade_id": "e5dfb87c-ce9e-4005-bf67-a3b726af872c",
            "ticker": "KXHIGHNY-25APR25-T73",
            "count": 78,
            "created_time": "2025-04-25T01:32:16.395074Z",
            "yes_price": 3,
            "no_price": 97,
            "taker_side": "yes"
        },
        {
            "trade_id": "94d654ab-3c45-4707-bf1d-b3f9aff6e5bd",
            "ticker": "KXHIGHNY-25APR25-T73",
            "count": 58,
            "created_time": "2025-04-25T01:32:16.395074Z",
            "yes_price": 4,
            "no_price": 96,
            "taker_side": "yes"
        },
        {
            "trade_id": "b4474b16-a353-42ba-ae16-f8a5e29caffe",
            "ticker": "KXHIGHNY-25APR25-T73",
            "count": 1,
            "created_time": "2025-04-25T00:51:12.163964Z",
            "yes_price": 3,
            "no_price": 97,
            "taker_side": "yes"
        },
        {
            "trade_id": "7e81416e-1b97-4670-a620-7d3b8b158ed6",
            "ticker": "KXHIGHNY-25APR25-T73",
            "count": 1,
            "created_time": "2025-04-25T00:51:12.163964Z",
            "yes_price": 3,
            "no_price": 97,
            "taker_side": "yes"
        },
        {
            "trade_id": "3d8575b5-e7b3-4362-9d02-2dbdc3a2176d",
            "ticker": "KXHIGHNY-25APR25-T73",
            "count": 40,
            "created_time": "2025-04-25T00:51:12.163964Z",
            "yes_price": 3,
            "no_price": 97,
            "taker_side": "yes"
        },
        {
            "trade_id": "b7c39b2f-e9a1-4804-93ad-e80eac30e1fc",
            "ticker": "KXHIGHNY-25APR25-T73",
            "count": 77,
            "created_time": "2025-04-24T23:59:06.764427Z",
            "yes_price": 3,
            "no_price": 97,
            "taker_side": "yes"
        },
        {
            "trade_id": "6f729d83-fd49-445b-b01d-308f4191d7dd",
            "ticker": "KXHIGHNY-25APR25-T73",
            "count": 1,
            "created_time": "2025-04-24T23:59:06.764427Z",
            "yes_price": 3,
            "no_price": 97,
            "taker_side": "yes"
        },
        {
            "trade_id": "3ef8074e-3459-4815-84b2-f77263958252",
            "ticker": "KXHIGHNY-25APR25-T73",
            "count": 46,
            "created_time": "2025-04-24T23:59:06.764427Z",
            "yes_price": 5,
            "no_price": 95,
            "taker_side": "yes"
        },
        {
            "trade_id": "45ada7a3-c8a4-4e78-a498-2ae43007c166",
            "ticker": "KXHIGHNY-25APR25-T73",
            "count": 78,
            "created_time": "2025-04-24T22:44:24.903745Z",
            "yes_price": 3,
            "no_price": 97,
            "taker_side": "yes"
        },
        {
            "trade_id": "ac0f8889-12fc-4726-adc1-7f14912afbc6",
            "ticker": "KXHIGHNY-25APR25-T73",
            "count": 78,
            "created_time": "2025-04-24T22:17:54.162377Z",
            "yes_price": 3,
            "no_price": 97,
            "taker_side": "yes"
        },
        {
            "trade_id": "e30d45b2-9328-456d-b900-1739f8f258ed",
            "ticker": "KXHIGHNY-25APR25-T73",
            "count": 78,
            "created_time": "2025-04-24T22:05:38.48015Z",
            "yes_price": 3,
            "no_price": 97,
            "taker_side": "yes"
        },
        {
            "trade_id": "cb18f629-0ea4-42ad-b9eb-6496277e2519",
            "ticker": "KXHIGHNY-25APR25-T73",
            "count": 46,
            "created_time": "2025-04-24T22:05:38.48015Z",
            "yes_price": 5,
            "no_price": 95,
            "taker_side": "yes"
        },
        {
            "trade_id": "329f8cd3-7ae9-4bab-b394-70f393b3377b",
            "ticker": "KXHIGHNY-25APR25-T73",
            "count": 23,
            "created_time": "2025-04-24T20:37:12.704297Z",
            "yes_price": 4,
            "no_price": 96,
            "taker_side": "yes"
        }
    ],
    "KXHIGHNY-25APR25-B73.5": [
        {
            "trade_id": "ebd32415-dd41-4221-9bce-db7587865462",
            "ticker": "KXHIGHNY-25APR25-B73.5",
            "count": 35,
            "created_time": "2025-04-25T22:44:15.19179Z",
            "yes_price": 1,
            "no_price": 99,
            "taker_side": "yes"
        },
        {
            "trade_id": "bb24ddb0-2618-4679-92a4-c3101f8b0f4c",
            "ticker": "KXHIGHNY-25APR25-B73.5",
            "count": 74,
            "created_time": "2025-04-25T19:30:57.708741Z",
            "yes_price": 1,
            "no_price": 99,
            "taker_side": "yes"
        },
        {
            "trade_id": "3596d812-d362-4c7d-a921-c514b6dd9a83",
            "ticker": "KXHIGHNY-25APR25-B73.5",
            "count": 467,
            "created_time": "2025-04-25T17:53:48.868134Z",
            "yes_price": 1,
            "no_price": 99,
            "taker_side": "yes"
        },
        {
            "trade_id": "295d6bc3-8be9-4c84-b398-193288034996",
            "ticker": "KXHIGHNY-25APR25-B73.5",
            "count": 16,
            "created_time": "2025-04-25T17:35:01.429614Z",
            "yes_price": 1,
            "no_price": 99,
            "taker_side": "yes"
        },
        {
            "trade_id": "fae1d5d1-8b60-4e1a-861c-6cdcc694fd26",
            "ticker": "KXHIGHNY-25APR25-B73.5",
            "count": 93,
            "created_time": "2025-04-25T17:23:13.378243Z",
            "yes_price": 1,
            "no_price": 99,
            "taker_side": "yes"
        },
        {
            "trade_id": "66d087c8-1669-417c-a504-f02a23fc37e2",
            "ticker": "KXHIGHNY-25APR25-B73.5",
            "count": 36,
            "created_time": "2025-04-25T17:17:48.169773Z",
            "yes_price": 1,
            "no_price": 99,
            "taker_side": "yes"
        },
        {
            "trade_id": "9ad35882-7610-467f-8f17-2e8e34746d83",
            "ticker": "KXHIGHNY-25APR25-B73.5",
            "count": 91,
            "created_time": "2025-04-25T16:54:29.669427Z",
            "yes_price": 1,
            "no_price": 99,
            "taker_side": "yes"
        },
        {
            "trade_id": "6388a3f0-72ef-49fb-9912-97b8b05034cc",
            "ticker": "KXHIGHNY-25APR25-B73.5",
            "count": 1498,
            "created_time": "2025-04-25T16:53:06.121655Z",
            "yes_price": 1,
            "no_price": 99,
            "taker_side": "no"
        },
        {
            "trade_id": "15b4f70f-e15c-4107-9c42-1f879668f735",
            "ticker": "KXHIGHNY-25APR25-B73.5",
            "count": 44,
            "created_time": "2025-04-25T16:53:06.121655Z",
            "yes_price": 1,
            "no_price": 99,
            "taker_side": "no"
        },
        {
            "trade_id": "c92aa071-98f3-4f27-9cee-9ebcae54596c",
            "ticker": "KXHIGHNY-25APR25-B73.5",
            "count": 52,
            "created_time": "2025-04-25T16:44:20.733158Z",
            "yes_price": 1,
            "no_price": 99,
            "taker_side": "no"
        },
        {
            "trade_id": "a5de202d-0dba-4c3a-833f-6a2e34568245",
            "ticker": "KXHIGHNY-25APR25-B73.5",
            "count": 1,
            "created_time": "2025-04-25T16:44:20.733158Z",
            "yes_price": 2,
            "no_price": 98,
            "taker_side": "no"
        },
        {
            "trade_id": "4ecd8ef2-b6e0-4071-9ebd-f2517d245911",
            "ticker": "KXHIGHNY-25APR25-B73.5",
            "count": 50,
            "created_time": "2025-04-25T16:44:20.733158Z",
            "yes_price": 1,
            "no_price": 99,
            "taker_side": "no"
        },
        {
            "trade_id": "cbd157b6-585e-4ba4-a520-16cea553bc45",
            "ticker": "KXHIGHNY-25APR25-B73.5",
            "count": 50,
            "created_time": "2025-04-25T16:33:27.135935Z",
            "yes_price": 2,
            "no_price": 98,
            "taker_side": "no"
        },
        {
            "trade_id": "fa6fa8b0-5314-4bf9-ab89-3caf77c0205e",
            "ticker": "KXHIGHNY-25APR25-B73.5",
            "count": 25,
            "created_time": "2025-04-25T16:33:15.626047Z",
            "yes_price": 4,
            "no_price": 96,
            "taker_side": "no"
        },
        {
            "trade_id": "eb8ed401-baed-4d86-85dd-eeecba7a7e2a",
            "ticker": "KXHIGHNY-25APR25-B73.5",
            "count": 50,
            "created_time": "2025-04-25T16:18:25.278397Z",
            "yes_price": 9,
            "no_price": 91,
            "taker_side": "yes"
        },
        {
            "trade_id": "d279e09e-d4c4-43a5-92e6-1faae4bc34cb",
            "ticker": "KXHIGHNY-25APR25-B73.5",
            "count": 6,
            "created_time": "2025-04-25T16:18:25.278397Z",
            "yes_price": 14,
            "no_price": 86,
            "taker_side": "yes"
        },
        {
            "trade_id": "c3c58fd6-680e-493c-ad72-d012508d9d9e",
            "ticker": "KXHIGHNY-25APR25-B73.5",
            "count": 14,
            "created_time": "2025-04-25T16:18:25.278397Z",
            "yes_price": 15,
            "no_price": 85,
            "taker_side": "yes"
        },
        {
            "trade_id": "bf2a5bc4-76c8-407a-afa8-75000518b0da",
            "ticker": "KXHIGHNY-25APR25-B73.5",
            "count": 12,
            "created_time": "2025-04-25T16:18:25.278397Z",
            "yes_price": 13,
            "no_price": 87,
            "taker_side": "yes"
        },
        {
            "trade_id": "b0667705-ca8e-4513-b6d7-d45f669acb19",
            "ticker": "KXHIGHNY-25APR25-B73.5",
            "count": 10,
            "created_time": "2025-04-25T16:18:25.278397Z",
            "yes_price": 10,
            "no_price": 90,
            "taker_side": "yes"
        },
        {
            "trade_id": "ab459851-77cd-48b5-a1af-42530a65a914",
            "ticker": "KXHIGHNY-25APR25-B73.5",
            "count": 16,
            "created_time": "2025-04-25T16:18:25.278397Z",
            "yes_price": 16,
            "no_price": 84,
            "taker_side": "yes"
        },
        {
            "trade_id": "2af1cbd1-d38e-4719-ac86-41f31cdcf203",
            "ticker": "KXHIGHNY-25APR25-B73.5",
            "count": 10,
            "created_time": "2025-04-25T16:18:25.278397Z",
            "yes_price": 14,
            "no_price": 86,
            "taker_side": "yes"
        },
        {
            "trade_id": "0c40647d-9a24-4d6e-9234-3191fc4e9e47",
            "ticker": "KXHIGHNY-25APR25-B73.5",
            "count": 6,
            "created_time": "2025-04-25T16:18:25.278397Z",
            "yes_price": 7,
            "no_price": 93,
            "taker_side": "yes"
        },
        {
            "trade_id": "9f7d7638-bd45-44b5-9ed0-c02923485f7e",
            "ticker": "KXHIGHNY-25APR25-B73.5",
            "count": 40,
            "created_time": "2025-04-25T16:16:26.527932Z",
            "yes_price": 5,
            "no_price": 95,
            "taker_side": "no"
        },
        {
            "trade_id": "3f79616b-7aa9-422c-967a-60a98e2b9a03",
            "ticker": "KXHIGHNY-25APR25-B73.5",
            "count": 12,
            "created_time": "2025-04-25T16:16:26.527932Z",
            "yes_price": 5,
            "no_price": 95,
            "taker_side": "no"
        },
        {
            "trade_id": "396e5784-fbfb-4ee9-964a-036197d4d678",
            "ticker": "KXHIGHNY-25APR25-B73.5",
            "count": 319,
            "created_time": "2025-04-25T16:12:32.474084Z",
            "yes_price": 6,
            "no_price": 94,
            "taker_side": "yes"
        },
        {
            "trade_id": "016fc80e-e821-4d8c-a87a-87c184ba28a2",
            "ticker": "KXHIGHNY-25APR25-B73.5",
            "count": 44,
            "created_time": "2025-04-25T16:12:32.474084Z",
            "yes_price": 14,
            "no_price": 86,
            "taker_side": "yes"
        },
        {
            "trade_id": "7134a50a-f0db-4240-877c-28418be19435",
            "ticker": "KXHIGHNY-25APR25-B73.5",
            "count": 6,
            "created_time": "2025-04-25T16:11:47.138046Z",
            "yes_price": 6,
            "no_price": 94,
            "taker_side": "no"
        },
        {
            "trade_id": "ce3cd744-38b9-480c-9b4e-60b893e08382",
            "ticker": "KXHIGHNY-25APR25-B73.5",
            "count": 300,
            "created_time": "2025-04-25T16:11:41.534932Z",
            "yes_price": 9,
            "no_price": 91,
            "taker_side": "yes"
        },
        {
            "trade_id": "cb073951-e60a-4e38-a9ce-a75940a39a56",
            "ticker": "KXHIGHNY-25APR25-B73.5",
            "count": 200,
            "created_time": "2025-04-25T16:11:41.534932Z",
            "yes_price": 13,
            "no_price": 87,
            "taker_side": "yes"
        },
        {
            "trade_id": "af327c87-377b-44a2-9a0e-67179d336a1a",
            "ticker": "KXHIGHNY-25APR25-B73.5",
            "count": 40,
            "created_time": "2025-04-25T16:11:41.534932Z",
            "yes_price": 13,
            "no_price": 87,
            "taker_side": "yes"
        },
        {
            "trade_id": "5e83aaf7-73dc-44f0-ac65-cd11ad617e4f",
            "ticker": "KXHIGHNY-25APR25-B73.5",
            "count": 50,
            "created_time": "2025-04-25T16:11:41.534932Z",
            "yes_price": 8,
            "no_price": 92,
            "taker_side": "yes"
        },
        {
            "trade_id": "491c9868-2571-4d5c-b96d-36da2d1bccb8",
            "ticker": "KXHIGHNY-25APR25-B73.5",
            "count": 18,
            "created_time": "2025-04-25T16:11:41.534932Z",
            "yes_price": 9,
            "no_price": 91,
            "taker_side": "yes"
        },
        {
            "trade_id": "08a26095-7d48-48d6-b616-16930171a658",
            "ticker": "KXHIGHNY-25APR25-B73.5",
            "count": 25,
            "created_time": "2025-04-25T16:11:41.534932Z",
            "yes_price": 11,
            "no_price": 89,
            "taker_side": "yes"
        },
        {
            "trade_id": "7290784a-a571-48f8-9041-ae7f791b51a5",
            "ticker": "KXHIGHNY-25APR25-B73.5",
            "count": 1,
            "created_time": "2025-04-25T16:08:46.088502Z",
            "yes_price": 6,
            "no_price": 94,
            "taker_side": "no"
        },
        {
            "trade_id": "ada07001-8961-4208-8744-4601c63300bf",
            "ticker": "KXHIGHNY-25APR25-B73.5",
            "count": 10,
            "created_time": "2025-04-25T16:07:26.597887Z",
            "yes_price": 7,
            "no_price": 93,
            "taker_side": "no"
        },
        {
            "trade_id": "285709a3-8690-4db4-9b6c-9dc348e70c72",
            "ticker": "KXHIGHNY-25APR25-B73.5",
            "count": 5,
            "created_time": "2025-04-25T16:05:23.328323Z",
            "yes_price": 8,
            "no_price": 92,
            "taker_side": "yes"
        },
        {
            "trade_id": "f5170b67-ab44-4cc9-9ee3-f52aa56e5721",
            "ticker": "KXHIGHNY-25APR25-B73.5",
            "count": 57,
            "created_time": "2025-04-25T15:55:29.89473Z",
            "yes_price": 10,
            "no_price": 90,
            "taker_side": "yes"
        },
        {
            "trade_id": "9d704c93-6f3b-4895-8231-965c7e3c2cca",
            "ticker": "KXHIGHNY-25APR25-B73.5",
            "count": 50,
            "created_time": "2025-04-25T15:55:29.89473Z",
            "yes_price": 7,
            "no_price": 93,
            "taker_side": "yes"
        },
        {
            "trade_id": "ddd223fe-bb3b-4d71-8c32-68f77e714458",
            "ticker": "KXHIGHNY-25APR25-B73.5",
            "count": 500,
            "created_time": "2025-04-25T15:54:44.706201Z",
            "yes_price": 2,
            "no_price": 98,
            "taker_side": "yes"
        },
        {
            "trade_id": "d26aa597-c6c8-4ca7-8aab-cea960939bef",
            "ticker": "KXHIGHNY-25APR25-B73.5",
            "count": 170,
            "created_time": "2025-04-25T15:54:44.706201Z",
            "yes_price": 2,
            "no_price": 98,
            "taker_side": "yes"
        },
        {
            "trade_id": "67a9c875-71a1-4683-8f47-3fbfd9807539",
            "ticker": "KXHIGHNY-25APR25-B73.5",
            "count": 100,
            "created_time": "2025-04-25T15:54:44.706201Z",
            "yes_price": 2,
            "no_price": 98,
            "taker_side": "yes"
        },
        {
            "trade_id": "49b8f3ce-c7ba-486c-abbb-a29ad0eb4fc0",
            "ticker": "KXHIGHNY-25APR25-B73.5",
            "count": 50,
            "created_time": "2025-04-25T15:54:44.706201Z",
            "yes_price": 3,
            "no_price": 97,
            "taker_side": "yes"
        },
        {
            "trade_id": "d2dfac7c-5bad-415c-899f-1f75e67259ae",
            "ticker": "KXHIGHNY-25APR25-B73.5",
            "count": 325,
            "created_time": "2025-04-25T15:53:41.749313Z",
            "yes_price": 2,
            "no_price": 98,
            "taker_side": "yes"
        },
        {
            "trade_id": "bc0cb8b4-a93b-43c0-add2-c06870bab74b",
            "ticker": "KXHIGHNY-25APR25-B73.5",
            "count": 100,
            "created_time": "2025-04-25T15:53:01.056184Z",
            "yes_price": 2,
            "no_price": 98,
            "taker_side": "yes"
        },
        {
            "trade_id": "934abeec-e885-4b7a-bb31-b40b9fc0470b",
            "ticker": "KXHIGHNY-25APR25-B73.5",
            "count": 5,
            "created_time": "2025-04-25T15:53:01.056184Z",
            "yes_price": 2,
            "no_price": 98,
            "taker_side": "yes"
        },
        {
            "trade_id": "6775debf-f87f-47d0-b328-11505823c7aa",
            "ticker": "KXHIGHNY-25APR25-B73.5",
            "count": 360,
            "created_time": "2025-04-25T15:53:01.056184Z",
            "yes_price": 2,
            "no_price": 98,
            "taker_side": "yes"
        },
        {
            "trade_id": "5caf83e6-3f67-447f-8e69-e57ae7e6e07d",
            "ticker": "KXHIGHNY-25APR25-B73.5",
            "count": 2,
            "created_time": "2025-04-25T15:53:01.056184Z",
            "yes_price": 2,
            "no_price": 98,
            "taker_side": "yes"
        },
        {
            "trade_id": "42b22cf0-9401-4f6f-8b7e-ddd53faa1ab1",
            "ticker": "KXHIGHNY-25APR25-B73.5",
            "count": 140,
            "created_time": "2025-04-25T15:49:32.058464Z",
            "yes_price": 2,
            "no_price": 98,
            "taker_side": "yes"
        },
        {
            "trade_id": "f5e2ab5c-3a8e-4894-859d-9d5eab2e87ed",
            "ticker": "KXHIGHNY-25APR25-B73.5",
            "count": 53,
            "created_time": "2025-04-25T15:48:03.279265Z",
            "yes_price": 5,
            "no_price": 95,
            "taker_side": "no"
        },
        {
            "trade_id": "7265ba20-53ad-4c74-a67b-cd487bea8900",
            "ticker": "KXHIGHNY-25APR25-B73.5",
            "count": 40,
            "created_time": "2025-04-25T15:48:03.279265Z",
            "yes_price": 2,
            "no_price": 98,
            "taker_side": "no"
        },
        {
            "trade_id": "69aa348c-b19d-4280-b8b5-2d3663878968",
            "ticker": "KXHIGHNY-25APR25-B73.5",
            "count": 50,
            "created_time": "2025-04-25T15:48:03.279265Z",
            "yes_price": 1,
            "no_price": 99,
            "taker_side": "no"
        },
        {
            "trade_id": "bfdaf430-4e86-4e3c-8004-65eeda51c92c",
            "ticker": "KXHIGHNY-25APR25-B73.5",
            "count": 50,
            "created_time": "2025-04-25T15:47:56.948389Z",
            "yes_price": 7,
            "no_price": 93,
            "taker_side": "no"
        },
        {
            "trade_id": "4d8c6214-34e0-4f7f-bef8-28880f131e7c",
            "ticker": "KXHIGHNY-25APR25-B73.5",
            "count": 47,
            "created_time": "2025-04-25T15:47:56.948389Z",
            "yes_price": 6,
            "no_price": 94,
            "taker_side": "no"
        },
        {
            "trade_id": "20bbd728-9fe3-4a96-a41b-697067d39f70",
            "ticker": "KXHIGHNY-25APR25-B73.5",
            "count": 50,
            "created_time": "2025-04-25T15:46:42.229089Z",
            "yes_price": 5,
            "no_price": 95,
            "taker_side": "no"
        },
        {
            "trade_id": "cd6bc22f-ef34-41e3-815b-edc87376ba41",
            "ticker": "KXHIGHNY-25APR25-B73.5",
            "count": 50,
            "created_time": "2025-04-25T15:46:25.866013Z",
            "yes_price": 6,
            "no_price": 94,
            "taker_side": "no"
        },
        {
            "trade_id": "51043edd-a798-4269-8806-d80f6ab08e97",
            "ticker": "KXHIGHNY-25APR25-B73.5",
            "count": 67,
            "created_time": "2025-04-25T15:46:25.866013Z",
            "yes_price": 6,
            "no_price": 94,
            "taker_side": "no"
        },
        {
            "trade_id": "65dbbc4b-ee12-4aa3-bd6e-581b1bacd9ae",
            "ticker": "KXHIGHNY-25APR25-B73.5",
            "count": 50,
            "created_time": "2025-04-25T15:37:44.881687Z",
            "yes_price": 8,
            "no_price": 92,
            "taker_side": "no"
        },
        {
            "trade_id": "d7e817c2-a70c-4f30-908f-c97615714fa4",
            "ticker": "KXHIGHNY-25APR25-B73.5",
            "count": 158,
            "created_time": "2025-04-25T15:35:54.498692Z",
            "yes_price": 7,
            "no_price": 93,
            "taker_side": "no"
        },
        {
            "trade_id": "385d594c-b5e5-40dd-98dd-0ee9eea0cf3f",
            "ticker": "KXHIGHNY-25APR25-B73.5",
            "count": 6,
            "created_time": "2025-04-25T15:35:54.498692Z",
            "yes_price": 7,
            "no_price": 93,
            "taker_side": "no"
        },
        {
            "trade_id": "daa94caf-6d8e-4000-a42c-c184ba1ee30a",
            "ticker": "KXHIGHNY-25APR25-B73.5",
            "count": 6,
            "created_time": "2025-04-25T15:35:35.529526Z",
            "yes_price": 8,
            "no_price": 92,
            "taker_side": "no"
        },
        {
            "trade_id": "cba6b7a7-7310-4527-a6b6-c1d2a7b8632b",
            "ticker": "KXHIGHNY-25APR25-B73.5",
            "count": 4,
            "created_time": "2025-04-25T15:35:35.529526Z",
            "yes_price": 8,
            "no_price": 92,
            "taker_side": "no"
        },
        {
            "trade_id": "33328a34-f307-4dd6-8ccc-2a7b5a44ac62",
            "ticker": "KXHIGHNY-25APR25-B73.5",
            "count": 50,
            "created_time": "2025-04-25T15:35:35.529526Z",
            "yes_price": 7,
            "no_price": 93,
            "taker_side": "no"
        },
        {
            "trade_id": "4cdb66d0-901c-4b29-bbf6-e37a9b150580",
            "ticker": "KXHIGHNY-25APR25-B73.5",
            "count": 1,
            "created_time": "2025-04-25T15:35:11.151075Z",
            "yes_price": 9,
            "no_price": 91,
            "taker_side": "yes"
        },
        {
            "trade_id": "d0d50000-7370-4672-8237-3a707f1d545f",
            "ticker": "KXHIGHNY-25APR25-B73.5",
            "count": 1,
            "created_time": "2025-04-25T15:34:55.638952Z",
            "yes_price": 11,
            "no_price": 89,
            "taker_side": "no"
        },
        {
            "trade_id": "afd507b7-c2a3-4fc5-9b0e-1630c1cdaa71",
            "ticker": "KXHIGHNY-25APR25-B73.5",
            "count": 25,
            "created_time": "2025-04-25T15:34:55.638952Z",
            "yes_price": 9,
            "no_price": 91,
            "taker_side": "no"
        },
        {
            "trade_id": "aa97d104-bf3b-46ea-bb9f-3c6c1184ecc7",
            "ticker": "KXHIGHNY-25APR25-B73.5",
            "count": 2,
            "created_time": "2025-04-25T15:34:55.638952Z",
            "yes_price": 9,
            "no_price": 91,
            "taker_side": "no"
        },
        {
            "trade_id": "2d7c4773-73a9-46e7-adb5-d1ceae4800a8",
            "ticker": "KXHIGHNY-25APR25-B73.5",
            "count": 2,
            "created_time": "2025-04-25T15:34:55.638952Z",
            "yes_price": 10,
            "no_price": 90,
            "taker_side": "no"
        },
        {
            "trade_id": "895c8192-1c06-4a86-9139-952c1d56621f",
            "ticker": "KXHIGHNY-25APR25-B73.5",
            "count": 2,
            "created_time": "2025-04-25T15:34:46.726475Z",
            "yes_price": 12,
            "no_price": 88,
            "taker_side": "no"
        },
        {
            "trade_id": "6be75b48-d2a7-4091-bd47-5a41c5de3922",
            "ticker": "KXHIGHNY-25APR25-B73.5",
            "count": 2,
            "created_time": "2025-04-25T15:34:39.0723Z",
            "yes_price": 13,
            "no_price": 87,
            "taker_side": "no"
        },
        {
            "trade_id": "8ad2afb4-674c-459c-a969-cf916dacb7e9",
            "ticker": "KXHIGHNY-25APR25-B73.5",
            "count": 16,
            "created_time": "2025-04-25T15:29:14.317922Z",
            "yes_price": 12,
            "no_price": 88,
            "taker_side": "no"
        },
        {
            "trade_id": "625fd36f-269a-4f34-8012-464ca57155fa",
            "ticker": "KXHIGHNY-25APR25-B73.5",
            "count": 2,
            "created_time": "2025-04-25T15:28:49.370592Z",
            "yes_price": 16,
            "no_price": 84,
            "taker_side": "yes"
        },
        {
            "trade_id": "77278671-d18b-4741-87d7-070988700bbf",
            "ticker": "KXHIGHNY-25APR25-B73.5",
            "count": 1,
            "created_time": "2025-04-25T15:28:02.846006Z",
            "yes_price": 15,
            "no_price": 85,
            "taker_side": "no"
        },
        {
            "trade_id": "d926a663-a238-4be0-af0f-5fd7791bc63b",
            "ticker": "KXHIGHNY-25APR25-B73.5",
            "count": 50,
            "created_time": "2025-04-25T15:28:02.790405Z",
            "yes_price": 15,
            "no_price": 85,
            "taker_side": "yes"
        },
        {
            "trade_id": "aef6200c-664d-4161-a0b5-a43700f056ee",
            "ticker": "KXHIGHNY-25APR25-B73.5",
            "count": 1,
            "created_time": "2025-04-25T15:28:02.790405Z",
            "yes_price": 15,
            "no_price": 85,
            "taker_side": "yes"
        },
        {
            "trade_id": "9408f203-9761-482e-a942-de235ec5877e",
            "ticker": "KXHIGHNY-25APR25-B73.5",
            "count": 2,
            "created_time": "2025-04-25T15:28:02.790405Z",
            "yes_price": 14,
            "no_price": 86,
            "taker_side": "yes"
        },
        {
            "trade_id": "dd7e5023-2ffb-4ca8-9e1e-2488189d37c0",
            "ticker": "KXHIGHNY-25APR25-B73.5",
            "count": 1,
            "created_time": "2025-04-25T15:27:40.892394Z",
            "yes_price": 13,
            "no_price": 87,
            "taker_side": "no"
        },
        {
            "trade_id": "1fc7d5cc-fd31-4b3b-b356-d6a9e5808563",
            "ticker": "KXHIGHNY-25APR25-B73.5",
            "count": 2,
            "created_time": "2025-04-25T15:27:40.82763Z",
            "yes_price": 13,
            "no_price": 87,
            "taker_side": "yes"
        },
        {
            "trade_id": "9f42ae65-f7de-43ad-8b6e-38a4a0b20088",
            "ticker": "KXHIGHNY-25APR25-B73.5",
            "count": 1,
            "created_time": "2025-04-25T15:27:38.898293Z",
            "yes_price": 12,
            "no_price": 88,
            "taker_side": "no"
        },
        {
            "trade_id": "7f642781-9eca-4aad-aec8-71f9ee567120",
            "ticker": "KXHIGHNY-25APR25-B73.5",
            "count": 2,
            "created_time": "2025-04-25T15:27:38.846087Z",
            "yes_price": 12,
            "no_price": 88,
            "taker_side": "yes"
        },
        {
            "trade_id": "47609ac6-eee0-47a5-bd99-b3d20fb2a58d",
            "ticker": "KXHIGHNY-25APR25-B73.5",
            "count": 2,
            "created_time": "2025-04-25T15:27:36.935045Z",
            "yes_price": 11,
            "no_price": 89,
            "taker_side": "yes"
        },
        {
            "trade_id": "d86d857e-52f5-4e94-8bac-f3c571d023a0",
            "ticker": "KXHIGHNY-25APR25-B73.5",
            "count": 2,
            "created_time": "2025-04-25T15:26:39.235055Z",
            "yes_price": 10,
            "no_price": 90,
            "taker_side": "yes"
        },
        {
            "trade_id": "fbe5719d-b13e-4e93-85f0-dcaea147a78a",
            "ticker": "KXHIGHNY-25APR25-B73.5",
            "count": 17,
            "created_time": "2025-04-25T15:24:44.993457Z",
            "yes_price": 17,
            "no_price": 83,
            "taker_side": "yes"
        },
        {
            "trade_id": "bd24bbad-129b-453b-a5c1-23bc5e411257",
            "ticker": "KXHIGHNY-25APR25-B73.5",
            "count": 262,
            "created_time": "2025-04-25T15:24:44.993457Z",
            "yes_price": 19,
            "no_price": 81,
            "taker_side": "yes"
        },
        {
            "trade_id": "88b7400b-6fdf-4eff-b8a0-5421ce5ffe97",
            "ticker": "KXHIGHNY-25APR25-B73.5",
            "count": 51,
            "created_time": "2025-04-25T15:24:44.993457Z",
            "yes_price": 10,
            "no_price": 90,
            "taker_side": "yes"
        },
        {
            "trade_id": "7c3503c3-b420-479a-9b93-9a6e89d4a899",
            "ticker": "KXHIGHNY-25APR25-B73.5",
            "count": 50,
            "created_time": "2025-04-25T15:24:44.993457Z",
            "yes_price": 13,
            "no_price": 87,
            "taker_side": "yes"
        },
        {
            "trade_id": "7a1fb7a9-b319-42a7-8b2d-b588757bb042",
            "ticker": "KXHIGHNY-25APR25-B73.5",
            "count": 149,
            "created_time": "2025-04-25T15:24:44.993457Z",
            "yes_price": 18,
            "no_price": 82,
            "taker_side": "yes"
        },
        {
            "trade_id": "75a36a07-9c15-412e-908f-45214049818d",
            "ticker": "KXHIGHNY-25APR25-B73.5",
            "count": 12,
            "created_time": "2025-04-25T15:24:44.993457Z",
            "yes_price": 14,
            "no_price": 86,
            "taker_side": "yes"
        },
        {
            "trade_id": "6d248a61-5dc2-4da0-a36a-a0cc204e6547",
            "ticker": "KXHIGHNY-25APR25-B73.5",
            "count": 2,
            "created_time": "2025-04-25T15:24:44.993457Z",
            "yes_price": 9,
            "no_price": 91,
            "taker_side": "yes"
        },
        {
            "trade_id": "2af480ae-9745-4ddb-9c7c-8052c12eeec1",
            "ticker": "KXHIGHNY-25APR25-B73.5",
            "count": 10,
            "created_time": "2025-04-25T15:24:44.993457Z",
            "yes_price": 15,
            "no_price": 85,
            "taker_side": "yes"
        },
        {
            "trade_id": "ff5fc4cc-219a-4868-85ae-e3d554e66063",
            "ticker": "KXHIGHNY-25APR25-B73.5",
            "count": 1,
            "created_time": "2025-04-25T15:14:59.265164Z",
            "yes_price": 10,
            "no_price": 90,
            "taker_side": "yes"
        },
        {
            "trade_id": "b56295f6-fa22-4b85-88c9-4458eee25a92",
            "ticker": "KXHIGHNY-25APR25-B73.5",
            "count": 2,
            "created_time": "2025-04-25T15:09:32.346141Z",
            "yes_price": 9,
            "no_price": 91,
            "taker_side": "no"
        },
        {
            "trade_id": "59d436ac-806f-4b7c-a876-344e45c226d2",
            "ticker": "KXHIGHNY-25APR25-B73.5",
            "count": 3,
            "created_time": "2025-04-25T15:08:24.705218Z",
            "yes_price": 8,
            "no_price": 92,
            "taker_side": "no"
        },
        {
            "trade_id": "eb8c73b4-14d8-4351-967c-55476d5937a5",
            "ticker": "KXHIGHNY-25APR25-B73.5",
            "count": 3,
            "created_time": "2025-04-25T15:02:29.906455Z",
            "yes_price": 9,
            "no_price": 91,
            "taker_side": "yes"
        },
        {
            "trade_id": "8e91741c-ec9d-4c0d-a618-f501aff961ad",
            "ticker": "KXHIGHNY-25APR25-B73.5",
            "count": 4,
            "created_time": "2025-04-25T15:02:29.906455Z",
            "yes_price": 8,
            "no_price": 92,
            "taker_side": "yes"
        },
        {
            "trade_id": "25db2939-f7a7-43e0-8fc1-e95826bb8063",
            "ticker": "KXHIGHNY-25APR25-B73.5",
            "count": 4,
            "created_time": "2025-04-25T15:02:29.906455Z",
            "yes_price": 7,
            "no_price": 93,
            "taker_side": "yes"
        },
        {
            "trade_id": "0b09dbf4-bee7-4bde-befe-1c88e0e59970",
            "ticker": "KXHIGHNY-25APR25-B73.5",
            "count": 7,
            "created_time": "2025-04-25T14:44:06.555856Z",
            "yes_price": 6,
            "no_price": 94,
            "taker_side": "no"
        },
        {
            "trade_id": "e591d3aa-6917-42c9-92db-67747baa18b1",
            "ticker": "KXHIGHNY-25APR25-B73.5",
            "count": 2,
            "created_time": "2025-04-25T14:43:33.286094Z",
            "yes_price": 6,
            "no_price": 94,
            "taker_side": "no"
        },
        {
            "trade_id": "faaaa0d0-abb4-4909-ab35-8c567d40933c",
            "ticker": "KXHIGHNY-25APR25-B73.5",
            "count": 4,
            "created_time": "2025-04-25T14:41:25.833719Z",
            "yes_price": 6,
            "no_price": 94,
            "taker_side": "no"
        },
        {
            "trade_id": "2ba3fd0c-9a99-45bd-85a2-0ebfa286ee42",
            "ticker": "KXHIGHNY-25APR25-B73.5",
            "count": 200,
            "created_time": "2025-04-25T14:35:28.918788Z",
            "yes_price": 7,
            "no_price": 93,
            "taker_side": "yes"
        },
        {
            "trade_id": "89e41475-8241-40cd-b6f5-68d090f8e5f0",
            "ticker": "KXHIGHNY-25APR25-B73.5",
            "count": 1,
            "created_time": "2025-04-25T14:33:57.882178Z",
            "yes_price": 6,
            "no_price": 94,
            "taker_side": "no"
        },
        {
            "trade_id": "967c660b-5227-400d-9700-f31349ef3afd",
            "ticker": "KXHIGHNY-25APR25-B73.5",
            "count": 6,
            "created_time": "2025-04-25T14:30:58.235165Z",
            "yes_price": 6,
            "no_price": 94,
            "taker_side": "no"
        },
        {
            "trade_id": "23faf14c-a31e-4cee-b4a3-18536337d42d",
            "ticker": "KXHIGHNY-25APR25-B73.5",
            "count": 7,
            "created_time": "2025-04-25T14:28:27.564178Z",
            "yes_price": 6,
            "no_price": 94,
            "taker_side": "yes"
        },
        {
            "trade_id": "57f61e53-add8-43f9-891d-97442370438d",
            "ticker": "KXHIGHNY-25APR25-B73.5",
            "count": 50,
            "created_time": "2025-04-25T14:27:45.239774Z",
            "yes_price": 5,
            "no_price": 95,
            "taker_side": "no"
        },
        {
            "trade_id": "7f988785-c0cb-479b-9745-f69daec76857",
            "ticker": "KXHIGHNY-25APR25-B73.5",
            "count": 3,
            "created_time": "2025-04-25T14:27:44.642385Z",
            "yes_price": 9,
            "no_price": 91,
            "taker_side": "no"
        },
        {
            "trade_id": "67398511-b416-4cde-9e52-75a86322a8d9",
            "ticker": "KXHIGHNY-25APR25-B73.5",
            "count": 51,
            "created_time": "2025-04-25T14:27:44.642385Z",
            "yes_price": 9,
            "no_price": 91,
            "taker_side": "no"
        },
        {
            "trade_id": "50b5f0a3-bdb0-44d0-a825-db7a7f17db83",
            "ticker": "KXHIGHNY-25APR25-B73.5",
            "count": 5,
            "created_time": "2025-04-25T14:27:20.852302Z",
            "yes_price": 10,
            "no_price": 90,
            "taker_side": "yes"
        },
        {
            "trade_id": "6bfda609-f34d-40e5-9b5e-78aeeaa430de",
            "ticker": "KXHIGHNY-25APR25-B73.5",
            "count": 2,
            "created_time": "2025-04-25T14:24:42.676095Z",
            "yes_price": 10,
            "no_price": 90,
            "taker_side": "no"
        },
        {
            "trade_id": "5c81e47a-9789-4df4-ba20-a56e26dc47a0",
            "ticker": "KXHIGHNY-25APR25-B73.5",
            "count": 2,
            "created_time": "2025-04-25T14:24:42.676095Z",
            "yes_price": 11,
            "no_price": 89,
            "taker_side": "no"
        },
        {
            "trade_id": "53ae4582-f64e-420a-bfb0-0ec35f930b23",
            "ticker": "KXHIGHNY-25APR25-B73.5",
            "count": 8,
            "created_time": "2025-04-25T14:24:42.676095Z",
            "yes_price": 10,
            "no_price": 90,
            "taker_side": "no"
        },
        {
            "trade_id": "ff161499-70ad-434a-b4ae-4bf37b0092ae",
            "ticker": "KXHIGHNY-25APR25-B73.5",
            "count": 84,
            "created_time": "2025-04-25T14:20:38.716472Z",
            "yes_price": 16,
            "no_price": 84,
            "taker_side": "yes"
        },
        {
            "trade_id": "fad8f9c0-1d99-4f03-8afe-14561410ed31",
            "ticker": "KXHIGHNY-25APR25-B73.5",
            "count": 2,
            "created_time": "2025-04-25T14:20:38.716472Z",
            "yes_price": 12,
            "no_price": 88,
            "taker_side": "yes"
        },
        {
            "trade_id": "f3302c12-35b4-4080-a81c-fe3d7f8a1b68",
            "ticker": "KXHIGHNY-25APR25-B73.5",
            "count": 4,
            "created_time": "2025-04-25T14:20:38.716472Z",
            "yes_price": 15,
            "no_price": 85,
            "taker_side": "yes"
        },
        {
            "trade_id": "6804af59-b8f3-43c5-a5ca-8cf4753fc722",
            "ticker": "KXHIGHNY-25APR25-B73.5",
            "count": 240,
            "created_time": "2025-04-25T14:20:38.716472Z",
            "yes_price": 14,
            "no_price": 86,
            "taker_side": "yes"
        },
        {
            "trade_id": "111a83e0-b658-426b-baf1-f5e39a8d9ee6",
            "ticker": "KXHIGHNY-25APR25-B73.5",
            "count": 11,
            "created_time": "2025-04-25T14:20:38.716472Z",
            "yes_price": 12,
            "no_price": 88,
            "taker_side": "yes"
        },
        {
            "trade_id": "0d611652-4fff-4b2e-96f5-328e386fe877",
            "ticker": "KXHIGHNY-25APR25-B73.5",
            "count": 50,
            "created_time": "2025-04-25T14:20:38.716472Z",
            "yes_price": 11,
            "no_price": 89,
            "taker_side": "yes"
        },
        {
            "trade_id": "7200d6f8-b5bc-40b4-b51c-6404068c96fc",
            "ticker": "KXHIGHNY-25APR25-B73.5",
            "count": 2,
            "created_time": "2025-04-25T14:18:49.70302Z",
            "yes_price": 12,
            "no_price": 88,
            "taker_side": "no"
        },
        {
            "trade_id": "d656d87a-af6d-4a01-8bf5-8828b43b0969",
            "ticker": "KXHIGHNY-25APR25-B73.5",
            "count": 2,
            "created_time": "2025-04-25T14:09:10.856851Z",
            "yes_price": 11,
            "no_price": 89,
            "taker_side": "no"
        },
        {
            "trade_id": "c4ceb85c-132f-442a-988b-cbadfcf996b6",
            "ticker": "KXHIGHNY-25APR25-B73.5",
            "count": 6,
            "created_time": "2025-04-25T14:02:10.851211Z",
            "yes_price": 15,
            "no_price": 85,
            "taker_side": "yes"
        },
        {
            "trade_id": "4a0f6ea9-4bdc-4562-bcae-abff8362f96e",
            "ticker": "KXHIGHNY-25APR25-B73.5",
            "count": 1,
            "created_time": "2025-04-25T14:00:02.868468Z",
            "yes_price": 14,
            "no_price": 86,
            "taker_side": "no"
        },
        {
            "trade_id": "f393940d-a0e6-4e20-ba7b-4d9333f46d08",
            "ticker": "KXHIGHNY-25APR25-B73.5",
            "count": 11,
            "created_time": "2025-04-25T13:56:23.644827Z",
            "yes_price": 18,
            "no_price": 82,
            "taker_side": "yes"
        },
        {
            "trade_id": "f11a4adc-1e29-44d0-9146-680571aa9406",
            "ticker": "KXHIGHNY-25APR25-B73.5",
            "count": 2,
            "created_time": "2025-04-25T13:56:23.644827Z",
            "yes_price": 13,
            "no_price": 87,
            "taker_side": "yes"
        },
        {
            "trade_id": "9d83c4d1-17bd-4863-98da-c7a89e7e6f78",
            "ticker": "KXHIGHNY-25APR25-B73.5",
            "count": 10,
            "created_time": "2025-04-25T13:56:23.644827Z",
            "yes_price": 14,
            "no_price": 86,
            "taker_side": "yes"
        },
        {
            "trade_id": "8f95bf98-0457-4a06-9921-6fa8bbe62497",
            "ticker": "KXHIGHNY-25APR25-B73.5",
            "count": 50,
            "created_time": "2025-04-25T13:56:23.644827Z",
            "yes_price": 13,
            "no_price": 87,
            "taker_side": "yes"
        },
        {
            "trade_id": "1e92ea67-d7d0-4371-a725-648ab3bfa48e",
            "ticker": "KXHIGHNY-25APR25-B73.5",
            "count": 1,
            "created_time": "2025-04-25T13:56:23.644827Z",
            "yes_price": 11,
            "no_price": 89,
            "taker_side": "yes"
        },
        {
            "trade_id": "19c36047-d230-492f-adc5-eb2f741577e6",
            "ticker": "KXHIGHNY-25APR25-B73.5",
            "count": 2,
            "created_time": "2025-04-25T13:56:23.644827Z",
            "yes_price": 14,
            "no_price": 86,
            "taker_side": "yes"
        },
        {
            "trade_id": "154bb623-6d2e-4676-8355-e8cf07eaa0be",
            "ticker": "KXHIGHNY-25APR25-B73.5",
            "count": 2,
            "created_time": "2025-04-25T13:56:23.644827Z",
            "yes_price": 12,
            "no_price": 88,
            "taker_side": "yes"
        },
        {
            "trade_id": "01db5254-dbb0-4d7e-975a-2a28a525d707",
            "ticker": "KXHIGHNY-25APR25-B73.5",
            "count": 2,
            "created_time": "2025-04-25T13:24:00.110719Z",
            "yes_price": 10,
            "no_price": 90,
            "taker_side": "no"
        },
        {
            "trade_id": "83f209a8-7537-402e-8b9a-38a91053e5f8",
            "ticker": "KXHIGHNY-25APR25-B73.5",
            "count": 1,
            "created_time": "2025-04-25T13:18:26.925626Z",
            "yes_price": 11,
            "no_price": 89,
            "taker_side": "no"
        },
        {
            "trade_id": "bec286d5-cb22-4539-a851-98df4c9ebcf4",
            "ticker": "KXHIGHNY-25APR25-B73.5",
            "count": 2,
            "created_time": "2025-04-25T13:18:01.310284Z",
            "yes_price": 12,
            "no_price": 88,
            "taker_side": "yes"
        },
        {
            "trade_id": "bae540c9-2b86-459d-9df3-87910c4214ba",
            "ticker": "KXHIGHNY-25APR25-B73.5",
            "count": 2,
            "created_time": "2025-04-25T13:18:01.310284Z",
            "yes_price": 11,
            "no_price": 89,
            "taker_side": "yes"
        },
        {
            "trade_id": "b62b4928-e874-4e92-8863-bb245dad295c",
            "ticker": "KXHIGHNY-25APR25-B73.5",
            "count": 27,
            "created_time": "2025-04-25T13:18:01.310284Z",
            "yes_price": 12,
            "no_price": 88,
            "taker_side": "yes"
        },
        {
            "trade_id": "97725abc-760c-491a-998b-999793175897",
            "ticker": "KXHIGHNY-25APR25-B73.5",
            "count": 3,
            "created_time": "2025-04-25T13:18:01.310284Z",
            "yes_price": 9,
            "no_price": 91,
            "taker_side": "yes"
        },
        {
            "trade_id": "711dd1b8-06f1-4592-827d-11a46c89d60f",
            "ticker": "KXHIGHNY-25APR25-B73.5",
            "count": 2,
            "created_time": "2025-04-25T13:18:01.310284Z",
            "yes_price": 12,
            "no_price": 88,
            "taker_side": "yes"
        },
        {
            "trade_id": "2de50067-0a14-44f8-82c2-97356e5da925",
            "ticker": "KXHIGHNY-25APR25-B73.5",
            "count": 3,
            "created_time": "2025-04-25T13:18:01.310284Z",
            "yes_price": 10,
            "no_price": 90,
            "taker_side": "yes"
        },
        {
            "trade_id": "029bef7a-519d-4cfc-ac40-d2c967fafe5f",
            "ticker": "KXHIGHNY-25APR25-B73.5",
            "count": 2,
            "created_time": "2025-04-25T13:18:01.310284Z",
            "yes_price": 8,
            "no_price": 92,
            "taker_side": "yes"
        },
        {
            "trade_id": "b44a4863-4176-4d74-ab6d-93675edeea77",
            "ticker": "KXHIGHNY-25APR25-B73.5",
            "count": 2,
            "created_time": "2025-04-25T13:06:18.187215Z",
            "yes_price": 8,
            "no_price": 92,
            "taker_side": "no"
        },
        {
            "trade_id": "43f3e524-dcce-4c7d-97d4-b8a4a710e1a9",
            "ticker": "KXHIGHNY-25APR25-B73.5",
            "count": 1,
            "created_time": "2025-04-25T13:03:21.712349Z",
            "yes_price": 10,
            "no_price": 90,
            "taker_side": "no"
        },
        {
            "trade_id": "97edfd6c-446c-46de-b4f5-08b025dfc81f",
            "ticker": "KXHIGHNY-25APR25-B73.5",
            "count": 2,
            "created_time": "2025-04-25T13:03:20.22196Z",
            "yes_price": 10,
            "no_price": 90,
            "taker_side": "no"
        },
        {
            "trade_id": "e617fb4d-8666-4ad5-907e-b337df2abad0",
            "ticker": "KXHIGHNY-25APR25-B73.5",
            "count": 20,
            "created_time": "2025-04-25T13:03:01.844964Z",
            "yes_price": 12,
            "no_price": 88,
            "taker_side": "yes"
        },
        {
            "trade_id": "659ec821-316a-464a-b6de-761362195e67",
            "ticker": "KXHIGHNY-25APR25-B73.5",
            "count": 3,
            "created_time": "2025-04-25T13:03:01.844964Z",
            "yes_price": 12,
            "no_price": 88,
            "taker_side": "yes"
        },
        {
            "trade_id": "f8163d1e-7a76-4d7a-8a0a-071132b27620",
            "ticker": "KXHIGHNY-25APR25-B73.5",
            "count": 17,
            "created_time": "2025-04-25T12:49:13.92211Z",
            "yes_price": 11,
            "no_price": 89,
            "taker_side": "yes"
        },
        {
            "trade_id": "9888a282-683e-45a3-9753-f7a0177d5704",
            "ticker": "KXHIGHNY-25APR25-B73.5",
            "count": 59,
            "created_time": "2025-04-25T12:49:13.92211Z",
            "yes_price": 11,
            "no_price": 89,
            "taker_side": "yes"
        },
        {
            "trade_id": "8421b6f7-6903-48f0-8841-96bbebb12203",
            "ticker": "KXHIGHNY-25APR25-B73.5",
            "count": 1,
            "created_time": "2025-04-25T12:49:13.92211Z",
            "yes_price": 11,
            "no_price": 89,
            "taker_side": "yes"
        },
        {
            "trade_id": "55ebade0-1e4d-448e-b17f-a64dfca4e01a",
            "ticker": "KXHIGHNY-25APR25-B73.5",
            "count": 233,
            "created_time": "2025-04-25T12:49:13.92211Z",
            "yes_price": 13,
            "no_price": 87,
            "taker_side": "yes"
        },
        {
            "trade_id": "cca637ec-89fc-461e-b3ea-573ff20f207c",
            "ticker": "KXHIGHNY-25APR25-B73.5",
            "count": 3,
            "created_time": "2025-04-25T12:37:52.417527Z",
            "yes_price": 11,
            "no_price": 89,
            "taker_side": "yes"
        },
        {
            "trade_id": "3d403aa5-ac7a-4964-a844-b26b8b9c6550",
            "ticker": "KXHIGHNY-25APR25-B73.5",
            "count": 5,
            "created_time": "2025-04-25T12:37:52.417527Z",
            "yes_price": 9,
            "no_price": 91,
            "taker_side": "yes"
        },
        {
            "trade_id": "3829c566-9681-48ff-a457-c008bafe738b",
            "ticker": "KXHIGHNY-25APR25-B73.5",
            "count": 6,
            "created_time": "2025-04-25T12:37:52.417527Z",
            "yes_price": 8,
            "no_price": 92,
            "taker_side": "yes"
        },
        {
            "trade_id": "0e35b374-dd82-4365-9027-dad0a9fba55f",
            "ticker": "KXHIGHNY-25APR25-B73.5",
            "count": 74,
            "created_time": "2025-04-25T12:37:52.417527Z",
            "yes_price": 11,
            "no_price": 89,
            "taker_side": "yes"
        },
        {
            "trade_id": "03849720-3d46-43be-8361-debe7b092cff",
            "ticker": "KXHIGHNY-25APR25-B73.5",
            "count": 3,
            "created_time": "2025-04-25T12:37:52.417527Z",
            "yes_price": 10,
            "no_price": 90,
            "taker_side": "yes"
        },
        {
            "trade_id": "b230d990-4d01-42f0-a03e-31b099efed7b",
            "ticker": "KXHIGHNY-25APR25-B73.5",
            "count": 1,
            "created_time": "2025-04-25T12:35:25.960708Z",
            "yes_price": 7,
            "no_price": 93,
            "taker_side": "yes"
        },
        {
            "trade_id": "255bf1a3-54b8-485e-afa1-670ec50c96c4",
            "ticker": "KXHIGHNY-25APR25-B73.5",
            "count": 45,
            "created_time": "2025-04-25T12:31:32.287999Z",
            "yes_price": 6,
            "no_price": 94,
            "taker_side": "no"
        },
        {
            "trade_id": "a5fe96f7-f13a-48c1-bd00-e098429c7c93",
            "ticker": "KXHIGHNY-25APR25-B73.5",
            "count": 1,
            "created_time": "2025-04-25T12:24:40.030246Z",
            "yes_price": 7,
            "no_price": 93,
            "taker_side": "no"
        },
        {
            "trade_id": "c488fbbd-b997-4b5e-9c84-cdd9ba2d82ee",
            "ticker": "KXHIGHNY-25APR25-B73.5",
            "count": 7,
            "created_time": "2025-04-25T12:24:39.908583Z",
            "yes_price": 7,
            "no_price": 93,
            "taker_side": "yes"
        },
        {
            "trade_id": "b07571fa-3f7a-48a3-8ac7-c0203c82f8bb",
            "ticker": "KXHIGHNY-25APR25-B73.5",
            "count": 16,
            "created_time": "2025-04-25T12:24:39.908583Z",
            "yes_price": 5,
            "no_price": 95,
            "taker_side": "yes"
        },
        {
            "trade_id": "968d338c-5870-4307-b442-7936938e7984",
            "ticker": "KXHIGHNY-25APR25-B73.5",
            "count": 2,
            "created_time": "2025-04-25T12:24:39.908583Z",
            "yes_price": 4,
            "no_price": 96,
            "taker_side": "yes"
        },
        {
            "trade_id": "0024c515-9a3a-4bd9-b309-aaf4b752e61d",
            "ticker": "KXHIGHNY-25APR25-B73.5",
            "count": 11,
            "created_time": "2025-04-25T12:24:39.908583Z",
            "yes_price": 6,
            "no_price": 94,
            "taker_side": "yes"
        },
        {
            "trade_id": "d5deb2c1-cf0b-4a3b-ac92-736f822d9401",
            "ticker": "KXHIGHNY-25APR25-B73.5",
            "count": 2,
            "created_time": "2025-04-25T12:22:31.142238Z",
            "yes_price": 3,
            "no_price": 97,
            "taker_side": "no"
        },
        {
            "trade_id": "1d5789ab-6890-495b-952a-0efb835859f4",
            "ticker": "KXHIGHNY-25APR25-B73.5",
            "count": 26,
            "created_time": "2025-04-25T12:14:33.329946Z",
            "yes_price": 4,
            "no_price": 96,
            "taker_side": "yes"
        },
        {
            "trade_id": "657ff900-34e2-44d3-b37c-eac6d43b9952",
            "ticker": "KXHIGHNY-25APR25-B73.5",
            "count": 72,
            "created_time": "2025-04-25T12:13:02.99724Z",
            "yes_price": 6,
            "no_price": 94,
            "taker_side": "yes"
        },
        {
            "trade_id": "16c5ac63-bfa0-4d45-b882-58c89501a83b",
            "ticker": "KXHIGHNY-25APR25-B73.5",
            "count": 12,
            "created_time": "2025-04-25T12:13:02.99724Z",
            "yes_price": 3,
            "no_price": 97,
            "taker_side": "yes"
        },
        {
            "trade_id": "541cb6bd-b8f0-4f2f-afe4-f8f94c23b8f2",
            "ticker": "KXHIGHNY-25APR25-B73.5",
            "count": 16,
            "created_time": "2025-04-25T12:03:41.635898Z",
            "yes_price": 3,
            "no_price": 97,
            "taker_side": "no"
        },
        {
            "trade_id": "02fb3a90-ebb5-4f03-a97f-b163301bd088",
            "ticker": "KXHIGHNY-25APR25-B73.5",
            "count": 29,
            "created_time": "2025-04-25T12:03:41.635898Z",
            "yes_price": 3,
            "no_price": 97,
            "taker_side": "no"
        },
        {
            "trade_id": "c56c8648-9016-4b09-accd-5e69101a62dc",
            "ticker": "KXHIGHNY-25APR25-B73.5",
            "count": 77,
            "created_time": "2025-04-25T12:01:02.099063Z",
            "yes_price": 3,
            "no_price": 97,
            "taker_side": "yes"
        },
        {
            "trade_id": "88ea88a3-da8a-4ca5-b179-9e211956ad28",
            "ticker": "KXHIGHNY-25APR25-B73.5",
            "count": 5,
            "created_time": "2025-04-25T12:00:29.945174Z",
            "yes_price": 1,
            "no_price": 99,
            "taker_side": "no"
        },
        {
            "trade_id": "c9ab4f85-6296-4505-a44f-b835b16bba85",
            "ticker": "KXHIGHNY-25APR25-B73.5",
            "count": 1,
            "created_time": "2025-04-25T06:51:57.289414Z",
            "yes_price": 13,
            "no_price": 87,
            "taker_side": "yes"
        },
        {
            "trade_id": "a910a797-42a9-4c88-9d33-1a369960797d",
            "ticker": "KXHIGHNY-25APR25-B73.5",
            "count": 3,
            "created_time": "2025-04-25T06:51:57.289414Z",
            "yes_price": 10,
            "no_price": 90,
            "taker_side": "yes"
        },
        {
            "trade_id": "34561ac1-32ee-4e05-9960-a11dd1954d02",
            "ticker": "KXHIGHNY-25APR25-B73.5",
            "count": 2,
            "created_time": "2025-04-25T06:51:57.289414Z",
            "yes_price": 11,
            "no_price": 89,
            "taker_side": "yes"
        },
        {
            "trade_id": "14c6e349-1107-4b6d-a779-13168bab3449",
            "ticker": "KXHIGHNY-25APR25-B73.5",
            "count": 2,
            "created_time": "2025-04-25T06:51:57.289414Z",
            "yes_price": 12,
            "no_price": 88,
            "taker_side": "yes"
        },
        {
            "trade_id": "b850a62c-54c5-4b77-8de9-88f68213167f",
            "ticker": "KXHIGHNY-25APR25-B73.5",
            "count": 3,
            "created_time": "2025-04-25T06:48:14.999026Z",
            "yes_price": 9,
            "no_price": 91,
            "taker_side": "no"
        },
        {
            "trade_id": "b6bd38af-95b0-4b9f-ac9a-b3e69c17f381",
            "ticker": "KXHIGHNY-25APR25-B73.5",
            "count": 4,
            "created_time": "2025-04-25T06:45:32.646885Z",
            "yes_price": 8,
            "no_price": 92,
            "taker_side": "yes"
        },
        {
            "trade_id": "f9f2fe05-7b90-47a4-9d3f-13dcd77cb8ef",
            "ticker": "KXHIGHNY-25APR25-B73.5",
            "count": 7,
            "created_time": "2025-04-25T06:42:37.896599Z",
            "yes_price": 6,
            "no_price": 94,
            "taker_side": "yes"
        },
        {
            "trade_id": "a90f416e-440d-4b45-8d0c-d401b580cbfd",
            "ticker": "KXHIGHNY-25APR25-B73.5",
            "count": 5,
            "created_time": "2025-04-25T06:42:37.896599Z",
            "yes_price": 7,
            "no_price": 93,
            "taker_side": "yes"
        },
        {
            "trade_id": "b94259a6-81cd-4015-b05a-0b892ea077c4",
            "ticker": "KXHIGHNY-25APR25-B73.5",
            "count": 2,
            "created_time": "2025-04-25T06:39:30.402514Z",
            "yes_price": 5,
            "no_price": 95,
            "taker_side": "no"
        },
        {
            "trade_id": "dbf9cfda-f65e-4fad-8bf4-2df7e5828afc",
            "ticker": "KXHIGHNY-25APR25-B73.5",
            "count": 10,
            "created_time": "2025-04-25T06:39:30.295689Z",
            "yes_price": 5,
            "no_price": 95,
            "taker_side": "yes"
        },
        {
            "trade_id": "7f8e6573-c79d-4b6c-a4c1-aeb19b7e4632",
            "ticker": "KXHIGHNY-25APR25-B73.5",
            "count": 16,
            "created_time": "2025-04-25T06:39:30.295689Z",
            "yes_price": 4,
            "no_price": 96,
            "taker_side": "yes"
        },
        {
            "trade_id": "61a49922-0768-4cfc-80c0-cd76c9717f1c",
            "ticker": "KXHIGHNY-25APR25-B73.5",
            "count": 4,
            "created_time": "2025-04-25T06:39:30.235869Z",
            "yes_price": 3,
            "no_price": 97,
            "taker_side": "yes"
        },
        {
            "trade_id": "860289b0-0865-49e0-8940-c3deb6ed4e99",
            "ticker": "KXHIGHNY-25APR25-B73.5",
            "count": 34,
            "created_time": "2025-04-25T06:17:07.917954Z",
            "yes_price": 4,
            "no_price": 96,
            "taker_side": "yes"
        },
        {
            "trade_id": "7ef7cf8d-6d45-44a0-b9d5-a91afc289485",
            "ticker": "KXHIGHNY-25APR25-B73.5",
            "count": 82,
            "created_time": "2025-04-25T06:17:07.917954Z",
            "yes_price": 4,
            "no_price": 96,
            "taker_side": "yes"
        },
        {
            "trade_id": "a13af378-df1f-400e-927f-0ddf6eb6e9fe",
            "ticker": "KXHIGHNY-25APR25-B73.5",
            "count": 17,
            "created_time": "2025-04-25T05:42:35.697142Z",
            "yes_price": 4,
            "no_price": 96,
            "taker_side": "no"
        },
        {
            "trade_id": "4e608e63-fdff-413b-a267-3f9c779693c6",
            "ticker": "KXHIGHNY-25APR25-B73.5",
            "count": 5,
            "created_time": "2025-04-25T05:40:13.813357Z",
            "yes_price": 3,
            "no_price": 97,
            "taker_side": "yes"
        },
        {
            "trade_id": "eda7f1fe-cfcd-40a3-8829-a2a9b494fca7",
            "ticker": "KXHIGHNY-25APR25-B73.5",
            "count": 5,
            "created_time": "2025-04-25T05:39:33.556874Z",
            "yes_price": 4,
            "no_price": 96,
            "taker_side": "no"
        },
        {
            "trade_id": "afedd6fb-9cb3-49a8-b12c-f1acca885f36",
            "ticker": "KXHIGHNY-25APR25-B73.5",
            "count": 5,
            "created_time": "2025-04-25T05:39:33.556874Z",
            "yes_price": 5,
            "no_price": 95,
            "taker_side": "no"
        },
        {
            "trade_id": "e8c99e10-c042-4a31-9966-bb8be4142fbd",
            "ticker": "KXHIGHNY-25APR25-B73.5",
            "count": 4,
            "created_time": "2025-04-25T05:39:33.497112Z",
            "yes_price": 8,
            "no_price": 92,
            "taker_side": "no"
        },
        {
            "trade_id": "da218183-2f92-4977-aee6-d2308265a8c6",
            "ticker": "KXHIGHNY-25APR25-B73.5",
            "count": 4,
            "created_time": "2025-04-25T05:39:33.497112Z",
            "yes_price": 7,
            "no_price": 93,
            "taker_side": "no"
        },
        {
            "trade_id": "74c11ec4-662b-41b3-ae4a-3b8428a90125",
            "ticker": "KXHIGHNY-25APR25-B73.5",
            "count": 5,
            "created_time": "2025-04-25T05:39:33.497112Z",
            "yes_price": 6,
            "no_price": 94,
            "taker_side": "no"
        },
        {
            "trade_id": "a7e5e888-319a-44b2-bfd0-07092eece0d7",
            "ticker": "KXHIGHNY-25APR25-B73.5",
            "count": 4,
            "created_time": "2025-04-25T05:39:21.364159Z",
            "yes_price": 9,
            "no_price": 91,
            "taker_side": "yes"
        },
        {
            "trade_id": "e1dcc5ae-7a05-4879-8692-521212c54671",
            "ticker": "KXHIGHNY-25APR25-B73.5",
            "count": 3,
            "created_time": "2025-04-25T05:36:34.726911Z",
            "yes_price": 11,
            "no_price": 89,
            "taker_side": "no"
        },
        {
            "trade_id": "4c1e00ed-87ef-43d0-935d-ee56dae8f79f",
            "ticker": "KXHIGHNY-25APR25-B73.5",
            "count": 2,
            "created_time": "2025-04-25T05:36:34.726911Z",
            "yes_price": 10,
            "no_price": 90,
            "taker_side": "no"
        },
        {
            "trade_id": "d01f3bee-e13a-495e-b8f0-5035bd19b189",
            "ticker": "KXHIGHNY-25APR25-B73.5",
            "count": 1,
            "created_time": "2025-04-25T05:36:34.647524Z",
            "yes_price": 12,
            "no_price": 88,
            "taker_side": "no"
        },
        {
            "trade_id": "d2abae61-d2d1-4ef0-af48-6ccf744fd32c",
            "ticker": "KXHIGHNY-25APR25-B73.5",
            "count": 6,
            "created_time": "2025-04-25T05:25:18.96179Z",
            "yes_price": 15,
            "no_price": 85,
            "taker_side": "yes"
        },
        {
            "trade_id": "a73e2089-ad67-48ea-9294-68d2573ddd46",
            "ticker": "KXHIGHNY-25APR25-B73.5",
            "count": 4,
            "created_time": "2025-04-25T05:18:36.981622Z",
            "yes_price": 15,
            "no_price": 85,
            "taker_side": "yes"
        },
        {
            "trade_id": "192d8a32-4d47-4aba-9840-5c9637149a25",
            "ticker": "KXHIGHNY-25APR25-B73.5",
            "count": 1,
            "created_time": "2025-04-25T05:18:36.981622Z",
            "yes_price": 14,
            "no_price": 86,
            "taker_side": "yes"
        },
        {
            "trade_id": "05a04385-1f53-40a7-808c-a6d0e6e77e55",
            "ticker": "KXHIGHNY-25APR25-B73.5",
            "count": 6,
            "created_time": "2025-04-25T05:18:07.562591Z",
            "yes_price": 14,
            "no_price": 86,
            "taker_side": "yes"
        },
        {
            "trade_id": "70398882-3974-4a8b-b262-e05ec1c82dd3",
            "ticker": "KXHIGHNY-25APR25-B73.5",
            "count": 13,
            "created_time": "2025-04-25T05:13:16.835282Z",
            "yes_price": 14,
            "no_price": 86,
            "taker_side": "yes"
        },
        {
            "trade_id": "5994eedb-d4cd-4414-8fa8-28304fae3dd2",
            "ticker": "KXHIGHNY-25APR25-B73.5",
            "count": 1,
            "created_time": "2025-04-25T05:06:02.333098Z",
            "yes_price": 13,
            "no_price": 87,
            "taker_side": "yes"
        },
        {
            "trade_id": "ebf000dc-7b21-4f73-94ed-2b4f4711bfc1",
            "ticker": "KXHIGHNY-25APR25-B73.5",
            "count": 2,
            "created_time": "2025-04-25T04:58:49.509056Z",
            "yes_price": 13,
            "no_price": 87,
            "taker_side": "no"
        },
        {
            "trade_id": "2fad078d-065a-4a63-951e-b6ce12b84c3b",
            "ticker": "KXHIGHNY-25APR25-B73.5",
            "count": 1,
            "created_time": "2025-04-25T04:58:48.676469Z",
            "yes_price": 14,
            "no_price": 86,
            "taker_side": "no"
        },
        {
            "trade_id": "e99d4ed2-0368-49a2-be33-f91779ffe3ab",
            "ticker": "KXHIGHNY-25APR25-B73.5",
            "count": 1,
            "created_time": "2025-04-25T04:58:47.821362Z",
            "yes_price": 15,
            "no_price": 85,
            "taker_side": "no"
        },
        {
            "trade_id": "ac58df39-6850-4477-8fb5-9fcbef772b91",
            "ticker": "KXHIGHNY-25APR25-B73.5",
            "count": 2,
            "created_time": "2025-04-25T04:46:18.443527Z",
            "yes_price": 15,
            "no_price": 85,
            "taker_side": "yes"
        },
        {
            "trade_id": "9e16eb43-2758-4004-8bcf-9737fa32a372",
            "ticker": "KXHIGHNY-25APR25-B73.5",
            "count": 2,
            "created_time": "2025-04-25T04:46:18.443527Z",
            "yes_price": 16,
            "no_price": 84,
            "taker_side": "yes"
        },
        {
            "trade_id": "1375cccc-06bf-4aba-90af-d1694c3cdc8a",
            "ticker": "KXHIGHNY-25APR25-B73.5",
            "count": 86,
            "created_time": "2025-04-25T04:46:18.443527Z",
            "yes_price": 17,
            "no_price": 83,
            "taker_side": "yes"
        },
        {
            "trade_id": "7869fc03-3f79-47a8-a174-d931d7ab2841",
            "ticker": "KXHIGHNY-25APR25-B73.5",
            "count": 2,
            "created_time": "2025-04-25T04:27:33.776924Z",
            "yes_price": 15,
            "no_price": 85,
            "taker_side": "yes"
        },
        {
            "trade_id": "1a1a2863-3987-4cd2-a76e-2ef10dcdb861",
            "ticker": "KXHIGHNY-25APR25-B73.5",
            "count": 6,
            "created_time": "2025-04-25T04:27:09.930999Z",
            "yes_price": 15,
            "no_price": 85,
            "taker_side": "no"
        },
        {
            "trade_id": "a3073e2c-0886-4c81-918c-6d750be6674b",
            "ticker": "KXHIGHNY-25APR25-B73.5",
            "count": 41,
            "created_time": "2025-04-25T03:55:44.429362Z",
            "yes_price": 15,
            "no_price": 85,
            "taker_side": "no"
        },
        {
            "trade_id": "475cd2f5-1352-4610-af9f-c9c0707c4321",
            "ticker": "KXHIGHNY-25APR25-B73.5",
            "count": 59,
            "created_time": "2025-04-25T03:55:12.110336Z",
            "yes_price": 16,
            "no_price": 84,
            "taker_side": "no"
        },
        {
            "trade_id": "d6e57966-0529-4a97-b1f4-67ba7993f8ed",
            "ticker": "KXHIGHNY-25APR25-B73.5",
            "count": 92,
            "created_time": "2025-04-25T03:42:42.415108Z",
            "yes_price": 17,
            "no_price": 83,
            "taker_side": "yes"
        },
        {
            "trade_id": "25c00f9b-fddd-4723-851c-3620d050bf71",
            "ticker": "KXHIGHNY-25APR25-B73.5",
            "count": 16,
            "created_time": "2025-04-25T03:42:28.052792Z",
            "yes_price": 17,
            "no_price": 83,
            "taker_side": "yes"
        },
        {
            "trade_id": "b29746bd-87de-457e-9067-dae9ecc490e4",
            "ticker": "KXHIGHNY-25APR25-B73.5",
            "count": 10,
            "created_time": "2025-04-25T03:40:50.012132Z",
            "yes_price": 16,
            "no_price": 84,
            "taker_side": "no"
        },
        {
            "trade_id": "e4e9c043-3e4d-481a-9d8f-4b8125bd841f",
            "ticker": "KXHIGHNY-25APR25-B73.5",
            "count": 119,
            "created_time": "2025-04-25T03:39:54.735607Z",
            "yes_price": 17,
            "no_price": 83,
            "taker_side": "yes"
        },
        {
            "trade_id": "8e1a6d63-f661-46e7-9be9-fdd98cba9a5c",
            "ticker": "KXHIGHNY-25APR25-B73.5",
            "count": 16,
            "created_time": "2025-04-25T03:39:49.45461Z",
            "yes_price": 17,
            "no_price": 83,
            "taker_side": "yes"
        },
        {
            "trade_id": "b1f73d25-85c2-44a0-b88c-539f89c89c3e",
            "ticker": "KXHIGHNY-25APR25-B73.5",
            "count": 240,
            "created_time": "2025-04-25T03:39:42.604632Z",
            "yes_price": 17,
            "no_price": 83,
            "taker_side": "yes"
        },
        {
            "trade_id": "aee353fa-fee2-44c2-85b6-98bdc3537fcc",
            "ticker": "KXHIGHNY-25APR25-B73.5",
            "count": 2,
            "created_time": "2025-04-25T03:36:03.772281Z",
            "yes_price": 16,
            "no_price": 84,
            "taker_side": "yes"
        },
        {
            "trade_id": "69e804ba-8011-48ea-a81f-474e28f76c14",
            "ticker": "KXHIGHNY-25APR25-B73.5",
            "count": 7,
            "created_time": "2025-04-25T03:36:03.772281Z",
            "yes_price": 17,
            "no_price": 83,
            "taker_side": "yes"
        },
        {
            "trade_id": "4366b944-598b-462f-b2f5-f567a586b52b",
            "ticker": "KXHIGHNY-25APR25-B73.5",
            "count": 2,
            "created_time": "2025-04-25T03:36:03.772281Z",
            "yes_price": 16,
            "no_price": 84,
            "taker_side": "yes"
        },
        {
            "trade_id": "d4a0867e-28c1-41c9-a58e-7b01dce04ccf",
            "ticker": "KXHIGHNY-25APR25-B73.5",
            "count": 3,
            "created_time": "2025-04-25T03:33:43.2462Z",
            "yes_price": 15,
            "no_price": 85,
            "taker_side": "yes"
        },
        {
            "trade_id": "b9fdea4d-ec2e-4731-8dbc-ca9b5824aa9a",
            "ticker": "KXHIGHNY-25APR25-B73.5",
            "count": 6,
            "created_time": "2025-04-25T03:30:51.615755Z",
            "yes_price": 14,
            "no_price": 86,
            "taker_side": "yes"
        },
        {
            "trade_id": "3074fa15-591d-486d-88e9-6f21fc105160",
            "ticker": "KXHIGHNY-25APR25-B73.5",
            "count": 2,
            "created_time": "2025-04-25T03:28:06.464852Z",
            "yes_price": 13,
            "no_price": 87,
            "taker_side": "no"
        },
        {
            "trade_id": "08191c6a-1de8-46b2-93bf-ada9a582ca53",
            "ticker": "KXHIGHNY-25APR25-B73.5",
            "count": 5,
            "created_time": "2025-04-25T03:04:11.147203Z",
            "yes_price": 17,
            "no_price": 83,
            "taker_side": "yes"
        },
        {
            "trade_id": "1c8cc794-2c99-4659-befb-40e78c17589c",
            "ticker": "KXHIGHNY-25APR25-B73.5",
            "count": 4,
            "created_time": "2025-04-25T03:03:40.247566Z",
            "yes_price": 15,
            "no_price": 85,
            "taker_side": "no"
        },
        {
            "trade_id": "1ae5be29-b53b-4963-baa6-d46b1c35ad96",
            "ticker": "KXHIGHNY-25APR25-B73.5",
            "count": 47,
            "created_time": "2025-04-25T03:03:00.875507Z",
            "yes_price": 15,
            "no_price": 85,
            "taker_side": "yes"
        },
        {
            "trade_id": "eccf1e52-b9d2-4dfd-a95b-2261b06f805f",
            "ticker": "KXHIGHNY-25APR25-B73.5",
            "count": 27,
            "created_time": "2025-04-25T02:31:07.562168Z",
            "yes_price": 17,
            "no_price": 83,
            "taker_side": "yes"
        },
        {
            "trade_id": "e5fd47b3-9e79-495e-a232-9e8bdf2667f6",
            "ticker": "KXHIGHNY-25APR25-B73.5",
            "count": 10,
            "created_time": "2025-04-25T02:25:54.678477Z",
            "yes_price": 15,
            "no_price": 85,
            "taker_side": "yes"
        },
        {
            "trade_id": "2a499785-9e4c-4804-a1b2-06c25fded1a1",
            "ticker": "KXHIGHNY-25APR25-B73.5",
            "count": 68,
            "created_time": "2025-04-25T02:25:54.678477Z",
            "yes_price": 17,
            "no_price": 83,
            "taker_side": "yes"
        },
        {
            "trade_id": "f6490ca1-f03f-4db5-a40c-0c135a94db80",
            "ticker": "KXHIGHNY-25APR25-B73.5",
            "count": 2,
            "created_time": "2025-04-25T02:12:34.75187Z",
            "yes_price": 15,
            "no_price": 85,
            "taker_side": "yes"
        },
        {
            "trade_id": "c0273e46-c7d9-4a6e-8ac0-3cccd038bfbd",
            "ticker": "KXHIGHNY-25APR25-B73.5",
            "count": 2,
            "created_time": "2025-04-25T02:12:34.75187Z",
            "yes_price": 17,
            "no_price": 83,
            "taker_side": "yes"
        },
        {
            "trade_id": "132afbc6-c846-4eca-ac79-8f86b17c05e4",
            "ticker": "KXHIGHNY-25APR25-B73.5",
            "count": 54,
            "created_time": "2025-04-25T02:12:34.75187Z",
            "yes_price": 15,
            "no_price": 85,
            "taker_side": "yes"
        },
        {
            "trade_id": "e53f9fe5-4059-4338-a91e-940313960fed",
            "ticker": "KXHIGHNY-25APR25-B73.5",
            "count": 2,
            "created_time": "2025-04-25T02:10:10.155971Z",
            "yes_price": 14,
            "no_price": 86,
            "taker_side": "yes"
        },
        {
            "trade_id": "b2caa7b9-a01e-4f75-b3ce-2711cb16d0b8",
            "ticker": "KXHIGHNY-25APR25-B73.5",
            "count": 10,
            "created_time": "2025-04-25T02:10:10.155971Z",
            "yes_price": 15,
            "no_price": 85,
            "taker_side": "yes"
        },
        {
            "trade_id": "eea18951-8148-423f-817a-55437f46edcf",
            "ticker": "KXHIGHNY-25APR25-B73.5",
            "count": 3,
            "created_time": "2025-04-25T02:03:04.095861Z",
            "yes_price": 10,
            "no_price": 90,
            "taker_side": "no"
        },
        {
            "trade_id": "87a4cf8f-555e-4a6e-b4c0-a53cdb15c1d6",
            "ticker": "KXHIGHNY-25APR25-B73.5",
            "count": 2,
            "created_time": "2025-04-25T02:03:04.095861Z",
            "yes_price": 9,
            "no_price": 91,
            "taker_side": "no"
        },
        {
            "trade_id": "b7e3a4de-feef-4567-b812-29b2e5750613",
            "ticker": "KXHIGHNY-25APR25-B73.5",
            "count": 5,
            "created_time": "2025-04-25T01:45:02.979037Z",
            "yes_price": 15,
            "no_price": 85,
            "taker_side": "yes"
        },
        {
            "trade_id": "90bc085c-9960-46b3-b502-02236662fdc8",
            "ticker": "KXHIGHNY-25APR25-B73.5",
            "count": 104,
            "created_time": "2025-04-25T01:45:02.979037Z",
            "yes_price": 17,
            "no_price": 83,
            "taker_side": "yes"
        },
        {
            "trade_id": "d17fbc4a-ded7-4817-9721-6a602e8d0a49",
            "ticker": "KXHIGHNY-25APR25-B73.5",
            "count": 5,
            "created_time": "2025-04-25T00:51:38.816616Z",
            "yes_price": 14,
            "no_price": 86,
            "taker_side": "yes"
        },
        {
            "trade_id": "c0a211a1-9d25-4463-b89e-dd3d74b222e4",
            "ticker": "KXHIGHNY-25APR25-B73.5",
            "count": 240,
            "created_time": "2025-04-25T00:51:38.816616Z",
            "yes_price": 16,
            "no_price": 84,
            "taker_side": "yes"
        },
        {
            "trade_id": "952b18f2-8563-4c22-8ea1-006e885bb54f",
            "ticker": "KXHIGHNY-25APR25-B73.5",
            "count": 8,
            "created_time": "2025-04-25T00:51:38.816616Z",
            "yes_price": 14,
            "no_price": 86,
            "taker_side": "yes"
        },
        {
            "trade_id": "02a626fd-237e-4b40-96d4-8417543ed80c",
            "ticker": "KXHIGHNY-25APR25-B73.5",
            "count": 40,
            "created_time": "2025-04-25T00:51:38.816616Z",
            "yes_price": 17,
            "no_price": 83,
            "taker_side": "yes"
        },
        {
            "trade_id": "f01e4cdb-9d0b-4e3f-8ab4-f089ad023a10",
            "ticker": "KXHIGHNY-25APR25-B73.5",
            "count": 62,
            "created_time": "2025-04-25T00:36:01.559313Z",
            "yes_price": 15,
            "no_price": 85,
            "taker_side": "yes"
        },
        {
            "trade_id": "5c39b69e-ac76-42d8-9394-84e1707a282a",
            "ticker": "KXHIGHNY-25APR25-B73.5",
            "count": 4,
            "created_time": "2025-04-24T22:56:17.400579Z",
            "yes_price": 14,
            "no_price": 86,
            "taker_side": "yes"
        },
        {
            "trade_id": "5b2dbe4c-64f0-4d6d-9fff-1035ae213ba8",
            "ticker": "KXHIGHNY-25APR25-B73.5",
            "count": 106,
            "created_time": "2025-04-24T22:56:17.400579Z",
            "yes_price": 14,
            "no_price": 86,
            "taker_side": "yes"
        },
        {
            "trade_id": "33b132e7-b1f8-4f58-96bd-fc132c749b35",
            "ticker": "KXHIGHNY-25APR25-B73.5",
            "count": 139,
            "created_time": "2025-04-24T22:56:17.400579Z",
            "yes_price": 16,
            "no_price": 84,
            "taker_side": "yes"
        },
        {
            "trade_id": "f1ac2dcb-0df6-4fcc-b5b8-f6b1361e84d5",
            "ticker": "KXHIGHNY-25APR25-B73.5",
            "count": 1,
            "created_time": "2025-04-24T22:50:59.92531Z",
            "yes_price": 13,
            "no_price": 87,
            "taker_side": "yes"
        },
        {
            "trade_id": "963e445c-f4c6-4c51-86c0-6aded9ce55f4",
            "ticker": "KXHIGHNY-25APR25-B73.5",
            "count": 17,
            "created_time": "2025-04-24T22:50:59.92531Z",
            "yes_price": 13,
            "no_price": 87,
            "taker_side": "yes"
        },
        {
            "trade_id": "8668ffd1-63c6-41b8-9f61-adc8da05f84f",
            "ticker": "KXHIGHNY-25APR25-B73.5",
            "count": 3,
            "created_time": "2025-04-24T22:50:59.92531Z",
            "yes_price": 13,
            "no_price": 87,
            "taker_side": "yes"
        },
        {
            "trade_id": "75388492-f4bc-431b-820b-e421a84c6bc8",
            "ticker": "KXHIGHNY-25APR25-B73.5",
            "count": 13,
            "created_time": "2025-04-24T22:50:59.92531Z",
            "yes_price": 15,
            "no_price": 85,
            "taker_side": "yes"
        },
        {
            "trade_id": "bd35d6ba-bc7b-4fde-a48f-2de2395a1974",
            "ticker": "KXHIGHNY-25APR25-B73.5",
            "count": 36,
            "created_time": "2025-04-24T22:44:36.456278Z",
            "yes_price": 13,
            "no_price": 87,
            "taker_side": "yes"
        },
        {
            "trade_id": "9a8c52fc-1b76-4095-bcc1-5a38d29eaf6a",
            "ticker": "KXHIGHNY-25APR25-B73.5",
            "count": 2,
            "created_time": "2025-04-24T22:23:02.231908Z",
            "yes_price": 13,
            "no_price": 87,
            "taker_side": "yes"
        },
        {
            "trade_id": "83a1ae45-c610-495c-b732-83646dca6417",
            "ticker": "KXHIGHNY-25APR25-B73.5",
            "count": 17,
            "created_time": "2025-04-24T22:19:09.617785Z",
            "yes_price": 13,
            "no_price": 87,
            "taker_side": "yes"
        },
        {
            "trade_id": "216d4e80-a4f4-44e6-a444-c54346d5a179",
            "ticker": "KXHIGHNY-25APR25-B73.5",
            "count": 1,
            "created_time": "2025-04-24T22:19:09.617785Z",
            "yes_price": 12,
            "no_price": 88,
            "taker_side": "yes"
        },
        {
            "trade_id": "fcc4a2eb-23f8-4203-8d92-4deb611f0baa",
            "ticker": "KXHIGHNY-25APR25-B73.5",
            "count": 11,
            "created_time": "2025-04-24T22:17:05.712135Z",
            "yes_price": 8,
            "no_price": 92,
            "taker_side": "no"
        },
        {
            "trade_id": "3607f945-c828-45fd-8baa-f1e1af988f6a",
            "ticker": "KXHIGHNY-25APR25-B73.5",
            "count": 4,
            "created_time": "2025-04-24T22:17:05.712135Z",
            "yes_price": 8,
            "no_price": 92,
            "taker_side": "no"
        },
        {
            "trade_id": "d5ddf1b3-66b0-4d5a-994a-9f401f6dda42",
            "ticker": "KXHIGHNY-25APR25-B73.5",
            "count": 30,
            "created_time": "2025-04-24T22:06:17.064124Z",
            "yes_price": 13,
            "no_price": 87,
            "taker_side": "yes"
        },
        {
            "trade_id": "c712e7bb-3f7a-4830-ab88-bdf2aea23dab",
            "ticker": "KXHIGHNY-25APR25-B73.5",
            "count": 6,
            "created_time": "2025-04-24T22:06:17.064124Z",
            "yes_price": 13,
            "no_price": 87,
            "taker_side": "yes"
        },
        {
            "trade_id": "d135c644-594f-400a-a645-420b955be2b4",
            "ticker": "KXHIGHNY-25APR25-B73.5",
            "count": 1,
            "created_time": "2025-04-24T22:05:26.58871Z",
            "yes_price": 9,
            "no_price": 91,
            "taker_side": "no"
        },
        {
            "trade_id": "e2f84232-806c-4a1b-8ed3-d86816d13da5",
            "ticker": "KXHIGHNY-25APR25-B73.5",
            "count": 9,
            "created_time": "2025-04-24T22:05:20.213987Z",
            "yes_price": 13,
            "no_price": 87,
            "taker_side": "yes"
        },
        {
            "trade_id": "a13b3817-d943-456f-8319-9a54f5048c11",
            "ticker": "KXHIGHNY-25APR25-B73.5",
            "count": 1,
            "created_time": "2025-04-24T22:05:20.213987Z",
            "yes_price": 13,
            "no_price": 87,
            "taker_side": "yes"
        },
        {
            "trade_id": "0fcefda5-630e-4928-9c7d-ccf511d45dc4",
            "ticker": "KXHIGHNY-25APR25-B73.5",
            "count": 7,
            "created_time": "2025-04-24T22:05:20.213987Z",
            "yes_price": 15,
            "no_price": 85,
            "taker_side": "yes"
        },
        {
            "trade_id": "0f15d144-8f23-4558-baf8-761181172bc0",
            "ticker": "KXHIGHNY-25APR25-B73.5",
            "count": 72,
            "created_time": "2025-04-24T22:05:20.213987Z",
            "yes_price": 13,
            "no_price": 87,
            "taker_side": "yes"
        },
        {
            "trade_id": "d22d6857-9483-439c-b068-f9d8ba58f147",
            "ticker": "KXHIGHNY-25APR25-B73.5",
            "count": 5,
            "created_time": "2025-04-24T21:51:08.126702Z",
            "yes_price": 7,
            "no_price": 93,
            "taker_side": "no"
        },
        {
            "trade_id": "a55dfce6-3c52-4032-8f26-7de8c251c5aa",
            "ticker": "KXHIGHNY-25APR25-B73.5",
            "count": 13,
            "created_time": "2025-04-24T20:37:02.898051Z",
            "yes_price": 7,
            "no_price": 93,
            "taker_side": "yes"
        },
        {
            "trade_id": "e432f3be-998e-4a9f-a182-b663bc42bc2c",
            "ticker": "KXHIGHNY-25APR25-B73.5",
            "count": 20,
            "created_time": "2025-04-24T20:36:55.976475Z",
            "yes_price": 7,
            "no_price": 93,
            "taker_side": "no"
        },
        {
            "trade_id": "e4465981-5db1-479c-aede-2c4ff015fe72",
            "ticker": "KXHIGHNY-25APR25-B73.5",
            "count": 16,
            "created_time": "2025-04-24T20:36:51.454964Z",
            "yes_price": 7,
            "no_price": 93,
            "taker_side": "no"
        },
        {
            "trade_id": "78fe9e61-121a-4cd3-9808-f48524026f4e",
            "ticker": "KXHIGHNY-25APR25-B73.5",
            "count": 11,
            "created_time": "2025-04-24T20:00:12.332258Z",
            "yes_price": 17,
            "no_price": 83,
            "taker_side": "yes"
        },
        {
            "trade_id": "9c682cf0-d345-41c9-b176-3a9abf1245fc",
            "ticker": "KXHIGHNY-25APR25-B73.5",
            "count": 4,
            "created_time": "2025-04-24T19:37:36.679467Z",
            "yes_price": 21,
            "no_price": 79,
            "taker_side": "yes"
        },
        {
            "trade_id": "65e02b29-22ee-4811-8e47-3233e2ff5cf4",
            "ticker": "KXHIGHNY-25APR25-B73.5",
            "count": 13,
            "created_time": "2025-04-24T19:19:20.419407Z",
            "yes_price": 21,
            "no_price": 79,
            "taker_side": "yes"
        },
        {
            "trade_id": "bdff2c46-2c4a-4709-9278-5ba8d34cf5cc",
            "ticker": "KXHIGHNY-25APR25-B73.5",
            "count": 80,
            "created_time": "2025-04-24T18:36:50.863929Z",
            "yes_price": 20,
            "no_price": 80,
            "taker_side": "yes"
        },
        {
            "trade_id": "9891cf53-4fa1-4184-9a73-830203239b01",
            "ticker": "KXHIGHNY-25APR25-B73.5",
            "count": 20,
            "created_time": "2025-04-24T18:36:50.863929Z",
            "yes_price": 22,
            "no_price": 78,
            "taker_side": "yes"
        },
        {
            "trade_id": "71349c5c-60e8-47eb-a21d-ce6718be8337",
            "ticker": "KXHIGHNY-25APR25-B73.5",
            "count": 2,
            "created_time": "2025-04-24T18:36:50.863929Z",
            "yes_price": 20,
            "no_price": 80,
            "taker_side": "yes"
        },
        {
            "trade_id": "428206c1-6b71-461b-8a6f-3cf7c5d928e7",
            "ticker": "KXHIGHNY-25APR25-B73.5",
            "count": 120,
            "created_time": "2025-04-24T18:36:50.863929Z",
            "yes_price": 22,
            "no_price": 78,
            "taker_side": "yes"
        },
        {
            "trade_id": "dbc963a8-d489-4861-a47e-7306dd1e21cb",
            "ticker": "KXHIGHNY-25APR25-B73.5",
            "count": 6,
            "created_time": "2025-04-24T18:28:49.678323Z",
            "yes_price": 19,
            "no_price": 81,
            "taker_side": "yes"
        },
        {
            "trade_id": "7a68c15d-e814-42bb-998a-fa34acdf02a8",
            "ticker": "KXHIGHNY-25APR25-B73.5",
            "count": 39,
            "created_time": "2025-04-24T18:28:49.678323Z",
            "yes_price": 21,
            "no_price": 79,
            "taker_side": "yes"
        },
        {
            "trade_id": "4866e906-bdcb-43f7-bea0-bc2ddd7f3c81",
            "ticker": "KXHIGHNY-25APR25-B73.5",
            "count": 49,
            "created_time": "2025-04-24T18:17:19.780518Z",
            "yes_price": 19,
            "no_price": 81,
            "taker_side": "yes"
        },
        {
            "trade_id": "02068f03-ab31-4055-8e47-63a71a4f0cb1",
            "ticker": "KXHIGHNY-25APR25-B73.5",
            "count": 25,
            "created_time": "2025-04-24T17:52:57.903251Z",
            "yes_price": 19,
            "no_price": 81,
            "taker_side": "yes"
        },
        {
            "trade_id": "bda9d3c6-670f-4871-8bda-f55b4058c385",
            "ticker": "KXHIGHNY-25APR25-B73.5",
            "count": 66,
            "created_time": "2025-04-24T17:42:28.869974Z",
            "yes_price": 18,
            "no_price": 82,
            "taker_side": "yes"
        },
        {
            "trade_id": "b083fc53-e5b2-4c94-9806-8a738fc79b80",
            "ticker": "KXHIGHNY-25APR25-B73.5",
            "count": 57,
            "created_time": "2025-04-24T17:42:28.869974Z",
            "yes_price": 20,
            "no_price": 80,
            "taker_side": "yes"
        },
        {
            "trade_id": "7f1b2abf-3b1e-44d3-abdb-d0aee89d8b5b",
            "ticker": "KXHIGHNY-25APR25-B73.5",
            "count": 40,
            "created_time": "2025-04-24T17:42:28.869974Z",
            "yes_price": 19,
            "no_price": 81,
            "taker_side": "yes"
        },
        {
            "trade_id": "49887a79-6a87-4087-a288-6467f479d10a",
            "ticker": "KXHIGHNY-25APR25-B73.5",
            "count": 40,
            "created_time": "2025-04-24T17:42:28.869974Z",
            "yes_price": 17,
            "no_price": 83,
            "taker_side": "yes"
        },
        {
            "trade_id": "e8ff2641-4d1c-4624-9530-6575382da157",
            "ticker": "KXHIGHNY-25APR25-B73.5",
            "count": 27,
            "created_time": "2025-04-24T17:25:22.395038Z",
            "yes_price": 17,
            "no_price": 83,
            "taker_side": "yes"
        },
        {
            "trade_id": "ab7180d8-725b-4ffc-8710-38063cac040a",
            "ticker": "KXHIGHNY-25APR25-B73.5",
            "count": 11,
            "created_time": "2025-04-24T14:08:00.178584Z",
            "yes_price": 5,
            "no_price": 95,
            "taker_side": "no"
        },
        {
            "trade_id": "2ad7672d-c629-407b-8c23-5c64f7884ea1",
            "ticker": "KXHIGHNY-25APR25-B73.5",
            "count": 44,
            "created_time": "2025-04-24T14:08:00.178584Z",
            "yes_price": 13,
            "no_price": 87,
            "taker_side": "no"
        }
    ],
    "KXHIGHNY-25APR25-B75.5": [
        {
            "trade_id": "c039f150-e1e8-4404-9011-344805abf700",
            "ticker": "KXHIGHNY-25APR25-B75.5",
            "count": 12,
            "created_time": "2025-04-25T22:25:32.514332Z",
            "yes_price": 1,
            "no_price": 99,
            "taker_side": "yes"
        },
        {
            "trade_id": "a4791698-5112-4e87-9620-4c437865b407",
            "ticker": "KXHIGHNY-25APR25-B75.5",
            "count": 79,
            "created_time": "2025-04-25T22:25:32.514332Z",
            "yes_price": 1,
            "no_price": 99,
            "taker_side": "yes"
        },
        {
            "trade_id": "3514961f-fe72-4f83-8d25-e30953173f8c",
            "ticker": "KXHIGHNY-25APR25-B75.5",
            "count": 1,
            "created_time": "2025-04-25T22:25:32.514332Z",
            "yes_price": 1,
            "no_price": 99,
            "taker_side": "yes"
        },
        {
            "trade_id": "397c749d-41e9-4d98-97f9-3840a211f748",
            "ticker": "KXHIGHNY-25APR25-B75.5",
            "count": 50,
            "created_time": "2025-04-25T21:43:58.407925Z",
            "yes_price": 1,
            "no_price": 99,
            "taker_side": "yes"
        },
        {
            "trade_id": "84a3e466-cbd6-4724-a4f3-d8187fd45a47",
            "ticker": "KXHIGHNY-25APR25-B75.5",
            "count": 20,
            "created_time": "2025-04-25T20:13:30.178487Z",
            "yes_price": 1,
            "no_price": 99,
            "taker_side": "yes"
        },
        {
            "trade_id": "9dfdada1-00cd-462a-aaf4-da7e83e64c95",
            "ticker": "KXHIGHNY-25APR25-B75.5",
            "count": 150,
            "created_time": "2025-04-25T20:04:53.358478Z",
            "yes_price": 1,
            "no_price": 99,
            "taker_side": "yes"
        },
        {
            "trade_id": "572bbf9f-a034-48ba-a195-796d78f6f59c",
            "ticker": "KXHIGHNY-25APR25-B75.5",
            "count": 187,
            "created_time": "2025-04-25T19:51:22.79353Z",
            "yes_price": 1,
            "no_price": 99,
            "taker_side": "yes"
        },
        {
            "trade_id": "9ed69e82-0fa2-4aea-be71-4ee5a0240191",
            "ticker": "KXHIGHNY-25APR25-B75.5",
            "count": 10,
            "created_time": "2025-04-25T19:50:04.555787Z",
            "yes_price": 1,
            "no_price": 99,
            "taker_side": "yes"
        },
        {
            "trade_id": "79cbe847-f2a8-47fe-b944-33b2dd88337e",
            "ticker": "KXHIGHNY-25APR25-B75.5",
            "count": 20,
            "created_time": "2025-04-25T19:50:04.555787Z",
            "yes_price": 1,
            "no_price": 99,
            "taker_side": "yes"
        },
        {
            "trade_id": "fb17a3ea-7ff4-4667-95c0-2065b8681b03",
            "ticker": "KXHIGHNY-25APR25-B75.5",
            "count": 200,
            "created_time": "2025-04-25T19:37:29.79889Z",
            "yes_price": 3,
            "no_price": 97,
            "taker_side": "yes"
        },
        {
            "trade_id": "f5914ee0-518a-4af3-9935-1ddf0a72b811",
            "ticker": "KXHIGHNY-25APR25-B75.5",
            "count": 500,
            "created_time": "2025-04-25T19:37:29.79889Z",
            "yes_price": 17,
            "no_price": 83,
            "taker_side": "yes"
        },
        {
