{
    "KXHIGHNY-25JAN23-T26": [
        {
            "trade_id": "d8d9be59-65a4-4046-adba-4c0493fe6ac5",
            "ticker": "KXHIGHNY-25JAN23-T26",
            "count": 1000,
            "created_time": "2025-01-23T15:52:04.375038Z",
            "yes_price": 1,
            "no_price": 99,
            "taker_side": "yes"
        },
        {
            "trade_id": "b308c42a-5e72-48a7-a1ff-7d68c664ae4c",
            "ticker": "KXHIGHNY-25JAN23-T26",
            "count": 135,
            "created_time": "2025-01-23T15:52:04.375038Z",
            "yes_price": 1,
            "no_price": 99,
            "taker_side": "yes"
        },
        {
            "trade_id": "d7184505-6d8c-4030-a40f-e83ea05807ef",
            "ticker": "KXHIGHNY-25JAN23-T26",
            "count": 115,
            "created_time": "2025-01-23T15:47:34.390719Z",
            "yes_price": 1,
            "no_price": 99,
            "taker_side": "yes"
        },
        {
            "trade_id": "6af10193-0c0e-4169-8ec7-bcb44f29c977",
            "ticker": "KXHIGHNY-25JAN23-T26",
            "count": 85,
            "created_time": "2025-01-23T15:47:34.390719Z",
            "yes_price": 1,
            "no_price": 99,
            "taker_side": "yes"
        },
        {
            "trade_id": "c247e39b-777b-4af0-b2be-745ce6076800",
            "ticker": "KXHIGHNY-25JAN23-T26",
            "count": 25,
            "created_time": "2025-01-23T14:59:25.044358Z",
            "yes_price": 1,
            "no_price": 99,
            "taker_side": "yes"
        },
        {
            "trade_id": "9c9372e8-4a53-42b1-81ab-28d4dd9b4a9d",
            "ticker": "KXHIGHNY-25JAN23-T26",
            "count": 190,
            "created_time": "2025-01-23T13:14:28.445781Z",
            "yes_price": 1,
            "no_price": 99,
            "taker_side": "no"
        },
        {
            "trade_id": "edd03af7-99cf-40cc-9cbf-f891a3d217ab",
            "ticker": "KXHIGHNY-25JAN23-T26",
            "count": 1,
            "created_time": "2025-01-23T06:09:20.43836Z",
            "yes_price": 4,
            "no_price": 96,
            "taker_side": "yes"
        },
        {
            "trade_id": "dcbf7183-378c-4f60-a92b-fb5782106628",
            "ticker": "KXHIGHNY-25JAN23-T26",
            "count": 21,
            "created_time": "2025-01-23T06:09:20.43836Z",
            "yes_price": 8,
            "no_price": 92,
            "taker_side": "yes"
        },
        {
            "trade_id": "c1bd0025-4c63-416b-96cf-9fdc17e9562c",
            "ticker": "KXHIGHNY-25JAN23-T26",
            "count": 1,
            "created_time": "2025-01-23T06:09:20.43836Z",
            "yes_price": 6,
            "no_price": 94,
            "taker_side": "yes"
        },
        {
            "trade_id": "abe88341-d90d-4014-9a8e-f9119646fdc2",
            "ticker": "KXHIGHNY-25JAN23-T26",
            "count": 1,
            "created_time": "2025-01-23T06:09:20.43836Z",
            "yes_price": 5,
            "no_price": 95,
            "taker_side": "yes"
        },
        {
            "trade_id": "65f111ba-0781-4769-b552-0651436d5976",
            "ticker": "KXHIGHNY-25JAN23-T26",
            "count": 46,
            "created_time": "2025-01-23T06:09:20.43836Z",
            "yes_price": 5,
            "no_price": 95,
            "taker_side": "yes"
        },
        {
            "trade_id": "53c17112-7635-4fc9-b2e7-fd4a2930c736",
            "ticker": "KXHIGHNY-25JAN23-T26",
            "count": 27,
            "created_time": "2025-01-23T06:09:20.43836Z",
            "yes_price": 5,
            "no_price": 95,
            "taker_side": "yes"
        },
        {
            "trade_id": "2a668c61-1cd9-4d04-996e-2238aa797981",
            "ticker": "KXHIGHNY-25JAN23-T26",
            "count": 180,
            "created_time": "2025-01-23T06:09:20.43836Z",
            "yes_price": 7,
            "no_price": 93,
            "taker_side": "yes"
        },
        {
            "trade_id": "205f2a5d-7196-4dc7-8a1c-b4d512f0c9f5",
            "ticker": "KXHIGHNY-25JAN23-T26",
            "count": 12,
            "created_time": "2025-01-23T06:09:20.43836Z",
            "yes_price": 5,
            "no_price": 95,
            "taker_side": "yes"
        },
        {
            "trade_id": "d7f4d094-3e20-4f32-8af2-a3c26280c17d",
            "ticker": "KXHIGHNY-25JAN23-T26",
            "count": 10,
            "created_time": "2025-01-23T03:36:36.983148Z",
            "yes_price": 1,
            "no_price": 99,
            "taker_side": "no"
        },
        {
            "trade_id": "51928316-3ac1-4a62-b409-721f5a851ba7",
            "ticker": "KXHIGHNY-25JAN23-T26",
            "count": 1,
            "created_time": "2025-01-22T17:30:22.196083Z",
            "yes_price": 4,
            "no_price": 96,
            "taker_side": "yes"
        }
    ],
    "KXHIGHNY-25JAN23-B26.5": [
        {
            "trade_id": "25f8747c-6078-4118-9a35-fad52ef5e87e",
            "ticker": "KXHIGHNY-25JAN23-B26.5",
            "count": 1,
            "created_time": "2025-01-24T03:03:41.000102Z",
            "yes_price": 1,
            "no_price": 99,
            "taker_side": "yes"
        },
        {
            "trade_id": "1ad2c2e3-1ca3-4265-a9bb-764b537d0cb4",
            "ticker": "KXHIGHNY-25JAN23-B26.5",
            "count": 166,
            "created_time": "2025-01-23T22:51:30.398886Z",
            "yes_price": 1,
            "no_price": 99,
            "taker_side": "yes"
        },
        {
            "trade_id": "c88a66b7-b909-4035-aa40-750d04e4e42b",
            "ticker": "KXHIGHNY-25JAN23-B26.5",
            "count": 5,
            "created_time": "2025-01-23T22:08:21.945836Z",
            "yes_price": 1,
            "no_price": 99,
            "taker_side": "yes"
        },
        {
            "trade_id": "0fb8b60c-cf4c-40f3-a27a-63c7b223934c",
            "ticker": "KXHIGHNY-25JAN23-B26.5",
            "count": 500,
            "created_time": "2025-01-23T22:04:57.159382Z",
            "yes_price": 1,
            "no_price": 99,
            "taker_side": "yes"
        },
        {
            "trade_id": "ab7d14f9-44e7-4f29-a40d-eca8725dc1a6",
            "ticker": "KXHIGHNY-25JAN23-B26.5",
            "count": 45,
            "created_time": "2025-01-23T22:04:10.834109Z",
            "yes_price": 1,
            "no_price": 99,
            "taker_side": "yes"
        },
        {
            "trade_id": "62bd76dc-32fa-4e9f-9b5f-eb07fa8a6f89",
            "ticker": "KXHIGHNY-25JAN23-B26.5",
            "count": 262,
            "created_time": "2025-01-23T22:04:10.834109Z",
            "yes_price": 1,
            "no_price": 99,
            "taker_side": "yes"
        },
        {
            "trade_id": "5250ab18-dd2a-4774-aa0a-8d13267ad203",
            "ticker": "KXHIGHNY-25JAN23-B26.5",
            "count": 1000,
            "created_time": "2025-01-23T22:04:10.834109Z",
            "yes_price": 1,
            "no_price": 99,
            "taker_side": "yes"
        },
        {
            "trade_id": "3109f9cf-f207-4c8b-a675-c7f7831e04a3",
            "ticker": "KXHIGHNY-25JAN23-B26.5",
            "count": 200,
            "created_time": "2025-01-23T21:18:10.574052Z",
            "yes_price": 1,
            "no_price": 99,
            "taker_side": "yes"
        },
        {
            "trade_id": "5a60eb40-53c3-4d07-ade2-4a7d9888ceee",
            "ticker": "KXHIGHNY-25JAN23-B26.5",
            "count": 100,
            "created_time": "2025-01-23T21:17:24.193703Z",
            "yes_price": 1,
            "no_price": 99,
            "taker_side": "yes"
        },
        {
            "trade_id": "28b8221e-4aed-434c-97f2-99eee22c93dd",
            "ticker": "KXHIGHNY-25JAN23-B26.5",
            "count": 93,
            "created_time": "2025-01-23T21:11:32.280761Z",
            "yes_price": 1,
            "no_price": 99,
            "taker_side": "yes"
        },
        {
            "trade_id": "cbc06c0a-0c8e-4e49-80af-bdaa4a4d5788",
            "ticker": "KXHIGHNY-25JAN23-B26.5",
            "count": 20,
            "created_time": "2025-01-23T21:10:14.431463Z",
            "yes_price": 1,
            "no_price": 99,
            "taker_side": "yes"
        },
        {
            "trade_id": "b66028cf-61f4-4721-93ef-afbacadbd9b9",
            "ticker": "KXHIGHNY-25JAN23-B26.5",
            "count": 93,
            "created_time": "2025-01-23T21:09:29.533436Z",
            "yes_price": 1,
            "no_price": 99,
            "taker_side": "yes"
        },
        {
            "trade_id": "f3ccf762-be34-4af7-97c7-3bd99306613c",
            "ticker": "KXHIGHNY-25JAN23-B26.5",
            "count": 300,
            "created_time": "2025-01-23T20:58:38.927221Z",
            "yes_price": 1,
            "no_price": 99,
            "taker_side": "yes"
        },
        {
            "trade_id": "566e7eff-5fa7-4748-824f-e60fa003ed03",
            "ticker": "KXHIGHNY-25JAN23-B26.5",
            "count": 93,
            "created_time": "2025-01-23T20:57:51.121351Z",
            "yes_price": 1,
            "no_price": 99,
            "taker_side": "yes"
        },
        {
            "trade_id": "1d120315-2d8a-45a8-95e8-582aa850ac17",
            "ticker": "KXHIGHNY-25JAN23-B26.5",
            "count": 227,
            "created_time": "2025-01-23T20:43:56.763535Z",
            "yes_price": 1,
            "no_price": 99,
            "taker_side": "yes"
        },
        {
            "trade_id": "dd64cbe4-0543-46e1-a160-e1c3300ec51f",
            "ticker": "KXHIGHNY-25JAN23-B26.5",
            "count": 90,
            "created_time": "2025-01-23T20:35:33.222576Z",
            "yes_price": 1,
            "no_price": 99,
            "taker_side": "yes"
        },
        {
            "trade_id": "67fbe86d-5083-47e4-8ec3-8b5a2c2a302d",
            "ticker": "KXHIGHNY-25JAN23-B26.5",
            "count": 93,
            "created_time": "2025-01-23T20:33:29.414209Z",
            "yes_price": 1,
            "no_price": 99,
            "taker_side": "yes"
        },
        {
            "trade_id": "cdaf9546-740d-4eb2-9062-9235cde4f9ce",
            "ticker": "KXHIGHNY-25JAN23-B26.5",
            "count": 7,
            "created_time": "2025-01-23T20:30:32.758443Z",
            "yes_price": 1,
            "no_price": 99,
            "taker_side": "yes"
        },
        {
            "trade_id": "d45a63d7-f01f-4659-84f7-bb155cf31111",
            "ticker": "KXHIGHNY-25JAN23-B26.5",
            "count": 100,
            "created_time": "2025-01-23T20:29:52.863766Z",
            "yes_price": 1,
            "no_price": 99,
            "taker_side": "yes"
        },
        {
            "trade_id": "92d694ca-a790-4eea-a6ad-44c5d5ed3f82",
            "ticker": "KXHIGHNY-25JAN23-B26.5",
            "count": 331,
            "created_time": "2025-01-23T20:24:02.097475Z",
            "yes_price": 1,
            "no_price": 99,
            "taker_side": "yes"
        },
        {
            "trade_id": "b880724f-fbf5-4786-9d41-15d1af4784b6",
            "ticker": "KXHIGHNY-25JAN23-B26.5",
            "count": 50,
            "created_time": "2025-01-23T20:20:56.881591Z",
            "yes_price": 1,
            "no_price": 99,
            "taker_side": "no"
        },
        {
            "trade_id": "6aba6024-6c19-45e2-b543-779fb29ce34f",
            "ticker": "KXHIGHNY-25JAN23-B26.5",
            "count": 1,
            "created_time": "2025-01-23T20:20:56.881591Z",
            "yes_price": 2,
            "no_price": 98,
            "taker_side": "no"
        },
        {
            "trade_id": "60cae920-77a0-4fa7-b0aa-357d6e816d58",
            "ticker": "KXHIGHNY-25JAN23-B26.5",
            "count": 440,
            "created_time": "2025-01-23T20:20:56.881591Z",
            "yes_price": 1,
            "no_price": 99,
            "taker_side": "no"
        },
        {
            "trade_id": "e517f358-b990-4106-b614-a9bf0c396311",
            "ticker": "KXHIGHNY-25JAN23-B26.5",
            "count": 6,
            "created_time": "2025-01-23T20:20:54.227677Z",
            "yes_price": 5,
            "no_price": 95,
            "taker_side": "yes"
        },
        {
            "trade_id": "fc8c9291-6118-4be3-8d88-19c59ae5d48f",
            "ticker": "KXHIGHNY-25JAN23-B26.5",
            "count": 2,
            "created_time": "2025-01-23T20:20:49.773082Z",
            "yes_price": 5,
            "no_price": 95,
            "taker_side": "yes"
        },
        {
            "trade_id": "bc169998-54e9-449d-8010-4ffb5893425f",
            "ticker": "KXHIGHNY-25JAN23-B26.5",
            "count": 281,
            "created_time": "2025-01-23T20:20:49.240908Z",
            "yes_price": 1,
            "no_price": 99,
            "taker_side": "no"
        },
        {
            "trade_id": "8fc37433-9675-4b53-a29d-d5219dfded31",
            "ticker": "KXHIGHNY-25JAN23-B26.5",
            "count": 66,
            "created_time": "2025-01-23T20:20:49.240908Z",
            "yes_price": 1,
            "no_price": 99,
            "taker_side": "no"
        },
        {
            "trade_id": "7cf9e6f4-2083-4d29-a139-658da6b6d8dd",
            "ticker": "KXHIGHNY-25JAN23-B26.5",
            "count": 495,
            "created_time": "2025-01-23T20:20:49.240908Z",
            "yes_price": 2,
            "no_price": 98,
            "taker_side": "no"
        },
        {
            "trade_id": "5d3026c0-fc9f-43a0-8a1a-d2046e485392",
            "ticker": "KXHIGHNY-25JAN23-B26.5",
            "count": 500,
            "created_time": "2025-01-23T20:20:49.240908Z",
            "yes_price": 3,
            "no_price": 97,
            "taker_side": "no"
        },
        {
            "trade_id": "3ae17595-075f-41c2-85ce-365cc4052f34",
            "ticker": "KXHIGHNY-25JAN23-B26.5",
            "count": 701,
            "created_time": "2025-01-23T20:20:49.240908Z",
            "yes_price": 1,
            "no_price": 99,
            "taker_side": "no"
        },
        {
            "trade_id": "ba304f2f-4fbf-4af2-9f55-533c3b06c2eb",
            "ticker": "KXHIGHNY-25JAN23-B26.5",
            "count": 3,
            "created_time": "2025-01-23T20:20:45.036642Z",
            "yes_price": 5,
            "no_price": 95,
            "taker_side": "yes"
        },
        {
            "trade_id": "c1339eb4-6c9f-4ff1-9791-e463dd06dbfc",
            "ticker": "KXHIGHNY-25JAN23-B26.5",
            "count": 5,
            "created_time": "2025-01-23T20:20:44.45369Z",
            "yes_price": 2,
            "no_price": 98,
            "taker_side": "no"
        },
        {
            "trade_id": "0f9d69da-2ada-4ca7-a725-c015d60b7822",
            "ticker": "KXHIGHNY-25JAN23-B26.5",
            "count": 5,
            "created_time": "2025-01-23T20:20:44.45369Z",
            "yes_price": 2,
            "no_price": 98,
            "taker_side": "no"
        },
        {
            "trade_id": "b5e32344-97ee-48c4-9ebf-a4d58884aa26",
            "ticker": "KXHIGHNY-25JAN23-B26.5",
            "count": 4,
            "created_time": "2025-01-23T20:20:40.925444Z",
            "yes_price": 5,
            "no_price": 95,
            "taker_side": "yes"
        },
        {
            "trade_id": "d62c4179-7030-4c5f-973b-ba103e7bf374",
            "ticker": "KXHIGHNY-25JAN23-B26.5",
            "count": 1000,
            "created_time": "2025-01-23T20:20:15.248028Z",
            "yes_price": 1,
            "no_price": 99,
            "taker_side": "no"
        },
        {
            "trade_id": "c2a860b2-df46-458e-9174-738e8cc55217",
            "ticker": "KXHIGHNY-25JAN23-B26.5",
            "count": 184,
            "created_time": "2025-01-23T20:20:15.248028Z",
            "yes_price": 7,
            "no_price": 93,
            "taker_side": "no"
        },
        {
            "trade_id": "8cca2a47-d857-4856-bafb-e673634a7229",
            "ticker": "KXHIGHNY-25JAN23-B26.5",
            "count": 2920,
            "created_time": "2025-01-23T20:20:15.248028Z",
            "yes_price": 2,
            "no_price": 98,
            "taker_side": "no"
        },
        {
            "trade_id": "6e273c62-c25b-4755-88a0-671086b7106e",
            "ticker": "KXHIGHNY-25JAN23-B26.5",
            "count": 919,
            "created_time": "2025-01-23T20:20:15.248028Z",
            "yes_price": 3,
            "no_price": 97,
            "taker_side": "no"
        },
        {
            "trade_id": "5b8882b9-8ef0-40a1-a877-ebe0a83ba4b6",
            "ticker": "KXHIGHNY-25JAN23-B26.5",
            "count": 500,
            "created_time": "2025-01-23T20:20:15.248028Z",
            "yes_price": 7,
            "no_price": 93,
            "taker_side": "no"
        },
        {
            "trade_id": "3dcb6d3c-f6d9-459d-b738-8c92b6ab7695",
            "ticker": "KXHIGHNY-25JAN23-B26.5",
            "count": 721,
            "created_time": "2025-01-23T20:20:15.248028Z",
            "yes_price": 1,
            "no_price": 99,
            "taker_side": "no"
        },
        {
            "trade_id": "1fcc77fa-99c7-41bf-85ea-459c2cdc6393",
            "ticker": "KXHIGHNY-25JAN23-B26.5",
            "count": 6,
            "created_time": "2025-01-23T20:20:15.248028Z",
            "yes_price": 9,
            "no_price": 91,
            "taker_side": "no"
        },
        {
            "trade_id": "d032f83f-cc84-414a-8ca8-2108417834ad",
            "ticker": "KXHIGHNY-25JAN23-B26.5",
            "count": 310,
            "created_time": "2025-01-23T20:17:46.621432Z",
            "yes_price": 8,
            "no_price": 92,
            "taker_side": "no"
        },
        {
            "trade_id": "65bc1d89-0c63-48a3-ae43-0bc2aaa97c49",
            "ticker": "KXHIGHNY-25JAN23-B26.5",
            "count": 3,
            "created_time": "2025-01-23T20:17:46.07745Z",
            "yes_price": 10,
            "no_price": 90,
            "taker_side": "yes"
        },
        {
            "trade_id": "e26d5e2a-7d51-499f-88be-2e0ebf908e45",
            "ticker": "KXHIGHNY-25JAN23-B26.5",
            "count": 12,
            "created_time": "2025-01-23T20:17:29.485277Z",
            "yes_price": 10,
            "no_price": 90,
            "taker_side": "no"
        },
        {
            "trade_id": "dd6343e1-5bf8-403d-bb15-399a22d4b067",
            "ticker": "KXHIGHNY-25JAN23-B26.5",
            "count": 6,
            "created_time": "2025-01-23T20:15:53.097784Z",
            "yes_price": 10,
            "no_price": 90,
            "taker_side": "no"
        },
        {
            "trade_id": "8e5d4bb1-d203-4dc3-99bf-12fd778629ce",
            "ticker": "KXHIGHNY-25JAN23-B26.5",
            "count": 5,
            "created_time": "2025-01-23T20:15:53.097784Z",
            "yes_price": 9,
            "no_price": 91,
            "taker_side": "no"
        },
        {
            "trade_id": "af15ee3d-32da-43df-9c06-34ed5c1ccdf5",
            "ticker": "KXHIGHNY-25JAN23-B26.5",
            "count": 8,
            "created_time": "2025-01-23T20:15:45.369147Z",
            "yes_price": 10,
            "no_price": 90,
            "taker_side": "no"
        },
        {
            "trade_id": "92d46873-a135-4625-a1ec-40c96d3f54a6",
            "ticker": "KXHIGHNY-25JAN23-B26.5",
            "count": 15,
            "created_time": "2025-01-23T20:12:28.543917Z",
            "yes_price": 8,
            "no_price": 92,
            "taker_side": "no"
        },
        {
            "trade_id": "f3bfffde-1d63-4fca-b33f-a6e9ebb7b0b0",
            "ticker": "KXHIGHNY-25JAN23-B26.5",
            "count": 1,
            "created_time": "2025-01-23T20:12:01.465502Z",
            "yes_price": 8,
            "no_price": 92,
            "taker_side": "no"
        },
        {
            "trade_id": "41732999-599c-4bcf-80ca-ccc67bfbd4c6",
            "ticker": "KXHIGHNY-25JAN23-B26.5",
            "count": 45,
            "created_time": "2025-01-23T20:11:51.713371Z",
            "yes_price": 21,
            "no_price": 79,
            "taker_side": "yes"
        },
        {
            "trade_id": "69648986-af6e-4f43-8f18-ca16a7f1ba0a",
            "ticker": "KXHIGHNY-25JAN23-B26.5",
            "count": 1,
            "created_time": "2025-01-23T20:11:37.295253Z",
            "yes_price": 9,
            "no_price": 91,
            "taker_side": "yes"
        },
        {
            "trade_id": "b201cb0c-a35a-4236-9eb8-e9018d599762",
            "ticker": "KXHIGHNY-25JAN23-B26.5",
            "count": 4,
            "created_time": "2025-01-23T20:11:37.173449Z",
            "yes_price": 9,
            "no_price": 91,
            "taker_side": "no"
        },
        {
            "trade_id": "ef563f20-f0d3-4357-be5d-47be9d7d58a8",
            "ticker": "KXHIGHNY-25JAN23-B26.5",
            "count": 10,
            "created_time": "2025-01-23T20:11:06.440797Z",
            "yes_price": 22,
            "no_price": 78,
            "taker_side": "yes"
        },
        {
            "trade_id": "d2b2e749-c4b6-432b-b4ef-2bf88a8e2b91",
            "ticker": "KXHIGHNY-25JAN23-B26.5",
            "count": 13,
            "created_time": "2025-01-23T20:11:06.440797Z",
            "yes_price": 16,
            "no_price": 84,
            "taker_side": "yes"
        },
        {
            "trade_id": "8efde65b-19ed-4542-b604-1911d4fa1a49",
            "ticker": "KXHIGHNY-25JAN23-B26.5",
            "count": 1,
            "created_time": "2025-01-23T20:11:06.440797Z",
            "yes_price": 22,
            "no_price": 78,
            "taker_side": "yes"
        },
        {
            "trade_id": "006d9cae-3191-43d6-bdad-c87a2ef1c94c",
            "ticker": "KXHIGHNY-25JAN23-B26.5",
            "count": 1,
            "created_time": "2025-01-23T20:11:06.440797Z",
            "yes_price": 15,
            "no_price": 85,
            "taker_side": "yes"
        },
        {
            "trade_id": "529dba3e-6b85-4eb5-b534-f2f8ff63bb23",
            "ticker": "KXHIGHNY-25JAN23-B26.5",
            "count": 6,
            "created_time": "2025-01-23T20:06:15.16861Z",
            "yes_price": 15,
            "no_price": 85,
            "taker_side": "no"
        },
        {
            "trade_id": "4812503e-779c-4acb-b1a8-ff48fcc09837",
            "ticker": "KXHIGHNY-25JAN23-B26.5",
            "count": 15,
            "created_time": "2025-01-23T20:03:38.259153Z",
            "yes_price": 22,
            "no_price": 78,
            "taker_side": "yes"
        },
        {
            "trade_id": "3bb2ebf7-06e6-497e-ae51-0089f2ec9cfe",
            "ticker": "KXHIGHNY-25JAN23-B26.5",
            "count": 6,
            "created_time": "2025-01-23T20:01:30.933303Z",
            "yes_price": 21,
            "no_price": 79,
            "taker_side": "yes"
        },
        {
            "trade_id": "db0f5498-2cf7-4594-a0a3-f9fd8608faa4",
            "ticker": "KXHIGHNY-25JAN23-B26.5",
            "count": 7,
            "created_time": "2025-01-23T20:01:08.128684Z",
            "yes_price": 22,
            "no_price": 78,
            "taker_side": "yes"
        },
        {
            "trade_id": "3f85f26b-261a-4d8b-9016-972d2f38e6b1",
            "ticker": "KXHIGHNY-25JAN23-B26.5",
            "count": 13,
            "created_time": "2025-01-23T20:01:08.128684Z",
            "yes_price": 13,
            "no_price": 87,
            "taker_side": "yes"
        },
        {
            "trade_id": "daf6bd4b-91f7-453d-9010-09c95170dbc7",
            "ticker": "KXHIGHNY-25JAN23-B26.5",
            "count": 8,
            "created_time": "2025-01-23T19:56:29.297329Z",
            "yes_price": 10,
            "no_price": 90,
            "taker_side": "yes"
        },
        {
            "trade_id": "ce2cc8ca-72ee-4211-a350-0803ca3dff4f",
            "ticker": "KXHIGHNY-25JAN23-B26.5",
            "count": 500,
            "created_time": "2025-01-23T19:56:29.297329Z",
            "yes_price": 11,
            "no_price": 89,
            "taker_side": "yes"
        },
        {
            "trade_id": "e560b471-8252-4cd6-9570-8788433494ef",
            "ticker": "KXHIGHNY-25JAN23-B26.5",
            "count": 2,
            "created_time": "2025-01-23T19:50:03.292944Z",
            "yes_price": 3,
            "no_price": 97,
            "taker_side": "no"
        },
        {
            "trade_id": "611e7d66-f991-4341-92df-6bc898536e7a",
            "ticker": "KXHIGHNY-25JAN23-B26.5",
            "count": 16,
            "created_time": "2025-01-23T19:50:03.292944Z",
            "yes_price": 3,
            "no_price": 97,
            "taker_side": "no"
        },
        {
            "trade_id": "e613f4ff-2dd0-4906-9f4a-a7b5380bdc55",
            "ticker": "KXHIGHNY-25JAN23-B26.5",
            "count": 6,
            "created_time": "2025-01-23T19:48:12.894282Z",
            "yes_price": 11,
            "no_price": 89,
            "taker_side": "yes"
        },
        {
            "trade_id": "4019797f-7804-456d-9340-ed515752ad41",
            "ticker": "KXHIGHNY-25JAN23-B26.5",
            "count": 11,
            "created_time": "2025-01-23T19:48:12.894282Z",
            "yes_price": 10,
            "no_price": 90,
            "taker_side": "yes"
        },
        {
            "trade_id": "6f02d61f-6ce7-4eb4-a2f6-30e3f35e9c96",
            "ticker": "KXHIGHNY-25JAN23-B26.5",
            "count": 71,
            "created_time": "2025-01-23T19:38:58.272051Z",
            "yes_price": 5,
            "no_price": 95,
            "taker_side": "no"
        },
        {
            "trade_id": "fd1217ed-f595-4f7b-9da4-4c03b141feb8",
            "ticker": "KXHIGHNY-25JAN23-B26.5",
            "count": 1,
            "created_time": "2025-01-23T19:38:55.62482Z",
            "yes_price": 6,
            "no_price": 94,
            "taker_side": "yes"
        },
        {
            "trade_id": "7eb2e558-8dd1-4cbe-8ce3-486b9eaa6902",
            "ticker": "KXHIGHNY-25JAN23-B26.5",
            "count": 1,
            "created_time": "2025-01-23T19:38:51.861539Z",
            "yes_price": 6,
            "no_price": 94,
            "taker_side": "yes"
        },
        {
            "trade_id": "6a9aa092-0d79-4e03-9c43-78c8eb67d326",
            "ticker": "KXHIGHNY-25JAN23-B26.5",
            "count": 1,
            "created_time": "2025-01-23T19:38:47.619426Z",
            "yes_price": 6,
            "no_price": 94,
            "taker_side": "yes"
        },
        {
            "trade_id": "10d3819c-2892-4e13-80d3-119526b3cf42",
            "ticker": "KXHIGHNY-25JAN23-B26.5",
            "count": 1,
            "created_time": "2025-01-23T19:38:43.150161Z",
            "yes_price": 6,
            "no_price": 94,
            "taker_side": "yes"
        },
        {
            "trade_id": "e49428c5-b8b7-4afc-9be9-03a424786cc4",
            "ticker": "KXHIGHNY-25JAN23-B26.5",
            "count": 50,
            "created_time": "2025-01-23T19:38:42.743196Z",
            "yes_price": 6,
            "no_price": 94,
            "taker_side": "yes"
        },
        {
            "trade_id": "e186e453-145e-46d6-9952-b761301239ac",
            "ticker": "KXHIGHNY-25JAN23-B26.5",
            "count": 2,
            "created_time": "2025-01-23T19:38:42.577526Z",
            "yes_price": 6,
            "no_price": 94,
            "taker_side": "no"
        },
        {
            "trade_id": "fdd21b9a-c487-49ef-9e46-69c41330f911",
            "ticker": "KXHIGHNY-25JAN23-B26.5",
            "count": 420,
            "created_time": "2025-01-23T19:36:34.951415Z",
            "yes_price": 10,
            "no_price": 90,
            "taker_side": "no"
        },
        {
            "trade_id": "9810e5db-e74d-4417-b806-987a6dce307e",
            "ticker": "KXHIGHNY-25JAN23-B26.5",
            "count": 5,
            "created_time": "2025-01-23T19:36:34.951415Z",
            "yes_price": 11,
            "no_price": 89,
            "taker_side": "no"
        },
        {
            "trade_id": "6aa560e5-1e0e-44fe-853e-83f3b928f66a",
            "ticker": "KXHIGHNY-25JAN23-B26.5",
            "count": 12,
            "created_time": "2025-01-23T19:30:29.901215Z",
            "yes_price": 12,
            "no_price": 88,
            "taker_side": "yes"
        },
        {
            "trade_id": "4b8cd7c8-055d-4cb6-aaaa-db86671c86b0",
            "ticker": "KXHIGHNY-25JAN23-B26.5",
            "count": 2,
            "created_time": "2025-01-23T19:30:29.901215Z",
            "yes_price": 11,
            "no_price": 89,
            "taker_side": "yes"
        },
        {
            "trade_id": "f6d85ddc-59b7-4507-a11c-28b31f1f5c77",
            "ticker": "KXHIGHNY-25JAN23-B26.5",
            "count": 1000,
            "created_time": "2025-01-23T19:30:18.441882Z",
            "yes_price": 10,
            "no_price": 90,
            "taker_side": "yes"
        },
        {
            "trade_id": "92e7f421-c568-42b6-b931-72ba0dadc404",
            "ticker": "KXHIGHNY-25JAN23-B26.5",
            "count": 116,
            "created_time": "2025-01-23T19:30:18.441882Z",
            "yes_price": 9,
            "no_price": 91,
            "taker_side": "yes"
        },
        {
            "trade_id": "ef0862a2-ea41-4501-b608-887efed045fa",
            "ticker": "KXHIGHNY-25JAN23-B26.5",
            "count": 11,
            "created_time": "2025-01-23T19:22:26.069407Z",
            "yes_price": 7,
            "no_price": 93,
            "taker_side": "yes"
        },
        {
            "trade_id": "1dc65c79-c555-4ee5-8a17-730e78a7b338",
            "ticker": "KXHIGHNY-25JAN23-B26.5",
            "count": 1000,
            "created_time": "2025-01-23T19:22:26.069407Z",
            "yes_price": 7,
            "no_price": 93,
            "taker_side": "yes"
        },
        {
            "trade_id": "a7351270-8c9d-4197-941b-96f0c71111ef",
            "ticker": "KXHIGHNY-25JAN23-B26.5",
            "count": 11,
            "created_time": "2025-01-23T19:19:23.576661Z",
            "yes_price": 7,
            "no_price": 93,
            "taker_side": "yes"
        },
        {
            "trade_id": "2c6ca843-a720-44b5-99d8-71e71a268831",
            "ticker": "KXHIGHNY-25JAN23-B26.5",
            "count": 289,
            "created_time": "2025-01-23T19:19:23.576661Z",
            "yes_price": 8,
            "no_price": 92,
            "taker_side": "yes"
        },
        {
            "trade_id": "1a911521-7c57-4274-b081-13a6dd61bda8",
            "ticker": "KXHIGHNY-25JAN23-B26.5",
            "count": 3,
            "created_time": "2025-01-23T19:18:50.704619Z",
            "yes_price": 7,
            "no_price": 93,
            "taker_side": "yes"
        },
        {
            "trade_id": "a95a0afc-6bb8-4937-b500-7380748c0adc",
            "ticker": "KXHIGHNY-25JAN23-B26.5",
            "count": 1,
            "created_time": "2025-01-23T19:17:57.834697Z",
            "yes_price": 7,
            "no_price": 93,
            "taker_side": "yes"
        },
        {
            "trade_id": "0cb5ef7f-08f2-4724-81a8-6d2b113cec0f",
            "ticker": "KXHIGHNY-25JAN23-B26.5",
            "count": 10,
            "created_time": "2025-01-23T19:17:57.834697Z",
            "yes_price": 8,
            "no_price": 92,
            "taker_side": "yes"
        },
        {
            "trade_id": "e91b49ab-8eba-4b37-aa4b-0cf9016cf544",
            "ticker": "KXHIGHNY-25JAN23-B26.5",
            "count": 7,
            "created_time": "2025-01-23T19:17:40.707544Z",
            "yes_price": 7,
            "no_price": 93,
            "taker_side": "yes"
        },
        {
            "trade_id": "af0a7784-5d7f-4ef7-bfda-6f4fdd087b27",
            "ticker": "KXHIGHNY-25JAN23-B26.5",
            "count": 293,
            "created_time": "2025-01-23T19:17:40.707544Z",
            "yes_price": 8,
            "no_price": 92,
            "taker_side": "yes"
        },
        {
            "trade_id": "84d79b80-4332-4e63-bba9-8e55ca20687b",
            "ticker": "KXHIGHNY-25JAN23-B26.5",
            "count": 8,
            "created_time": "2025-01-23T19:16:58.38149Z",
            "yes_price": 7,
            "no_price": 93,
            "taker_side": "yes"
        },
        {
            "trade_id": "7cba38db-87fa-40d3-8fa0-1c9a154b33b0",
            "ticker": "KXHIGHNY-25JAN23-B26.5",
            "count": 292,
            "created_time": "2025-01-23T19:16:58.38149Z",
            "yes_price": 8,
            "no_price": 92,
            "taker_side": "yes"
        },
        {
            "trade_id": "7eacc165-b46c-4021-accb-21290e6d341e",
            "ticker": "KXHIGHNY-25JAN23-B26.5",
            "count": 1,
            "created_time": "2025-01-23T19:14:17.676929Z",
            "yes_price": 3,
            "no_price": 97,
            "taker_side": "no"
        },
        {
            "trade_id": "53f47790-8801-4fab-b751-44192ddbd6e0",
            "ticker": "KXHIGHNY-25JAN23-B26.5",
            "count": 2,
            "created_time": "2025-01-23T19:11:32.108875Z",
            "yes_price": 3,
            "no_price": 97,
            "taker_side": "no"
        },
        {
            "trade_id": "6cc1fe29-7f47-450e-a4b6-27e3acbf7fa9",
            "ticker": "KXHIGHNY-25JAN23-B26.5",
            "count": 500,
            "created_time": "2025-01-23T19:11:31.591373Z",
            "yes_price": 4,
            "no_price": 96,
            "taker_side": "yes"
        },
        {
            "trade_id": "6a62e640-c3d9-4530-9b9e-fe299b1da593",
            "ticker": "KXHIGHNY-25JAN23-B26.5",
            "count": 2,
            "created_time": "2025-01-23T19:11:27.738684Z",
            "yes_price": 3,
            "no_price": 97,
            "taker_side": "no"
        },
        {
            "trade_id": "537fcf41-f3ea-4b70-8d7c-71724dfa5519",
            "ticker": "KXHIGHNY-25JAN23-B26.5",
            "count": 2,
            "created_time": "2025-01-23T19:11:24.562684Z",
            "yes_price": 3,
            "no_price": 97,
            "taker_side": "no"
        },
        {
            "trade_id": "4a604499-498c-4a7d-88d7-771786bdef85",
            "ticker": "KXHIGHNY-25JAN23-B26.5",
            "count": 1,
            "created_time": "2025-01-23T19:11:13.51097Z",
            "yes_price": 3,
            "no_price": 97,
            "taker_side": "no"
        },
        {
            "trade_id": "67863642-5c8b-4816-bf9d-6f79df8b3a59",
            "ticker": "KXHIGHNY-25JAN23-B26.5",
            "count": 1,
            "created_time": "2025-01-23T19:11:09.276524Z",
            "yes_price": 3,
            "no_price": 97,
            "taker_side": "no"
        },
        {
            "trade_id": "9c8a774d-5aaa-40c1-a488-22e6da52aa57",
            "ticker": "KXHIGHNY-25JAN23-B26.5",
            "count": 1,
            "created_time": "2025-01-23T19:11:05.905935Z",
            "yes_price": 3,
            "no_price": 97,
            "taker_side": "no"
        },
        {
            "trade_id": "66dea7ad-0779-4253-9562-915bbe1c1189",
            "ticker": "KXHIGHNY-25JAN23-B26.5",
            "count": 1,
            "created_time": "2025-01-23T19:11:02.578503Z",
            "yes_price": 3,
            "no_price": 97,
            "taker_side": "no"
        },
        {
            "trade_id": "d3c9ab98-ad6a-44a9-9da6-a414bc39d04d",
            "ticker": "KXHIGHNY-25JAN23-B26.5",
            "count": 200,
            "created_time": "2025-01-23T19:11:00.658566Z",
            "yes_price": 3,
            "no_price": 97,
            "taker_side": "no"
        },
        {
            "trade_id": "4cfa70ee-655a-47f9-a490-445a9965b694",
            "ticker": "KXHIGHNY-25JAN23-B26.5",
            "count": 1,
            "created_time": "2025-01-23T19:10:58.849579Z",
            "yes_price": 3,
            "no_price": 97,
            "taker_side": "no"
        },
        {
            "trade_id": "19ce5f6c-2b90-4167-a37c-ae9dd5e09321",
            "ticker": "KXHIGHNY-25JAN23-B26.5",
            "count": 1,
            "created_time": "2025-01-23T19:10:55.797406Z",
            "yes_price": 3,
            "no_price": 97,
            "taker_side": "no"
        },
        {
            "trade_id": "dce41a19-1518-4418-869b-b113916cd2f1",
            "ticker": "KXHIGHNY-25JAN23-B26.5",
            "count": 1,
            "created_time": "2025-01-23T19:10:52.760627Z",
            "yes_price": 3,
            "no_price": 97,
            "taker_side": "no"
        },
        {
            "trade_id": "65e51284-3c53-4028-baa9-966df7c8a59c",
            "ticker": "KXHIGHNY-25JAN23-B26.5",
            "count": 1,
            "created_time": "2025-01-23T19:10:49.011328Z",
            "yes_price": 3,
            "no_price": 97,
            "taker_side": "no"
        },
        {
            "trade_id": "1e4822b9-0369-4785-ba2a-e8a6fb272632",
            "ticker": "KXHIGHNY-25JAN23-B26.5",
            "count": 1,
            "created_time": "2025-01-23T19:10:45.371408Z",
            "yes_price": 3,
            "no_price": 97,
            "taker_side": "no"
        },
        {
            "trade_id": "0e62184d-c38c-4f98-99c3-15351e95454b",
            "ticker": "KXHIGHNY-25JAN23-B26.5",
            "count": 1,
            "created_time": "2025-01-23T19:10:41.397124Z",
            "yes_price": 3,
            "no_price": 97,
            "taker_side": "no"
        },
        {
            "trade_id": "bf487ef4-4003-404d-bdab-b594a912542f",
            "ticker": "KXHIGHNY-25JAN23-B26.5",
            "count": 2,
            "created_time": "2025-01-23T19:10:36.593226Z",
            "yes_price": 3,
            "no_price": 97,
            "taker_side": "no"
        },
        {
            "trade_id": "4fc12cee-fc6b-4e45-9420-d3a3e4d7ef27",
            "ticker": "KXHIGHNY-25JAN23-B26.5",
            "count": 2,
            "created_time": "2025-01-23T19:10:31.766112Z",
            "yes_price": 3,
            "no_price": 97,
            "taker_side": "no"
        },
        {
            "trade_id": "daaa71fd-d5d1-46a1-99a3-ab023e035375",
            "ticker": "KXHIGHNY-25JAN23-B26.5",
            "count": 7,
            "created_time": "2025-01-23T19:09:38.281621Z",
            "yes_price": 6,
            "no_price": 94,
            "taker_side": "yes"
        },
        {
            "trade_id": "0d05b079-f95b-46e9-89e9-67774e4fefd1",
            "ticker": "KXHIGHNY-25JAN23-B26.5",
            "count": 5,
            "created_time": "2025-01-23T19:09:38.281621Z",
            "yes_price": 7,
            "no_price": 93,
            "taker_side": "yes"
        },
        {
            "trade_id": "faa3a686-98e6-4d74-9d41-9b63eb84bf5b",
            "ticker": "KXHIGHNY-25JAN23-B26.5",
            "count": 13,
            "created_time": "2025-01-23T18:57:08.361844Z",
            "yes_price": 15,
            "no_price": 85,
            "taker_side": "yes"
        },
        {
            "trade_id": "e3adcebf-4cae-400d-9238-96b5d5c8ebcb",
            "ticker": "KXHIGHNY-25JAN23-B26.5",
            "count": 37,
            "created_time": "2025-01-23T18:57:08.361844Z",
            "yes_price": 13,
            "no_price": 87,
            "taker_side": "yes"
        },
        {
            "trade_id": "7dcf0565-9f5a-4ae9-9b87-8d3f854c5617",
            "ticker": "KXHIGHNY-25JAN23-B26.5",
            "count": 11,
            "created_time": "2025-01-23T18:57:08.361844Z",
            "yes_price": 14,
            "no_price": 86,
            "taker_side": "yes"
        },
        {
            "trade_id": "08a5400c-043e-41cc-a430-0274845f3fdb",
            "ticker": "KXHIGHNY-25JAN23-B26.5",
            "count": 600,
            "created_time": "2025-01-23T18:57:08.361844Z",
            "yes_price": 14,
            "no_price": 86,
            "taker_side": "yes"
        },
        {
            "trade_id": "edfcede5-c837-400a-9140-0c64f57f05e5",
            "ticker": "KXHIGHNY-25JAN23-B26.5",
            "count": 1000,
            "created_time": "2025-01-23T18:56:11.537094Z",
            "yes_price": 4,
            "no_price": 96,
            "taker_side": "yes"
        },
        {
            "trade_id": "a175018b-aa9a-450f-8da3-cda9b6f8a758",
            "ticker": "KXHIGHNY-25JAN23-B26.5",
            "count": 200,
            "created_time": "2025-01-23T18:56:11.537094Z",
            "yes_price": 3,
            "no_price": 97,
            "taker_side": "yes"
        },
        {
            "trade_id": "90700e6c-ef16-432c-a246-7643d0bf0e56",
            "ticker": "KXHIGHNY-25JAN23-B26.5",
            "count": 750,
            "created_time": "2025-01-23T18:56:11.537094Z",
            "yes_price": 9,
            "no_price": 91,
            "taker_side": "yes"
        },
        {
            "trade_id": "5428b0c1-e492-4c08-aa2b-cc88c7ab24b9",
            "ticker": "KXHIGHNY-25JAN23-B26.5",
            "count": 420,
            "created_time": "2025-01-23T18:56:11.537094Z",
            "yes_price": 10,
            "no_price": 90,
            "taker_side": "yes"
        },
        {
            "trade_id": "1cfe3394-7aac-4694-a4c2-60f8ea1d77d7",
            "ticker": "KXHIGHNY-25JAN23-B26.5",
            "count": 500,
            "created_time": "2025-01-23T18:56:11.537094Z",
            "yes_price": 11,
            "no_price": 89,
            "taker_side": "yes"
        },
        {
            "trade_id": "1cf7e14e-070a-4151-b896-2bfcbccfca55",
            "ticker": "KXHIGHNY-25JAN23-B26.5",
            "count": 1,
            "created_time": "2025-01-23T18:56:11.537094Z",
            "yes_price": 3,
            "no_price": 97,
            "taker_side": "yes"
        },
        {
            "trade_id": "0685f947-33e3-49ec-8470-30c38dcfffd0",
            "ticker": "KXHIGHNY-25JAN23-B26.5",
            "count": 1000,
            "created_time": "2025-01-23T18:55:52.014989Z",
            "yes_price": 2,
            "no_price": 98,
            "taker_side": "yes"
        },
        {
            "trade_id": "0838ba06-032d-4c2a-b515-286b46b503db",
            "ticker": "KXHIGHNY-25JAN23-B26.5",
            "count": 1000,
            "created_time": "2025-01-23T18:54:46.716381Z",
            "yes_price": 2,
            "no_price": 98,
            "taker_side": "yes"
        },
        {
            "trade_id": "576e3656-2ec2-4b55-8640-63bbeb7bccf9",
            "ticker": "KXHIGHNY-25JAN23-B26.5",
            "count": 50,
            "created_time": "2025-01-23T18:54:23.957547Z",
            "yes_price": 1,
            "no_price": 99,
            "taker_side": "no"
        },
        {
            "trade_id": "b50934e9-be67-4c27-97ed-2b28682f94b1",
            "ticker": "KXHIGHNY-25JAN23-B26.5",
            "count": 1,
            "created_time": "2025-01-23T18:48:56.034401Z",
            "yes_price": 2,
            "no_price": 98,
            "taker_side": "yes"
        },
        {
            "trade_id": "53aff5e1-8764-4b8a-ac7b-29e0f5f2f6fe",
            "ticker": "KXHIGHNY-25JAN23-B26.5",
            "count": 1,
            "created_time": "2025-01-23T18:42:58.009084Z",
            "yes_price": 2,
            "no_price": 98,
            "taker_side": "yes"
        },
        {
            "trade_id": "2fb430d6-8006-422c-b106-868a6175d217",
            "ticker": "KXHIGHNY-25JAN23-B26.5",
            "count": 1,
            "created_time": "2025-01-23T18:42:54.604936Z",
            "yes_price": 2,
            "no_price": 98,
            "taker_side": "yes"
        },
        {
            "trade_id": "8d20bba2-9347-46ca-8b85-3c31d8ece0cd",
            "ticker": "KXHIGHNY-25JAN23-B26.5",
            "count": 1,
            "created_time": "2025-01-23T18:42:50.760044Z",
            "yes_price": 2,
            "no_price": 98,
            "taker_side": "yes"
        },
        {
            "trade_id": "351fe1b7-f5e6-451c-bffd-91b5352fe345",
            "ticker": "KXHIGHNY-25JAN23-B26.5",
            "count": 1,
            "created_time": "2025-01-23T18:42:46.404796Z",
            "yes_price": 2,
            "no_price": 98,
            "taker_side": "yes"
        },
        {
            "trade_id": "e94508f1-5a9b-4731-a35b-a3ca834295b5",
            "ticker": "KXHIGHNY-25JAN23-B26.5",
            "count": 1,
            "created_time": "2025-01-23T18:42:42.697537Z",
            "yes_price": 2,
            "no_price": 98,
            "taker_side": "yes"
        },
        {
            "trade_id": "00936be8-9504-4004-93e8-a260e03bfa02",
            "ticker": "KXHIGHNY-25JAN23-B26.5",
            "count": 1,
            "created_time": "2025-01-23T18:42:39.032738Z",
            "yes_price": 2,
            "no_price": 98,
            "taker_side": "yes"
        },
        {
            "trade_id": "2b01fac1-0b08-48a0-921c-936ba553e8e7",
            "ticker": "KXHIGHNY-25JAN23-B26.5",
            "count": 1,
            "created_time": "2025-01-23T18:42:35.802445Z",
            "yes_price": 2,
            "no_price": 98,
            "taker_side": "yes"
        },
        {
            "trade_id": "76f85dfe-7431-4e04-93a4-16278e13e132",
            "ticker": "KXHIGHNY-25JAN23-B26.5",
            "count": 1,
            "created_time": "2025-01-23T18:42:32.208547Z",
            "yes_price": 2,
            "no_price": 98,
            "taker_side": "yes"
        },
        {
            "trade_id": "9094bd7d-d5fb-4d02-8d42-366a06b55273",
            "ticker": "KXHIGHNY-25JAN23-B26.5",
            "count": 1,
            "created_time": "2025-01-23T18:42:26.512408Z",
            "yes_price": 2,
            "no_price": 98,
            "taker_side": "yes"
        },
        {
            "trade_id": "5898e474-4205-4ec2-bbf0-bac319df4568",
            "ticker": "KXHIGHNY-25JAN23-B26.5",
            "count": 1,
            "created_time": "2025-01-23T18:41:58.90664Z",
            "yes_price": 2,
            "no_price": 98,
            "taker_side": "yes"
        },
        {
            "trade_id": "427cca83-b36d-403a-9645-372f4ce5da80",
            "ticker": "KXHIGHNY-25JAN23-B26.5",
            "count": 1,
            "created_time": "2025-01-23T18:41:55.046703Z",
            "yes_price": 2,
            "no_price": 98,
            "taker_side": "yes"
        },
        {
            "trade_id": "75d857e4-4a28-43c6-9c54-8663730f1816",
            "ticker": "KXHIGHNY-25JAN23-B26.5",
            "count": 1,
            "created_time": "2025-01-23T18:41:47.658435Z",
            "yes_price": 2,
            "no_price": 98,
            "taker_side": "yes"
        },
        {
            "trade_id": "02376070-53da-445e-a69e-517ed01de756",
            "ticker": "KXHIGHNY-25JAN23-B26.5",
            "count": 1,
            "created_time": "2025-01-23T18:41:44.290965Z",
            "yes_price": 2,
            "no_price": 98,
            "taker_side": "yes"
        },
        {
            "trade_id": "93632abf-f55d-4963-8375-dc0aacb80b36",
            "ticker": "KXHIGHNY-25JAN23-B26.5",
            "count": 1,
            "created_time": "2025-01-23T18:41:40.752855Z",
            "yes_price": 2,
            "no_price": 98,
            "taker_side": "yes"
        },
        {
            "trade_id": "0cb4f178-2240-4cd0-bfb1-3945d1e73632",
            "ticker": "KXHIGHNY-25JAN23-B26.5",
            "count": 1,
            "created_time": "2025-01-23T18:41:36.968547Z",
            "yes_price": 2,
            "no_price": 98,
            "taker_side": "yes"
        },
        {
            "trade_id": "c253d6a2-1a13-492a-9ff0-4fcdae1f6f08",
            "ticker": "KXHIGHNY-25JAN23-B26.5",
            "count": 1,
            "created_time": "2025-01-23T18:28:34.206708Z",
            "yes_price": 2,
            "no_price": 98,
            "taker_side": "yes"
        },
        {
            "trade_id": "abde7dca-ad9d-410a-a833-a982184ae5ef",
            "ticker": "KXHIGHNY-25JAN23-B26.5",
            "count": 1,
            "created_time": "2025-01-23T18:28:31.06144Z",
            "yes_price": 2,
            "no_price": 98,
            "taker_side": "yes"
        },
        {
            "trade_id": "eb0bbe99-5d0e-4c28-bbfd-9c3a6260c676",
            "ticker": "KXHIGHNY-25JAN23-B26.5",
            "count": 15,
            "created_time": "2025-01-23T18:28:21.331316Z",
            "yes_price": 1,
            "no_price": 99,
            "taker_side": "no"
        },
        {
            "trade_id": "f9894a20-129a-42cf-8656-f678ae72f8f7",
            "ticker": "KXHIGHNY-25JAN23-B26.5",
            "count": 5,
            "created_time": "2025-01-23T18:22:05.951571Z",
            "yes_price": 1,
            "no_price": 99,
            "taker_side": "no"
        },
        {
            "trade_id": "feae5597-fc82-4c45-9edb-b8a7455fe1f3",
            "ticker": "KXHIGHNY-25JAN23-B26.5",
            "count": 144,
            "created_time": "2025-01-23T18:19:02.192622Z",
            "yes_price": 1,
            "no_price": 99,
            "taker_side": "no"
        },
        {
            "trade_id": "cadd507e-32c6-48a9-8a08-e56a9ddd8dd9",
            "ticker": "KXHIGHNY-25JAN23-B26.5",
            "count": 25,
            "created_time": "2025-01-23T18:19:02.192622Z",
            "yes_price": 1,
            "no_price": 99,
            "taker_side": "no"
        },
        {
            "trade_id": "6fe2eea6-d2fd-48d6-86fa-3b9ed3683f30",
            "ticker": "KXHIGHNY-25JAN23-B26.5",
            "count": 68,
            "created_time": "2025-01-23T18:19:02.192622Z",
            "yes_price": 1,
            "no_price": 99,
            "taker_side": "no"
        },
        {
            "trade_id": "4f7c0619-7b56-4629-bd5b-552ca6efc943",
            "ticker": "KXHIGHNY-25JAN23-B26.5",
            "count": 562,
            "created_time": "2025-01-23T18:13:07.489434Z",
            "yes_price": 2,
            "no_price": 98,
            "taker_side": "no"
        },
        {
            "trade_id": "7281b025-7638-4bba-bd17-52bdac450bab",
            "ticker": "KXHIGHNY-25JAN23-B26.5",
            "count": 500,
            "created_time": "2025-01-23T18:11:17.053302Z",
            "yes_price": 3,
            "no_price": 97,
            "taker_side": "yes"
        },
        {
            "trade_id": "bf2ac112-7678-48c8-8abf-0cc1c18166e3",
            "ticker": "KXHIGHNY-25JAN23-B26.5",
            "count": 62,
            "created_time": "2025-01-23T18:04:48.906491Z",
            "yes_price": 3,
            "no_price": 97,
            "taker_side": "yes"
        },
        {
            "trade_id": "1f417082-4e8c-4496-a36e-02e130161ffc",
            "ticker": "KXHIGHNY-25JAN23-B26.5",
            "count": 1,
            "created_time": "2025-01-23T18:01:53.517008Z",
            "yes_price": 2,
            "no_price": 98,
            "taker_side": "yes"
        },
        {
            "trade_id": "7b13b74d-fcb8-4d41-ac7c-f651b6bd7061",
            "ticker": "KXHIGHNY-25JAN23-B26.5",
            "count": 1,
            "created_time": "2025-01-23T18:01:45.488952Z",
            "yes_price": 2,
            "no_price": 98,
            "taker_side": "yes"
        },
        {
            "trade_id": "37bafb9b-9f1d-42da-b556-cfc4ab4dca58",
            "ticker": "KXHIGHNY-25JAN23-B26.5",
            "count": 1,
            "created_time": "2025-01-23T17:58:57.631641Z",
            "yes_price": 2,
            "no_price": 98,
            "taker_side": "yes"
        },
        {
            "trade_id": "f63d873d-e75f-43cf-a99f-a6f56dccc77f",
            "ticker": "KXHIGHNY-25JAN23-B26.5",
            "count": 2,
            "created_time": "2025-01-23T17:58:55.055882Z",
            "yes_price": 2,
            "no_price": 98,
            "taker_side": "yes"
        },
        {
            "trade_id": "85e08a95-57f9-4742-b804-582a59bf76c4",
            "ticker": "KXHIGHNY-25JAN23-B26.5",
            "count": 3,
            "created_time": "2025-01-23T17:58:08.929759Z",
            "yes_price": 1,
            "no_price": 99,
            "taker_side": "no"
        },
        {
            "trade_id": "6c3f6656-e84b-4d3f-b441-c192f0eb435e",
            "ticker": "KXHIGHNY-25JAN23-B26.5",
            "count": 2,
            "created_time": "2025-01-23T17:58:08.929759Z",
            "yes_price": 2,
            "no_price": 98,
            "taker_side": "no"
        },
        {
            "trade_id": "ad960589-30d6-4eb1-9483-f28aa9d628f8",
            "ticker": "KXHIGHNY-25JAN23-B26.5",
            "count": 1,
            "created_time": "2025-01-23T17:57:41.929817Z",
            "yes_price": 2,
            "no_price": 98,
            "taker_side": "no"
        },
        {
            "trade_id": "9b26778a-5765-4e05-8641-c4bbe86f5299",
            "ticker": "KXHIGHNY-25JAN23-B26.5",
            "count": 14,
            "created_time": "2025-01-23T17:57:41.929817Z",
            "yes_price": 1,
            "no_price": 99,
            "taker_side": "no"
        },
        {
            "trade_id": "b1f2280c-c6e0-44ef-9c72-8bfba0a6dccb",
            "ticker": "KXHIGHNY-25JAN23-B26.5",
            "count": 55,
            "created_time": "2025-01-23T17:55:16.279268Z",
            "yes_price": 7,
            "no_price": 93,
            "taker_side": "yes"
        },
        {
            "trade_id": "adf5469d-9b09-4488-85ef-dcad69ecd93b",
            "ticker": "KXHIGHNY-25JAN23-B26.5",
            "count": 13,
            "created_time": "2025-01-23T17:55:16.279268Z",
            "yes_price": 6,
            "no_price": 94,
            "taker_side": "yes"
        },
        {
            "trade_id": "f3893b32-2e74-4fac-84b5-505250f9ed43",
            "ticker": "KXHIGHNY-25JAN23-B26.5",
            "count": 2,
            "created_time": "2025-01-23T17:55:05.677082Z",
            "yes_price": 3,
            "no_price": 97,
            "taker_side": "no"
        },
        {
            "trade_id": "c8202c78-f2b2-427a-87e7-c988fafe96f0",
            "ticker": "KXHIGHNY-25JAN23-B26.5",
            "count": 190,
            "created_time": "2025-01-23T17:55:05.677082Z",
            "yes_price": 1,
            "no_price": 99,
            "taker_side": "no"
        },
        {
            "trade_id": "02266e4e-3194-4281-9491-a630fa13ba91",
            "ticker": "KXHIGHNY-25JAN23-B26.5",
            "count": 498,
            "created_time": "2025-01-23T17:55:05.677082Z",
            "yes_price": 2,
            "no_price": 98,
            "taker_side": "no"
        },
        {
            "trade_id": "c1d7536a-38a7-43f8-8a52-9e9c5934b3df",
            "ticker": "KXHIGHNY-25JAN23-B26.5",
            "count": 1,
            "created_time": "2025-01-23T17:55:02.251332Z",
            "yes_price": 3,
            "no_price": 97,
            "taker_side": "no"
        },
        {
            "trade_id": "b36b8c17-4981-4adf-84d4-a74ac67098e9",
            "ticker": "KXHIGHNY-25JAN23-B26.5",
            "count": 2,
            "created_time": "2025-01-23T17:55:02.251332Z",
            "yes_price": 2,
            "no_price": 98,
            "taker_side": "no"
        },
        {
            "trade_id": "1cbba8c8-d530-4dab-b4d1-fc916455a5ff",
            "ticker": "KXHIGHNY-25JAN23-B26.5",
            "count": 50,
            "created_time": "2025-01-23T17:55:01.602962Z",
            "yes_price": 4,
            "no_price": 96,
            "taker_side": "no"
        },
        {
            "trade_id": "140efb31-1e76-4d48-9813-ff8817bbb699",
            "ticker": "KXHIGHNY-25JAN23-B26.5",
            "count": 2084,
            "created_time": "2025-01-23T17:47:43.829106Z",
            "yes_price": 5,
            "no_price": 95,
            "taker_side": "no"
        },
        {
            "trade_id": "53f4d2d5-e477-418c-830d-3ed6ed35eb95",
            "ticker": "KXHIGHNY-25JAN23-B26.5",
            "count": 200,
            "created_time": "2025-01-23T17:47:07.631433Z",
            "yes_price": 5,
            "no_price": 95,
            "taker_side": "no"
        },
        {
            "trade_id": "620fbc32-0568-4d56-a95b-632437d4a458",
            "ticker": "KXHIGHNY-25JAN23-B26.5",
            "count": 1,
            "created_time": "2025-01-23T17:44:23.397917Z",
            "yes_price": 6,
            "no_price": 94,
            "taker_side": "no"
        },
        {
            "trade_id": "52222c2c-b8d5-42a5-ac13-899af20361fc",
            "ticker": "KXHIGHNY-25JAN23-B26.5",
            "count": 165,
            "created_time": "2025-01-23T17:44:23.397917Z",
            "yes_price": 5,
            "no_price": 95,
            "taker_side": "no"
        },
        {
            "trade_id": "93ff2f6d-824c-4181-9be7-752b9d81b2ff",
            "ticker": "KXHIGHNY-25JAN23-B26.5",
            "count": 4,
            "created_time": "2025-01-23T17:42:16.808637Z",
            "yes_price": 6,
            "no_price": 94,
            "taker_side": "no"
        },
        {
            "trade_id": "45b745c4-74d2-48f3-9d92-a10878be1cd1",
            "ticker": "KXHIGHNY-25JAN23-B26.5",
            "count": 685,
            "created_time": "2025-01-23T17:41:33.252643Z",
            "yes_price": 6,
            "no_price": 94,
            "taker_side": "no"
        },
        {
            "trade_id": "8f13c13f-6deb-49c5-b29d-90416f490512",
            "ticker": "KXHIGHNY-25JAN23-B26.5",
            "count": 1,
            "created_time": "2025-01-23T17:40:51.867227Z",
            "yes_price": 6,
            "no_price": 94,
            "taker_side": "no"
        },
        {
            "trade_id": "3cf41f99-dd86-4995-9928-8aeee9a90f10",
            "ticker": "KXHIGHNY-25JAN23-B26.5",
            "count": 83,
            "created_time": "2025-01-23T17:38:05.434409Z",
            "yes_price": 5,
            "no_price": 95,
            "taker_side": "no"
        },
        {
            "trade_id": "05f87f4f-3593-4d6c-ad17-3fb6116b1a11",
            "ticker": "KXHIGHNY-25JAN23-B26.5",
            "count": 50,
            "created_time": "2025-01-23T17:35:01.164239Z",
            "yes_price": 5,
            "no_price": 95,
            "taker_side": "no"
        },
        {
            "trade_id": "5a4abdd5-fb88-4a2a-9bd4-5f9dbd3723ab",
            "ticker": "KXHIGHNY-25JAN23-B26.5",
            "count": 31,
            "created_time": "2025-01-23T17:25:56.47568Z",
            "yes_price": 6,
            "no_price": 94,
            "taker_side": "no"
        },
        {
            "trade_id": "d5f5f002-8e1c-493d-be0e-fe49e433bd73",
            "ticker": "KXHIGHNY-25JAN23-B26.5",
            "count": 2,
            "created_time": "2025-01-23T17:25:31.857034Z",
            "yes_price": 6,
            "no_price": 94,
            "taker_side": "no"
        },
        {
            "trade_id": "99d9ee10-1a4c-4227-8a51-1af2a415113c",
            "ticker": "KXHIGHNY-25JAN23-B26.5",
            "count": 15,
            "created_time": "2025-01-23T17:21:26.346599Z",
            "yes_price": 9,
            "no_price": 91,
            "taker_side": "yes"
        },
        {
            "trade_id": "85af8239-ad5b-480a-b177-5dec01d6ea52",
            "ticker": "KXHIGHNY-25JAN23-B26.5",
            "count": 33,
            "created_time": "2025-01-23T17:21:26.346599Z",
            "yes_price": 10,
            "no_price": 90,
            "taker_side": "yes"
        },
        {
            "trade_id": "7705e2b7-44d7-4e1a-9c2f-1cdffcf76923",
            "ticker": "KXHIGHNY-25JAN23-B26.5",
            "count": 15,
            "created_time": "2025-01-23T17:18:32.879682Z",
            "yes_price": 6,
            "no_price": 94,
            "taker_side": "yes"
        },
        {
            "trade_id": "329d61e2-536a-4d19-90ba-1f5a523dc7df",
            "ticker": "KXHIGHNY-25JAN23-B26.5",
            "count": 157,
            "created_time": "2025-01-23T17:13:15.5477Z",
            "yes_price": 5,
            "no_price": 95,
            "taker_side": "no"
        },
        {
            "trade_id": "5846aaa5-929e-426e-8d46-b4102ce2e4c5",
            "ticker": "KXHIGHNY-25JAN23-B26.5",
            "count": 200,
            "created_time": "2025-01-23T17:12:39.618495Z",
            "yes_price": 5,
            "no_price": 95,
            "taker_side": "no"
        },
        {
            "trade_id": "1e8f8f3f-02f7-491b-92a4-abb2b6b953c0",
            "ticker": "KXHIGHNY-25JAN23-B26.5",
            "count": 52,
            "created_time": "2025-01-23T17:12:35.462029Z",
            "yes_price": 5,
            "no_price": 95,
            "taker_side": "no"
        },
        {
            "trade_id": "7f811084-4a1c-43c8-b462-5e44344b4395",
            "ticker": "KXHIGHNY-25JAN23-B26.5",
            "count": 5,
            "created_time": "2025-01-23T17:08:18.432218Z",
            "yes_price": 5,
            "no_price": 95,
            "taker_side": "no"
        },
        {
            "trade_id": "1316fa20-b215-40f9-924c-3aa386f0b391",
            "ticker": "KXHIGHNY-25JAN23-B26.5",
            "count": 100,
            "created_time": "2025-01-23T17:05:55.775304Z",
            "yes_price": 6,
            "no_price": 94,
            "taker_side": "yes"
        },
        {
            "trade_id": "313453e3-da45-4bb8-a530-ea0d72c0cf3c",
            "ticker": "KXHIGHNY-25JAN23-B26.5",
            "count": 1,
            "created_time": "2025-01-23T17:04:37.615847Z",
            "yes_price": 5,
            "no_price": 95,
            "taker_side": "no"
        },
        {
            "trade_id": "1576e30d-9a5a-45ac-9a91-ccc6ba9fa734",
            "ticker": "KXHIGHNY-25JAN23-B26.5",
            "count": 1,
            "created_time": "2025-01-23T17:04:31.687699Z",
            "yes_price": 5,
            "no_price": 95,
            "taker_side": "no"
        },
        {
            "trade_id": "434343d1-cf2a-49e4-9da5-b757a2b93f4a",
            "ticker": "KXHIGHNY-25JAN23-B26.5",
            "count": 1,
            "created_time": "2025-01-23T17:04:29.52831Z",
            "yes_price": 5,
            "no_price": 95,
            "taker_side": "no"
        },
        {
            "trade_id": "0c45f012-53b6-4a18-ad4b-786aa5df025a",
            "ticker": "KXHIGHNY-25JAN23-B26.5",
            "count": 1,
            "created_time": "2025-01-23T17:04:26.862763Z",
            "yes_price": 5,
            "no_price": 95,
            "taker_side": "no"
        },
        {
            "trade_id": "dd4226e6-a71c-4cfd-89f2-807a4acd4ff5",
            "ticker": "KXHIGHNY-25JAN23-B26.5",
            "count": 4,
            "created_time": "2025-01-23T16:54:11.123269Z",
            "yes_price": 6,
            "no_price": 94,
            "taker_side": "no"
        },
        {
            "trade_id": "edfae51b-26f1-42a6-b938-60e50def7c73",
            "ticker": "KXHIGHNY-25JAN23-B26.5",
            "count": 500,
            "created_time": "2025-01-23T16:45:03.387128Z",
            "yes_price": 9,
            "no_price": 91,
            "taker_side": "yes"
        },
        {
            "trade_id": "940efdbc-16b0-4042-b04b-ff571958bc6f",
            "ticker": "KXHIGHNY-25JAN23-B26.5",
            "count": 100,
            "created_time": "2025-01-23T16:37:46.207532Z",
            "yes_price": 5,
            "no_price": 95,
            "taker_side": "no"
        },
        {
            "trade_id": "cd51efb0-7919-4e36-b5cc-309b200ec9ec",
            "ticker": "KXHIGHNY-25JAN23-B26.5",
            "count": 130,
            "created_time": "2025-01-23T16:32:11.80793Z",
            "yes_price": 7,
            "no_price": 93,
            "taker_side": "yes"
        },
        {
            "trade_id": "98f51d08-f07f-4a90-a9b2-50deb201ff3e",
            "ticker": "KXHIGHNY-25JAN23-B26.5",
            "count": 50,
            "created_time": "2025-01-23T16:31:42.605634Z",
            "yes_price": 6,
            "no_price": 94,
            "taker_side": "no"
        },
        {
            "trade_id": "12ca2e62-3407-437e-adc3-fb0b4a18da4b",
            "ticker": "KXHIGHNY-25JAN23-B26.5",
            "count": 21,
            "created_time": "2025-01-23T16:31:42.605634Z",
            "yes_price": 6,
            "no_price": 94,
            "taker_side": "no"
        },
        {
            "trade_id": "255ad877-1992-4b88-8c27-25af1ae1f70c",
            "ticker": "KXHIGHNY-25JAN23-B26.5",
            "count": 1,
            "created_time": "2025-01-23T16:31:39.939568Z",
            "yes_price": 6,
            "no_price": 94,
            "taker_side": "no"
        },
        {
            "trade_id": "f9a65fa9-42ec-4b27-aec0-98d3e9784fd2",
            "ticker": "KXHIGHNY-25JAN23-B26.5",
            "count": 1,
            "created_time": "2025-01-23T16:26:38.79823Z",
            "yes_price": 7,
            "no_price": 93,
            "taker_side": "no"
        },
        {
            "trade_id": "c9bff1a4-11f3-42a5-9911-7b351d659f10",
            "ticker": "KXHIGHNY-25JAN23-B26.5",
            "count": 3,
            "created_time": "2025-01-23T16:25:17.333596Z",
            "yes_price": 10,
            "no_price": 90,
            "taker_side": "yes"
        },
        {
            "trade_id": "22e7c85f-4f82-4691-8409-a9dfa0721098",
            "ticker": "KXHIGHNY-25JAN23-B26.5",
            "count": 2,
            "created_time": "2025-01-23T16:24:24.693766Z",
            "yes_price": 7,
            "no_price": 93,
            "taker_side": "no"
        },
        {
            "trade_id": "d106f793-8013-48a0-8dd5-8f42e8769c51",
            "ticker": "KXHIGHNY-25JAN23-B26.5",
            "count": 158,
            "created_time": "2025-01-23T16:21:27.069007Z",
            "yes_price": 6,
            "no_price": 94,
            "taker_side": "no"
        },
        {
            "trade_id": "18f39d5a-bbf3-4e73-82cd-6ab851588ebf",
            "ticker": "KXHIGHNY-25JAN23-B26.5",
            "count": 10,
            "created_time": "2025-01-23T16:12:08.278867Z",
            "yes_price": 10,
            "no_price": 90,
            "taker_side": "yes"
        },
        {
            "trade_id": "e20fa8ed-71b4-44e3-b9d5-ae79b00d4fa1",
            "ticker": "KXHIGHNY-25JAN23-B26.5",
            "count": 1,
            "created_time": "2025-01-23T16:09:20.885717Z",
            "yes_price": 10,
            "no_price": 90,
            "taker_side": "yes"
        },
        {
            "trade_id": "26150192-5deb-4546-875c-073ec402634a",
            "ticker": "KXHIGHNY-25JAN23-B26.5",
            "count": 1,
            "created_time": "2025-01-23T16:09:13.610179Z",
            "yes_price": 11,
            "no_price": 89,
            "taker_side": "no"
        },
        {
            "trade_id": "29862590-0746-4ce4-8bd1-c5c64f989bfb",
            "ticker": "KXHIGHNY-25JAN23-B26.5",
            "count": 5,
            "created_time": "2025-01-23T16:07:48.956203Z",
            "yes_price": 11,
            "no_price": 89,
            "taker_side": "no"
        },
        {
            "trade_id": "f213ac1b-dc3c-41e3-9d9d-25b7d9614087",
            "ticker": "KXHIGHNY-25JAN23-B26.5",
            "count": 180,
            "created_time": "2025-01-23T16:06:10.169923Z",
            "yes_price": 19,
            "no_price": 81,
            "taker_side": "yes"
        },
        {
            "trade_id": "2e274f3c-20e7-4402-b823-51b455735786",
            "ticker": "KXHIGHNY-25JAN23-B26.5",
            "count": 7,
            "created_time": "2025-01-23T16:06:10.169923Z",
            "yes_price": 16,
            "no_price": 84,
            "taker_side": "yes"
        },
        {
            "trade_id": "89d73fb0-4eff-4a52-a811-59a8df632318",
            "ticker": "KXHIGHNY-25JAN23-B26.5",
            "count": 12,
            "created_time": "2025-01-23T16:05:56.486268Z",
            "yes_price": 16,
            "no_price": 84,
            "taker_side": "yes"
        },
        {
            "trade_id": "32507d70-a28c-4edf-8282-8dded842c95a",
            "ticker": "KXHIGHNY-25JAN23-B26.5",
            "count": 6,
            "created_time": "2025-01-23T16:05:42.60926Z",
            "yes_price": 14,
            "no_price": 86,
            "taker_side": "yes"
        },
        {
            "trade_id": "f64ce89a-2fc0-4492-b977-ae9fcefb22c3",
            "ticker": "KXHIGHNY-25JAN23-B26.5",
            "count": 22,
            "created_time": "2025-01-23T16:04:53.848732Z",
            "yes_price": 8,
            "no_price": 92,
            "taker_side": "no"
        },
        {
            "trade_id": "ba9103ee-ec10-449a-a69a-72896ded253c",
            "ticker": "KXHIGHNY-25JAN23-B26.5",
            "count": 27,
            "created_time": "2025-01-23T16:04:53.848732Z",
            "yes_price": 9,
            "no_price": 91,
            "taker_side": "no"
        },
        {
            "trade_id": "4da7da29-f5fd-426d-a6ad-439a00f91426",
            "ticker": "KXHIGHNY-25JAN23-B26.5",
            "count": 10,
            "created_time": "2025-01-23T16:04:53.848732Z",
            "yes_price": 9,
            "no_price": 91,
            "taker_side": "no"
        },
        {
            "trade_id": "dabea822-e515-4e01-8fdd-4ff129d56ba9",
            "ticker": "KXHIGHNY-25JAN23-B26.5",
            "count": 1,
            "created_time": "2025-01-23T16:04:09.549787Z",
            "yes_price": 14,
            "no_price": 86,
            "taker_side": "yes"
        },
        {
            "trade_id": "4cf6553a-2e83-4c37-a0c4-53777fd0965e",
            "ticker": "KXHIGHNY-25JAN23-B26.5",
            "count": 1,
            "created_time": "2025-01-23T16:04:00.42866Z",
            "yes_price": 14,
            "no_price": 86,
            "taker_side": "yes"
        },
        {
            "trade_id": "ee3ae9bb-d92b-4489-8f14-d9f826d54357",
            "ticker": "KXHIGHNY-25JAN23-B26.5",
            "count": 10,
            "created_time": "2025-01-23T16:03:59.451265Z",
            "yes_price": 13,
            "no_price": 87,
            "taker_side": "no"
        },
        {
            "trade_id": "3a1d532d-3d04-4932-87bc-875da8176912",
            "ticker": "KXHIGHNY-25JAN23-B26.5",
            "count": 1,
            "created_time": "2025-01-23T16:03:56.742134Z",
            "yes_price": 14,
            "no_price": 86,
            "taker_side": "yes"
        },
        {
            "trade_id": "264159a4-6be2-4865-9b99-b57229e5059d",
            "ticker": "KXHIGHNY-25JAN23-B26.5",
            "count": 1,
            "created_time": "2025-01-23T16:03:54.132048Z",
            "yes_price": 14,
            "no_price": 86,
            "taker_side": "yes"
        },
        {
            "trade_id": "149c566c-458a-4d0b-8a91-0abdf82d442c",
            "ticker": "KXHIGHNY-25JAN23-B26.5",
            "count": 1,
            "created_time": "2025-01-23T16:03:47.593172Z",
            "yes_price": 14,
            "no_price": 86,
            "taker_side": "yes"
        },
        {
            "trade_id": "6922f25a-8d25-485c-8c78-63554a6cd511",
            "ticker": "KXHIGHNY-25JAN23-B26.5",
            "count": 1,
            "created_time": "2025-01-23T16:03:43.853868Z",
            "yes_price": 14,
            "no_price": 86,
            "taker_side": "yes"
        },
        {
            "trade_id": "e49fa928-6058-4d9e-b09e-f61e1385cda5",
            "ticker": "KXHIGHNY-25JAN23-B26.5",
            "count": 3,
            "created_time": "2025-01-23T16:03:25.647157Z",
            "yes_price": 13,
            "no_price": 87,
            "taker_side": "yes"
        },
        {
            "trade_id": "eb60d92c-2e88-4036-b809-2a53e4a31757",
            "ticker": "KXHIGHNY-25JAN23-B26.5",
            "count": 10,
            "created_time": "2025-01-23T16:01:38.253213Z",
            "yes_price": 11,
            "no_price": 89,
            "taker_side": "no"
        },
        {
            "trade_id": "c2bf70e9-1caa-4f54-a7a8-6f2e2d168d77",
            "ticker": "KXHIGHNY-25JAN23-B26.5",
            "count": 13,
            "created_time": "2025-01-23T16:00:01.580386Z",
            "yes_price": 12,
            "no_price": 88,
            "taker_side": "yes"
        },
        {
            "trade_id": "6254abe7-08f9-4dd3-8606-a4d290d0a437",
            "ticker": "KXHIGHNY-25JAN23-B26.5",
            "count": 1,
            "created_time": "2025-01-23T16:00:01.580386Z",
            "yes_price": 12,
            "no_price": 88,
            "taker_side": "yes"
        },
        {
            "trade_id": "6026c722-4339-4dd7-aa84-79f5c9cc868a",
            "ticker": "KXHIGHNY-25JAN23-B26.5",
            "count": 1,
            "created_time": "2025-01-23T15:59:40.636554Z",
            "yes_price": 11,
            "no_price": 89,
            "taker_side": "yes"
        },
        {
            "trade_id": "344ddc67-d7cf-4599-9ae7-4c446c278dfd",
            "ticker": "KXHIGHNY-25JAN23-B26.5",
            "count": 13,
            "created_time": "2025-01-23T15:59:40.636554Z",
            "yes_price": 11,
            "no_price": 89,
            "taker_side": "yes"
        },
        {
            "trade_id": "b1c3e4a0-6eb3-4358-b575-cf35c6aa3a7e",
            "ticker": "KXHIGHNY-25JAN23-B26.5",
            "count": 7,
            "created_time": "2025-01-23T15:59:28.22997Z",
            "yes_price": 11,
            "no_price": 89,
            "taker_side": "no"
        },
        {
            "trade_id": "bf282f9c-6a78-439e-a5f8-235ee793c445",
            "ticker": "KXHIGHNY-25JAN23-B26.5",
            "count": 13,
            "created_time": "2025-01-23T15:59:28.176401Z",
            "yes_price": 11,
            "no_price": 89,
            "taker_side": "yes"
        },
        {
            "trade_id": "11ca33e7-1c43-4137-ad05-12383fe73268",
            "ticker": "KXHIGHNY-25JAN23-B26.5",
            "count": 25,
            "created_time": "2025-01-23T15:54:25.632061Z",
            "yes_price": 10,
            "no_price": 90,
            "taker_side": "yes"
        },
        {
            "trade_id": "3558a5df-fe9f-4441-b089-b10b53f25735",
            "ticker": "KXHIGHNY-25JAN23-B26.5",
            "count": 1,
            "created_time": "2025-01-23T15:52:59.663497Z",
            "yes_price": 8,
            "no_price": 92,
            "taker_side": "yes"
        },
        {
            "trade_id": "da6e30e6-9734-45cf-bbd3-ab3678427e96",
            "ticker": "KXHIGHNY-25JAN23-B26.5",
            "count": 2,
            "created_time": "2025-01-23T15:52:45.082543Z",
            "yes_price": 8,
            "no_price": 92,
            "taker_side": "yes"
        },
        {
            "trade_id": "fb1f02dd-8f9b-4e92-8a20-70cdafa3914d",
            "ticker": "KXHIGHNY-25JAN23-B26.5",
            "count": 50,
            "created_time": "2025-01-23T15:49:27.685181Z",
            "yes_price": 11,
            "no_price": 89,
            "taker_side": "yes"
        },
        {
            "trade_id": "ddf64f71-0f2d-45b6-9167-e33f536b6066",
            "ticker": "KXHIGHNY-25JAN23-B26.5",
            "count": 4,
            "created_time": "2025-01-23T15:49:27.685181Z",
            "yes_price": 11,
            "no_price": 89,
            "taker_side": "yes"
        },
        {
            "trade_id": "8ffbd4c6-20f0-4ff6-a773-72da9a4effb3",
            "ticker": "KXHIGHNY-25JAN23-B26.5",
            "count": 4,
            "created_time": "2025-01-23T15:49:27.685181Z",
            "yes_price": 9,
            "no_price": 91,
            "taker_side": "yes"
        },
        {
            "trade_id": "d9e1cb8c-e5dc-4d0f-b33f-5886da069b40",
            "ticker": "KXHIGHNY-25JAN23-B26.5",
            "count": 6,
            "created_time": "2025-01-23T15:45:32.249426Z",
            "yes_price": 8,
            "no_price": 92,
            "taker_side": "yes"
        },
        {
            "trade_id": "c061a718-72ea-42df-ab12-ad117190a88a",
            "ticker": "KXHIGHNY-25JAN23-B26.5",
            "count": 87,
            "created_time": "2025-01-23T15:45:32.249426Z",
            "yes_price": 8,
            "no_price": 92,
            "taker_side": "yes"
        },
        {
            "trade_id": "9566caed-0c35-4e87-8556-c8de077a53c5",
            "ticker": "KXHIGHNY-25JAN23-B26.5",
            "count": 7,
            "created_time": "2025-01-23T15:45:32.249426Z",
            "yes_price": 10,
            "no_price": 90,
            "taker_side": "yes"
        },
        {
            "trade_id": "43643048-247f-4084-a387-2fd768723255",
            "ticker": "KXHIGHNY-25JAN23-B26.5",
            "count": 5,
            "created_time": "2025-01-23T15:44:53.5902Z",
            "yes_price": 6,
            "no_price": 94,
            "taker_side": "yes"
        },
        {
            "trade_id": "3656c060-6c5e-44f2-8b1a-9ead1b92d47e",
            "ticker": "KXHIGHNY-25JAN23-B26.5",
            "count": 180,
            "created_time": "2025-01-23T15:44:53.5902Z",
            "yes_price": 7,
            "no_price": 93,
            "taker_side": "yes"
        },
        {
            "trade_id": "eeb02858-1e33-4618-aeec-26c9e7b4f6b0",
            "ticker": "KXHIGHNY-25JAN23-B26.5",
            "count": 2,
            "created_time": "2025-01-23T15:42:35.050301Z",
            "yes_price": 5,
            "no_price": 95,
            "taker_side": "no"
        },
        {
            "trade_id": "d40a40d3-2edb-4e5e-ab81-d138befc9d19",
            "ticker": "KXHIGHNY-25JAN23-B26.5",
            "count": 10,
            "created_time": "2025-01-23T15:42:11.76376Z",
            "yes_price": 7,
            "no_price": 93,
            "taker_side": "yes"
        },
        {
            "trade_id": "4b4cf381-e152-4689-8f56-d86b2976a006",
            "ticker": "KXHIGHNY-25JAN23-B26.5",
            "count": 25,
            "created_time": "2025-01-23T15:42:11.76376Z",
            "yes_price": 6,
            "no_price": 94,
            "taker_side": "yes"
        },
        {
            "trade_id": "ca75e7c1-1905-4947-9643-7b2c4e932563",
            "ticker": "KXHIGHNY-25JAN23-B26.5",
            "count": 10,
            "created_time": "2025-01-23T15:41:29.414564Z",
            "yes_price": 5,
            "no_price": 95,
            "taker_side": "no"
        },
        {
            "trade_id": "ad21f248-e55d-45ef-8db6-53c741973d16",
            "ticker": "KXHIGHNY-25JAN23-B26.5",
            "count": 1,
            "created_time": "2025-01-23T15:41:08.918083Z",
            "yes_price": 5,
            "no_price": 95,
            "taker_side": "yes"
        },
        {
            "trade_id": "061bbe81-46bf-45d9-9799-95d559e99573",
            "ticker": "KXHIGHNY-25JAN23-B26.5",
            "count": 1,
            "created_time": "2025-01-23T15:40:39.54757Z",
            "yes_price": 5,
            "no_price": 95,
            "taker_side": "yes"
        },
        {
            "trade_id": "9eaff5ce-4173-47ba-b0ef-e69ce0f9361c",
            "ticker": "KXHIGHNY-25JAN23-B26.5",
            "count": 12,
            "created_time": "2025-01-23T15:40:07.83113Z",
            "yes_price": 5,
            "no_price": 95,
            "taker_side": "yes"
        },
        {
            "trade_id": "81823c2d-d4da-4e43-8eb8-cb243b422ff7",
            "ticker": "KXHIGHNY-25JAN23-B26.5",
            "count": 2,
            "created_time": "2025-01-23T15:40:07.83113Z",
            "yes_price": 4,
            "no_price": 96,
            "taker_side": "yes"
        },
        {
            "trade_id": "64de6ece-25cd-404f-baa3-a3fe455afaf1",
            "ticker": "KXHIGHNY-25JAN23-B26.5",
            "count": 5,
            "created_time": "2025-01-23T15:40:07.83113Z",
            "yes_price": 4,
            "no_price": 96,
            "taker_side": "yes"
        },
        {
            "trade_id": "3bf3e918-7dfb-4b18-80d6-b422b4e0a422",
            "ticker": "KXHIGHNY-25JAN23-B26.5",
            "count": 15,
            "created_time": "2025-01-23T15:40:07.83113Z",
            "yes_price": 5,
            "no_price": 95,
            "taker_side": "yes"
        },
        {
            "trade_id": "1c39ee15-c1eb-4f51-9f47-9506fe614ed8",
            "ticker": "KXHIGHNY-25JAN23-B26.5",
            "count": 1,
            "created_time": "2025-01-23T15:40:07.83113Z",
            "yes_price": 5,
            "no_price": 95,
            "taker_side": "yes"
        },
        {
            "trade_id": "907761a9-af8a-45cd-aad9-518bea70470a",
            "ticker": "KXHIGHNY-25JAN23-B26.5",
            "count": 1,
            "created_time": "2025-01-23T15:36:44.341678Z",
            "yes_price": 4,
            "no_price": 96,
            "taker_side": "yes"
        },
        {
            "trade_id": "e27916e8-c2fc-48f5-b6b8-da4999107b22",
            "ticker": "KXHIGHNY-25JAN23-B26.5",
            "count": 1,
            "created_time": "2025-01-23T15:36:42.052687Z",
            "yes_price": 4,
            "no_price": 96,
            "taker_side": "no"
        },
        {
            "trade_id": "feb13cec-a3f4-40d5-940c-ea30a871c4f5",
            "ticker": "KXHIGHNY-25JAN23-B26.5",
            "count": 75,
            "created_time": "2025-01-23T15:35:59.88335Z",
            "yes_price": 6,
            "no_price": 94,
            "taker_side": "yes"
        },
        {
            "trade_id": "d528a318-edcf-44ac-acd9-7f5b89ab8864",
            "ticker": "KXHIGHNY-25JAN23-B26.5",
            "count": 86,
            "created_time": "2025-01-23T15:35:59.88335Z",
            "yes_price": 5,
            "no_price": 95,
            "taker_side": "yes"
        },
        {
            "trade_id": "c5f85db0-90f7-459d-b6b1-05772660ecc1",
            "ticker": "KXHIGHNY-25JAN23-B26.5",
            "count": 5,
            "created_time": "2025-01-23T15:35:59.88335Z",
            "yes_price": 5,
            "no_price": 95,
            "taker_side": "yes"
        },
        {
            "trade_id": "4171a8d8-15ba-42dc-a8ed-b631a3ee0c85",
            "ticker": "KXHIGHNY-25JAN23-B26.5",
            "count": 89,
            "created_time": "2025-01-23T15:35:32.649543Z",
            "yes_price": 4,
            "no_price": 96,
            "taker_side": "yes"
        },
        {
            "trade_id": "2bbb3418-603c-49a9-966c-7e35a25fa08f",
            "ticker": "KXHIGHNY-25JAN23-B26.5",
            "count": 200,
            "created_time": "2025-01-23T15:35:32.649543Z",
            "yes_price": 5,
            "no_price": 95,
            "taker_side": "yes"
        },
        {
            "trade_id": "c55ea8fa-a5df-4e2d-9182-f36c85fc6e4d",
            "ticker": "KXHIGHNY-25JAN23-B26.5",
            "count": 9,
            "created_time": "2025-01-23T15:34:16.921661Z",
            "yes_price": 3,
            "no_price": 97,
            "taker_side": "yes"
        },
        {
            "trade_id": "2af3a8ae-65cd-4597-a943-ab71599f9277",
            "ticker": "KXHIGHNY-25JAN23-B26.5",
            "count": 5,
            "created_time": "2025-01-23T15:34:16.921661Z",
            "yes_price": 3,
            "no_price": 97,
            "taker_side": "yes"
        },
        {
            "trade_id": "8f038af1-1366-4e62-96b9-ae35c836fda6",
            "ticker": "KXHIGHNY-25JAN23-B26.5",
            "count": 190,
            "created_time": "2025-01-23T15:20:18.518264Z",
            "yes_price": 2,
            "no_price": 98,
            "taker_side": "yes"
        },
        {
            "trade_id": "07d92839-3681-4b91-9b84-e72417406f52",
            "ticker": "KXHIGHNY-25JAN23-B26.5",
            "count": 3,
            "created_time": "2025-01-23T15:20:18.518264Z",
            "yes_price": 1,
            "no_price": 99,
            "taker_side": "yes"
        },
        {
            "trade_id": "70cf5261-d2e8-498a-b0f6-50fedf6a6540",
            "ticker": "KXHIGHNY-25JAN23-B26.5",
            "count": 13,
            "created_time": "2025-01-23T15:16:52.034121Z",
            "yes_price": 1,
            "no_price": 99,
            "taker_side": "yes"
        },
        {
            "trade_id": "f88a8796-7623-4820-865b-a4f473f5342f",
            "ticker": "KXHIGHNY-25JAN23-B26.5",
            "count": 10,
            "created_time": "2025-01-23T15:15:04.175156Z",
            "yes_price": 1,
            "no_price": 99,
            "taker_side": "yes"
        },
        {
            "trade_id": "78b47953-d99f-4384-9655-6f53d60349e1",
            "ticker": "KXHIGHNY-25JAN23-B26.5",
            "count": 20,
            "created_time": "2025-01-23T15:09:38.814835Z",
            "yes_price": 1,
            "no_price": 99,
            "taker_side": "yes"
        },
        {
            "trade_id": "fc32b5b7-5df5-43b3-adab-10fff3531114",
            "ticker": "KXHIGHNY-25JAN23-B26.5",
            "count": 14,
            "created_time": "2025-01-23T15:06:09.930962Z",
            "yes_price": 1,
            "no_price": 99,
            "taker_side": "yes"
        },
        {
            "trade_id": "94fedb82-2192-4386-920e-4639e7c17dcd",
            "ticker": "KXHIGHNY-25JAN23-B26.5",
            "count": 1,
            "created_time": "2025-01-23T15:02:36.433564Z",
            "yes_price": 1,
            "no_price": 99,
            "taker_side": "no"
        },
        {
            "trade_id": "11143c61-9935-4f51-b9cb-11473a4de4ca",
            "ticker": "KXHIGHNY-25JAN23-B26.5",
            "count": 190,
            "created_time": "2025-01-23T13:32:17.710974Z",
            "yes_price": 1,
            "no_price": 99,
            "taker_side": "no"
        },
        {
            "trade_id": "91abcf5d-7394-4fbe-82d0-628ac841bc60",
            "ticker": "KXHIGHNY-25JAN23-B26.5",
            "count": 100,
            "created_time": "2025-01-23T13:14:41.212637Z",
            "yes_price": 1,
            "no_price": 99,
            "taker_side": "no"
        },
        {
            "trade_id": "3fbf338c-655d-4c6d-add2-b16d0e4741ec",
            "ticker": "KXHIGHNY-25JAN23-B26.5",
            "count": 3,
            "created_time": "2025-01-23T05:31:24.550887Z",
            "yes_price": 6,
            "no_price": 94,
            "taker_side": "yes"
        },
        {
            "trade_id": "23680ed8-8e85-4257-8f35-de0123fc7891",
            "ticker": "KXHIGHNY-25JAN23-B26.5",
            "count": 10,
            "created_time": "2025-01-23T03:37:05.273408Z",
            "yes_price": 1,
            "no_price": 99,
            "taker_side": "no"
        },
        {
            "trade_id": "de941fad-ccf7-401d-8381-4a64e2293e6a",
            "ticker": "KXHIGHNY-25JAN23-B26.5",
            "count": 1,
            "created_time": "2025-01-23T03:30:19.232335Z",
            "yes_price": 6,
            "no_price": 94,
            "taker_side": "yes"
        },
        {
            "trade_id": "8d4cce35-7108-4a24-985d-b50c7537e039",
            "ticker": "KXHIGHNY-25JAN23-B26.5",
            "count": 1,
            "created_time": "2025-01-23T03:30:19.232335Z",
            "yes_price": 6,
            "no_price": 94,
            "taker_side": "yes"
        },
        {
            "trade_id": "199b1ad3-4b2d-45c5-aa5d-82583bd844dd",
            "ticker": "KXHIGHNY-25JAN23-B26.5",
            "count": 33,
            "created_time": "2025-01-23T03:30:19.232335Z",
            "yes_price": 6,
            "no_price": 94,
            "taker_side": "yes"
        },
        {
            "trade_id": "068cf0a5-768c-4d36-ba1d-c3b1eb3841d3",
            "ticker": "KXHIGHNY-25JAN23-B26.5",
            "count": 1,
            "created_time": "2025-01-23T03:30:19.232335Z",
            "yes_price": 6,
            "no_price": 94,
            "taker_side": "yes"
        },
        {
            "trade_id": "82d1ebe4-8e8f-4dcf-b241-4b5df18c02ba",
            "ticker": "KXHIGHNY-25JAN23-B26.5",
            "count": 59,
            "created_time": "2025-01-23T01:29:47.977852Z",
            "yes_price": 4,
            "no_price": 96,
            "taker_side": "yes"
        },
        {
            "trade_id": "3e9cc839-567b-4078-93d6-808b48cf0897",
            "ticker": "KXHIGHNY-25JAN23-B26.5",
            "count": 12,
            "created_time": "2025-01-22T23:22:12.44226Z",
            "yes_price": 3,
            "no_price": 97,
            "taker_side": "no"
        },
        {
            "trade_id": "bb42d128-a2c8-47f5-9d25-a4fcdee76dec",
            "ticker": "KXHIGHNY-25JAN23-B26.5",
            "count": 106,
            "created_time": "2025-01-22T22:39:49.305465Z",
            "yes_price": 4,
            "no_price": 96,
            "taker_side": "no"
        },
        {
            "trade_id": "5c8c59e9-3aae-40a7-99d4-376106053993",
            "ticker": "KXHIGHNY-25JAN23-B26.5",
            "count": 35,
            "created_time": "2025-01-22T22:39:49.305465Z",
            "yes_price": 4,
            "no_price": 96,
            "taker_side": "no"
        },
        {
            "trade_id": "39b1271b-0866-4f0b-9871-a4460a58dcb8",
            "ticker": "KXHIGHNY-25JAN23-B26.5",
            "count": 7,
            "created_time": "2025-01-22T19:31:48.524104Z",
            "yes_price": 10,
            "no_price": 90,
            "taker_side": "yes"
        },
        {
            "trade_id": "25f0b4eb-c623-4043-8750-a97d4d5d2481",
            "ticker": "KXHIGHNY-25JAN23-B26.5",
            "count": 13,
            "created_time": "2025-01-22T19:31:48.524104Z",
            "yes_price": 10,
            "no_price": 90,
            "taker_side": "yes"
        }
    ],
    "KXHIGHNY-25JAN23-B28.5": [
        {
            "trade_id": "bab8a49e-d7e0-4997-aff3-722eecd9b2e6",
            "ticker": "KXHIGHNY-25JAN23-B28.5",
            "count": 6,
            "created_time": "2025-01-24T04:06:09.07449Z",
            "yes_price": 99,
            "no_price": 1,
            "taker_side": "no"
        },
        {
            "trade_id": "019d2099-76a4-4b49-a262-d100dc7fdce2",
            "ticker": "KXHIGHNY-25JAN23-B28.5",
            "count": 3,
            "created_time": "2025-01-24T03:03:33.510819Z",
            "yes_price": 99,
            "no_price": 1,
            "taker_side": "no"
        },
        {
            "trade_id": "a57e484c-4f50-460e-b4ac-124da565fff6",
            "ticker": "KXHIGHNY-25JAN23-B28.5",
            "count": 59,
            "created_time": "2025-01-24T01:43:39.957451Z",
            "yes_price": 99,
            "no_price": 1,
            "taker_side": "no"
        },
        {
            "trade_id": "6a90223c-2797-4ce4-8408-1564821a724d",
            "ticker": "KXHIGHNY-25JAN23-B28.5",
            "count": 47,
            "created_time": "2025-01-24T00:35:32.276236Z",
            "yes_price": 99,
            "no_price": 1,
            "taker_side": "no"
        },
        {
            "trade_id": "19303300-6ee7-4d24-a36a-73feabe989b7",
            "ticker": "KXHIGHNY-25JAN23-B28.5",
            "count": 25,
            "created_time": "2025-01-23T23:22:22.705637Z",
            "yes_price": 99,
            "no_price": 1,
            "taker_side": "no"
        },
        {
            "trade_id": "5178f4cd-8b2c-4386-b6d9-e313f0cec53e",
            "ticker": "KXHIGHNY-25JAN23-B28.5",
            "count": 22,
            "created_time": "2025-01-23T23:01:12.419001Z",
            "yes_price": 99,
            "no_price": 1,
            "taker_side": "no"
        },
        {
            "trade_id": "ab075627-a27e-49c3-84d3-c22020392705",
            "ticker": "KXHIGHNY-25JAN23-B28.5",
            "count": 55,
            "created_time": "2025-01-23T23:01:00.922156Z",
            "yes_price": 99,
            "no_price": 1,
            "taker_side": "no"
        },
        {
            "trade_id": "37451d0a-c6fb-4cca-94ff-1e822113aa41",
            "ticker": "KXHIGHNY-25JAN23-B28.5",
            "count": 50,
            "created_time": "2025-01-23T22:56:52.852765Z",
            "yes_price": 99,
            "no_price": 1,
            "taker_side": "no"
        },
        {
            "trade_id": "d5705e50-72ab-4a3b-a827-6b95b91b2fce",
            "ticker": "KXHIGHNY-25JAN23-B28.5",
            "count": 46,
            "created_time": "2025-01-23T22:48:07.886833Z",
            "yes_price": 99,
            "no_price": 1,
            "taker_side": "no"
        },
        {
            "trade_id": "2d206b9f-082e-4d8e-8f55-03c31f7164e3",
            "ticker": "KXHIGHNY-25JAN23-B28.5",
            "count": 47,
            "created_time": "2025-01-23T22:25:56.65185Z",
            "yes_price": 99,
            "no_price": 1,
            "taker_side": "no"
        },
        {
            "trade_id": "928cac1c-4051-4e6a-bf50-f5128b152f36",
            "ticker": "KXHIGHNY-25JAN23-B28.5",
            "count": 1,
            "created_time": "2025-01-23T22:03:59.242873Z",
            "yes_price": 99,
            "no_price": 1,
            "taker_side": "no"
        },
        {
            "trade_id": "7c35b3d3-4b3e-4098-bdfa-b440f6bf13ec",
            "ticker": "KXHIGHNY-25JAN23-B28.5",
            "count": 176,
            "created_time": "2025-01-23T21:38:02.142844Z",
            "yes_price": 99,
            "no_price": 1,
            "taker_side": "no"
        },
        {
            "trade_id": "cbf216b6-cb88-41a1-899d-0cbce4aaae42",
            "ticker": "KXHIGHNY-25JAN23-B28.5",
            "count": 2,
            "created_time": "2025-01-23T21:31:47.049624Z",
            "yes_price": 99,
            "no_price": 1,
            "taker_side": "no"
        },
        {
            "trade_id": "70671949-13f5-4b20-8098-4e090dd68b26",
            "ticker": "KXHIGHNY-25JAN23-B28.5",
            "count": 87,
            "created_time": "2025-01-23T21:31:47.049624Z",
            "yes_price": 98,
            "no_price": 2,
            "taker_side": "no"
        },
        {
            "trade_id": "6ca01fbf-330e-4ad2-a010-4611944fd9c8",
            "ticker": "KXHIGHNY-25JAN23-B28.5",
            "count": 1,
            "created_time": "2025-01-23T21:31:47.049624Z",
            "yes_price": 99,
            "no_price": 1,
            "taker_side": "no"
        },
        {
            "trade_id": "c3296a96-3722-4426-bbc5-836654f4d103",
            "ticker": "KXHIGHNY-25JAN23-B28.5",
            "count": 4,
            "created_time": "2025-01-23T21:30:57.331572Z",
            "yes_price": 99,
            "no_price": 1,
            "taker_side": "no"
        },
        {
            "trade_id": "5c78534b-bdb9-4ca6-8123-76c2c8397cda",
            "ticker": "KXHIGHNY-25JAN23-B28.5",
            "count": 44,
            "created_time": "2025-01-23T21:30:57.111738Z",
            "yes_price": 99,
            "no_price": 1,
            "taker_side": "no"
        },
        {
            "trade_id": "f6fde24e-9ecf-4a96-8c1d-817303e58e2a",
            "ticker": "KXHIGHNY-25JAN23-B28.5",
            "count": 18,
            "created_time": "2025-01-23T21:30:56.885369Z",
            "yes_price": 99,
            "no_price": 1,
            "taker_side": "no"
        },
        {
            "trade_id": "d5374f95-4d23-4113-86d7-221de416be81",
            "ticker": "KXHIGHNY-25JAN23-B28.5",
            "count": 7,
            "created_time": "2025-01-23T21:26:09.147658Z",
            "yes_price": 99,
            "no_price": 1,
            "taker_side": "no"
        },
        {
            "trade_id": "f07aa953-13b5-446f-879c-6b4f8ed56a0e",
            "ticker": "KXHIGHNY-25JAN23-B28.5",
            "count": 8,
            "created_time": "2025-01-23T21:25:32.196548Z",
            "yes_price": 99,
            "no_price": 1,
            "taker_side": "no"
        },
        {
            "trade_id": "1ab2f47b-0494-420d-9ca4-37411234b061",
            "ticker": "KXHIGHNY-25JAN23-B28.5",
            "count": 44,
            "created_time": "2025-01-23T21:25:31.172642Z",
            "yes_price": 99,
            "no_price": 1,
            "taker_side": "no"
        },
        {
            "trade_id": "eea14cd6-29ce-4e1d-966c-51eac1a45da8",
            "ticker": "KXHIGHNY-25JAN23-B28.5",
            "count": 18,
            "created_time": "2025-01-23T21:25:30.170773Z",
            "yes_price": 99,
            "no_price": 1,
            "taker_side": "no"
        },
        {
            "trade_id": "3180eb2a-faaa-423a-979a-a5cf385be3ac",
            "ticker": "KXHIGHNY-25JAN23-B28.5",
            "count": 82,
            "created_time": "2025-01-23T21:23:29.139805Z",
            "yes_price": 99,
            "no_price": 1,
            "taker_side": "no"
        },
        {
            "trade_id": "a9dc6e17-4117-4ef8-b29d-e85c10870c67",
            "ticker": "KXHIGHNY-25JAN23-B28.5",
            "count": 44,
            "created_time": "2025-01-23T21:23:14.565097Z",
            "yes_price": 99,
            "no_price": 1,
            "taker_side": "yes"
        },
        {
            "trade_id": "12366f5a-b6f4-4f00-b0b0-946bb130e45a",
            "ticker": "KXHIGHNY-25JAN23-B28.5",
            "count": 11,
            "created_time": "2025-01-23T21:23:14.565097Z",
            "yes_price": 99,
            "no_price": 1,
            "taker_side": "yes"
        },
        {
            "trade_id": "11981f34-f5d8-4601-b21c-bba46e9ae21d",
            "ticker": "KXHIGHNY-25JAN23-B28.5",
            "count": 18,
            "created_time": "2025-01-23T21:23:14.565097Z",
            "yes_price": 99,
            "no_price": 1,
            "taker_side": "yes"
        },
        {
            "trade_id": "1c479dad-61fb-4c71-a40e-f499a12067a2",
            "ticker": "KXHIGHNY-25JAN23-B28.5",
            "count": 21,
            "created_time": "2025-01-23T21:21:59.111217Z",
            "yes_price": 98,
            "no_price": 2,
            "taker_side": "no"
        },
        {
            "trade_id": "ed998002-5fe8-4579-ac14-3d1518e7f07a",
            "ticker": "KXHIGHNY-25JAN23-B28.5",
            "count": 214,
            "created_time": "2025-01-23T21:20:56.064043Z",
            "yes_price": 98,
            "no_price": 2,
            "taker_side": "no"
        },
        {
            "trade_id": "2ad48748-c9dd-4975-96e6-73b9dd66f7ad",
            "ticker": "KXHIGHNY-25JAN23-B28.5",
            "count": 22,
            "created_time": "2025-01-23T21:19:49.17016Z",
            "yes_price": 99,
            "no_price": 1,
            "taker_side": "yes"
        },
        {
            "trade_id": "2130cdae-b448-43a2-b39d-adba5abfd286",
            "ticker": "KXHIGHNY-25JAN23-B28.5",
            "count": 14,
            "created_time": "2025-01-23T21:19:49.17016Z",
            "yes_price": 99,
            "no_price": 1,
            "taker_side": "yes"
        },
        {
            "trade_id": "271031fc-fdb5-43d6-8e2b-84335b0acc75",
            "ticker": "KXHIGHNY-25JAN23-B28.5",
            "count": 5,
            "created_time": "2025-01-23T21:18:53.931934Z",
            "yes_price": 99,
            "no_price": 1,
            "taker_side": "yes"
        },
        {
            "trade_id": "2d51a16a-b9af-4893-98a0-bae1d898bb3a",
            "ticker": "KXHIGHNY-25JAN23-B28.5",
            "count": 17,
            "created_time": "2025-01-23T21:16:01.938714Z",
            "yes_price": 99,
            "no_price": 1,
            "taker_side": "no"
        },
        {
            "trade_id": "f2adb24e-0841-4c61-b23b-7d780cd2ad35",
            "ticker": "KXHIGHNY-25JAN23-B28.5",
            "count": 18,
            "created_time": "2025-01-23T21:16:01.376943Z",
            "yes_price": 99,
            "no_price": 1,
            "taker_side": "no"
        },
        {
            "trade_id": "26d4f405-7c39-433e-ab8c-5a5a7b09ad3f",
            "ticker": "KXHIGHNY-25JAN23-B28.5",
            "count": 258,
            "created_time": "2025-01-23T21:15:15.183832Z",
            "yes_price": 97,
            "no_price": 3,
            "taker_side": "no"
        },
        {
            "trade_id": "d5e42a16-3cdf-4e30-a872-43d5b43e276e",
