{
    "KXHIGHNY-25FEB23-T40": [
        {
            "trade_id": "d6302bec-7cee-4895-965d-4ee347d02994",
            "ticker": "KXHIGHNY-25FEB23-T40",
            "count": 11,
            "created_time": "2025-02-23T05:59:50.689603Z",
            "yes_price": 5,
            "no_price": 95,
            "taker_side": "yes"
        }
    ],
    "KXHIGHNY-25FEB23-B40.5": [
        {
            "trade_id": "efdf4bf1-25d8-44f0-81d9-7093d6442f17",
            "ticker": "KXHIGHNY-25FEB23-B40.5",
            "count": 20,
            "created_time": "2025-02-23T16:16:29.256511Z",
            "yes_price": 1,
            "no_price": 99,
            "taker_side": "no"
        },
        {
            "trade_id": "e0a54aef-e22d-4f39-a1ba-5b9ee8b948c9",
            "ticker": "KXHIGHNY-25FEB23-B40.5",
            "count": 100,
            "created_time": "2025-02-23T15:51:00.128162Z",
            "yes_price": 1,
            "no_price": 99,
            "taker_side": "no"
        },
        {
            "trade_id": "d27a9ae7-e7db-4475-bb3a-8c7dd0c75b94",
            "ticker": "KXHIGHNY-25FEB23-B40.5",
            "count": 32,
            "created_time": "2025-02-23T15:49:37.177492Z",
            "yes_price": 1,
            "no_price": 99,
            "taker_side": "no"
        },
        {
            "trade_id": "a43fd086-ed4f-4052-80bb-611003222945",
            "ticker": "KXHIGHNY-25FEB23-B40.5",
            "count": 10,
            "created_time": "2025-02-23T15:49:36.300477Z",
            "yes_price": 1,
            "no_price": 99,
            "taker_side": "no"
        },
        {
            "trade_id": "2800b367-4703-4f11-a75c-63acec783162",
            "ticker": "KXHIGHNY-25FEB23-B40.5",
            "count": 24,
            "created_time": "2025-02-23T15:49:35.429458Z",
            "yes_price": 1,
            "no_price": 99,
            "taker_side": "no"
        },
        {
            "trade_id": "807cf1da-6b8d-4a7c-a4e8-4594e2c6be42",
            "ticker": "KXHIGHNY-25FEB23-B40.5",
            "count": 18,
            "created_time": "2025-02-23T15:49:34.555821Z",
            "yes_price": 1,
            "no_price": 99,
            "taker_side": "no"
        },
        {
            "trade_id": "00a292bb-f9ef-49da-8625-fbb55c1ac2b4",
            "ticker": "KXHIGHNY-25FEB23-B40.5",
            "count": 16,
            "created_time": "2025-02-23T15:49:33.689304Z",
            "yes_price": 1,
            "no_price": 99,
            "taker_side": "no"
        },
        {
            "trade_id": "340e0843-9a14-479a-874a-ebcc067de286",
            "ticker": "KXHIGHNY-25FEB23-B40.5",
            "count": 26,
            "created_time": "2025-02-23T15:49:32.831667Z",
            "yes_price": 1,
            "no_price": 99,
            "taker_side": "no"
        },
        {
            "trade_id": "bc8d6c51-5e80-4e11-825c-8458c42c1679",
            "ticker": "KXHIGHNY-25FEB23-B40.5",
            "count": 8,
            "created_time": "2025-02-23T15:49:31.959629Z",
            "yes_price": 1,
            "no_price": 99,
            "taker_side": "no"
        },
        {
            "trade_id": "44b45fe9-d8a1-49ba-96f7-fd1f53f76155",
            "ticker": "KXHIGHNY-25FEB23-B40.5",
            "count": 34,
            "created_time": "2025-02-23T15:49:31.095693Z",
            "yes_price": 1,
            "no_price": 99,
            "taker_side": "no"
        },
        {
            "trade_id": "c5a2bdac-df9b-4cba-91f7-38ec40decce2",
            "ticker": "KXHIGHNY-25FEB23-B40.5",
            "count": 12,
            "created_time": "2025-02-23T15:49:30.229017Z",
            "yes_price": 1,
            "no_price": 99,
            "taker_side": "no"
        },
        {
            "trade_id": "c49dbf5e-44f5-451b-8cdd-83e608ba41f2",
            "ticker": "KXHIGHNY-25FEB23-B40.5",
            "count": 22,
            "created_time": "2025-02-23T15:49:30.229017Z",
            "yes_price": 1,
            "no_price": 99,
            "taker_side": "no"
        },
        {
            "trade_id": "2bd8a180-eeca-4f24-b23d-c7fb143aa27e",
            "ticker": "KXHIGHNY-25FEB23-B40.5",
            "count": 22,
            "created_time": "2025-02-23T15:33:43.787609Z",
            "yes_price": 1,
            "no_price": 99,
            "taker_side": "no"
        },
        {
            "trade_id": "57b7917e-772c-4001-98e4-c82e2da6eaf7",
            "ticker": "KXHIGHNY-25FEB23-B40.5",
            "count": 107,
            "created_time": "2025-02-23T15:19:30.724528Z",
            "yes_price": 1,
            "no_price": 99,
            "taker_side": "no"
        },
        {
            "trade_id": "06ed1434-4e25-4979-aff2-ac417c7d13d5",
            "ticker": "KXHIGHNY-25FEB23-B40.5",
            "count": 2,
            "created_time": "2025-02-23T15:08:54.222287Z",
            "yes_price": 1,
            "no_price": 99,
            "taker_side": "no"
        },
        {
            "trade_id": "fda13eed-bae5-4ed1-9ae6-a7f5e5afbed3",
            "ticker": "KXHIGHNY-25FEB23-B40.5",
            "count": 37,
            "created_time": "2025-02-23T14:59:39.462263Z",
            "yes_price": 1,
            "no_price": 99,
            "taker_side": "no"
        },
        {
            "trade_id": "ac104148-6715-420e-9b5e-8832ccb7db06",
            "ticker": "KXHIGHNY-25FEB23-B40.5",
            "count": 10,
            "created_time": "2025-02-23T13:59:57.455766Z",
            "yes_price": 1,
            "no_price": 99,
            "taker_side": "no"
        },
        {
            "trade_id": "25b8e7d9-b016-417b-9fa1-ef4dd98edc6f",
            "ticker": "KXHIGHNY-25FEB23-B40.5",
            "count": 100,
            "created_time": "2025-02-23T13:17:39.144329Z",
            "yes_price": 2,
            "no_price": 98,
            "taker_side": "no"
        },
        {
            "trade_id": "471d5871-a9d0-41f9-ab3d-17a980dbf4db",
            "ticker": "KXHIGHNY-25FEB23-B40.5",
            "count": 70,
            "created_time": "2025-02-23T05:22:20.98397Z",
            "yes_price": 4,
            "no_price": 96,
            "taker_side": "yes"
        }
    ],
    "KXHIGHNY-25FEB23-B42.5": [
        {
            "trade_id": "c527e657-2758-4d33-a296-0c4e8eaf57a7",
            "ticker": "KXHIGHNY-25FEB23-B42.5",
            "count": 30,
            "created_time": "2025-02-23T22:03:44.15455Z",
            "yes_price": 1,
            "no_price": 99,
            "taker_side": "yes"
        },
        {
            "trade_id": "a78ef1d7-1e38-4138-9d7c-c6de72f10aaa",
            "ticker": "KXHIGHNY-25FEB23-B42.5",
            "count": 16,
            "created_time": "2025-02-23T20:11:17.666483Z",
            "yes_price": 1,
            "no_price": 99,
            "taker_side": "yes"
        },
        {
            "trade_id": "464013cb-0231-470b-bd4e-069d47fd7cc8",
            "ticker": "KXHIGHNY-25FEB23-B42.5",
            "count": 113,
            "created_time": "2025-02-23T19:55:04.969496Z",
            "yes_price": 1,
            "no_price": 99,
            "taker_side": "yes"
        },
        {
            "trade_id": "11e9bbc3-567e-4850-b192-57bfd98c59a7",
            "ticker": "KXHIGHNY-25FEB23-B42.5",
            "count": 117,
            "created_time": "2025-02-23T19:49:28.045542Z",
            "yes_price": 1,
            "no_price": 99,
            "taker_side": "yes"
        },
        {
            "trade_id": "4f5e8327-5665-40cc-aeec-86d5d8e3e6ba",
            "ticker": "KXHIGHNY-25FEB23-B42.5",
            "count": 187,
            "created_time": "2025-02-23T18:19:01.685946Z",
            "yes_price": 1,
            "no_price": 99,
            "taker_side": "yes"
        },
        {
            "trade_id": "92eabc23-064f-4f76-b958-4e4d3a76d0be",
            "ticker": "KXHIGHNY-25FEB23-B42.5",
            "count": 30,
            "created_time": "2025-02-23T18:06:22.805946Z",
            "yes_price": 1,
            "no_price": 99,
            "taker_side": "yes"
        },
        {
            "trade_id": "85dfcb44-cb9e-40b1-9da3-19710207c5d7",
            "ticker": "KXHIGHNY-25FEB23-B42.5",
            "count": 20,
            "created_time": "2025-02-23T17:59:55.617612Z",
            "yes_price": 1,
            "no_price": 99,
            "taker_side": "yes"
        },
        {
            "trade_id": "f3742755-4d8d-4528-9680-94619e4c608d",
            "ticker": "KXHIGHNY-25FEB23-B42.5",
            "count": 30,
            "created_time": "2025-02-23T17:59:13.500848Z",
            "yes_price": 1,
            "no_price": 99,
            "taker_side": "no"
        },
        {
            "trade_id": "6cb2e3db-08f5-4a7d-bdb5-e6fce99f43d9",
            "ticker": "KXHIGHNY-25FEB23-B42.5",
            "count": 50,
            "created_time": "2025-02-23T17:59:13.500848Z",
            "yes_price": 1,
            "no_price": 99,
            "taker_side": "no"
        },
        {
            "trade_id": "2481dd5e-e522-4319-8c6d-091f096faecc",
            "ticker": "KXHIGHNY-25FEB23-B42.5",
            "count": 64,
            "created_time": "2025-02-23T17:59:13.500848Z",
            "yes_price": 1,
            "no_price": 99,
            "taker_side": "no"
        },
        {
            "trade_id": "1b53997c-2c0b-4e21-b790-62df8cd92750",
            "ticker": "KXHIGHNY-25FEB23-B42.5",
            "count": 10,
            "created_time": "2025-02-23T17:56:02.310178Z",
            "yes_price": 4,
            "no_price": 96,
            "taker_side": "no"
        },
        {
            "trade_id": "2bb79ee9-b191-45c9-a3b3-6765f288b2f8",
            "ticker": "KXHIGHNY-25FEB23-B42.5",
            "count": 10,
            "created_time": "2025-02-23T17:52:37.186989Z",
            "yes_price": 1,
            "no_price": 99,
            "taker_side": "no"
        },
        {
            "trade_id": "604908a2-f06e-4ece-955e-8e121d1da063",
            "ticker": "KXHIGHNY-25FEB23-B42.5",
            "count": 8,
            "created_time": "2025-02-23T17:52:26.953195Z",
            "yes_price": 1,
            "no_price": 99,
            "taker_side": "no"
        },
        {
            "trade_id": "37e22ba4-f044-4a7c-8135-5c61e1cf0bf8",
            "ticker": "KXHIGHNY-25FEB23-B42.5",
            "count": 10,
            "created_time": "2025-02-23T17:52:21.907194Z",
            "yes_price": 1,
            "no_price": 99,
            "taker_side": "no"
        },
        {
            "trade_id": "e2fa9004-1076-4e24-a513-c79f4cc05951",
            "ticker": "KXHIGHNY-25FEB23-B42.5",
            "count": 10,
            "created_time": "2025-02-23T17:51:26.311911Z",
            "yes_price": 1,
            "no_price": 99,
            "taker_side": "no"
        },
        {
            "trade_id": "96c9f9c1-e41e-4c21-a0cf-6dbc4752b77e",
            "ticker": "KXHIGHNY-25FEB23-B42.5",
            "count": 10,
            "created_time": "2025-02-23T17:51:24.625684Z",
            "yes_price": 1,
            "no_price": 99,
            "taker_side": "no"
        },
        {
            "trade_id": "8fb2e217-2872-4a21-9551-a65c1e2722d8",
            "ticker": "KXHIGHNY-25FEB23-B42.5",
            "count": 50,
            "created_time": "2025-02-23T17:50:20.596824Z",
            "yes_price": 1,
            "no_price": 99,
            "taker_side": "no"
        },
        {
            "trade_id": "98b0b71c-7ee4-4627-bc54-ad723156d64a",
            "ticker": "KXHIGHNY-25FEB23-B42.5",
            "count": 10,
            "created_time": "2025-02-23T17:48:07.233001Z",
            "yes_price": 1,
            "no_price": 99,
            "taker_side": "no"
        },
        {
            "trade_id": "134aafbf-b80f-42b4-8e2e-98994310ceb3",
            "ticker": "KXHIGHNY-25FEB23-B42.5",
            "count": 10,
            "created_time": "2025-02-23T17:47:42.388398Z",
            "yes_price": 1,
            "no_price": 99,
            "taker_side": "no"
        },
        {
            "trade_id": "2b2b2d3d-bdf8-4284-98c5-d173ceed73cd",
            "ticker": "KXHIGHNY-25FEB23-B42.5",
            "count": 10,
            "created_time": "2025-02-23T17:47:39.097254Z",
            "yes_price": 1,
            "no_price": 99,
            "taker_side": "no"
        },
        {
            "trade_id": "f0b330d6-b3bc-478a-aa69-bde265d33275",
            "ticker": "KXHIGHNY-25FEB23-B42.5",
            "count": 2,
            "created_time": "2025-02-23T17:47:36.894173Z",
            "yes_price": 1,
            "no_price": 99,
            "taker_side": "no"
        },
        {
            "trade_id": "0ed7ed00-2e67-47ed-bfca-dee421d2cf67",
            "ticker": "KXHIGHNY-25FEB23-B42.5",
            "count": 8,
            "created_time": "2025-02-23T17:47:36.894173Z",
            "yes_price": 1,
            "no_price": 99,
            "taker_side": "no"
        },
        {
            "trade_id": "143b983f-9d60-433c-93c8-6b8ccc483f61",
            "ticker": "KXHIGHNY-25FEB23-B42.5",
            "count": 98,
            "created_time": "2025-02-23T17:47:29.83733Z",
            "yes_price": 1,
            "no_price": 99,
            "taker_side": "no"
        },
        {
            "trade_id": "e02d6670-2342-4535-87e4-ebb68220ea7f",
            "ticker": "KXHIGHNY-25FEB23-B42.5",
            "count": 10,
            "created_time": "2025-02-23T17:45:58.006732Z",
            "yes_price": 3,
            "no_price": 97,
            "taker_side": "no"
        },
        {
            "trade_id": "7225e100-f35d-41a0-a9ee-71bde94e1d9e",
            "ticker": "KXHIGHNY-25FEB23-B42.5",
            "count": 50,
            "created_time": "2025-02-23T17:44:05.663983Z",
            "yes_price": 2,
            "no_price": 98,
            "taker_side": "no"
        },
        {
            "trade_id": "4086e5b1-999f-426f-be2e-1650b87a78a2",
            "ticker": "KXHIGHNY-25FEB23-B42.5",
            "count": 7,
            "created_time": "2025-02-23T17:44:05.663983Z",
            "yes_price": 2,
            "no_price": 98,
            "taker_side": "no"
        },
        {
            "trade_id": "37be8f5b-edd5-4fb2-bbe0-f56c23925dd7",
            "ticker": "KXHIGHNY-25FEB23-B42.5",
            "count": 6,
            "created_time": "2025-02-23T17:44:05.663983Z",
            "yes_price": 2,
            "no_price": 98,
            "taker_side": "no"
        },
        {
            "trade_id": "7c42c47b-de56-4aa9-a220-4a9118f5cda6",
            "ticker": "KXHIGHNY-25FEB23-B42.5",
            "count": 26,
            "created_time": "2025-02-23T17:42:30.972877Z",
            "yes_price": 2,
            "no_price": 98,
            "taker_side": "no"
        },
        {
            "trade_id": "b664d046-e4bd-4353-8657-eb639f6bc3dc",
            "ticker": "KXHIGHNY-25FEB23-B42.5",
            "count": 10,
            "created_time": "2025-02-23T17:40:10.374952Z",
            "yes_price": 5,
            "no_price": 95,
            "taker_side": "no"
        },
        {
            "trade_id": "62459dc8-de01-4c00-ac0b-2997be31853c",
            "ticker": "KXHIGHNY-25FEB23-B42.5",
            "count": 10,
            "created_time": "2025-02-23T17:40:10.374952Z",
            "yes_price": 3,
            "no_price": 97,
            "taker_side": "no"
        },
        {
            "trade_id": "b7ef9e20-1e45-4047-91d6-a0a0707c14bb",
            "ticker": "KXHIGHNY-25FEB23-B42.5",
            "count": 6,
            "created_time": "2025-02-23T17:35:49.522878Z",
            "yes_price": 15,
            "no_price": 85,
            "taker_side": "yes"
        },
        {
            "trade_id": "b642df60-061f-44f2-a159-ee38b2926fe1",
            "ticker": "KXHIGHNY-25FEB23-B42.5",
            "count": 10,
            "created_time": "2025-02-23T17:35:49.522878Z",
            "yes_price": 5,
            "no_price": 95,
            "taker_side": "yes"
        },
        {
            "trade_id": "b1d41e03-72fa-4ebb-b6ad-669534e54a39",
            "ticker": "KXHIGHNY-25FEB23-B42.5",
            "count": 10,
            "created_time": "2025-02-23T17:35:49.522878Z",
            "yes_price": 8,
            "no_price": 92,
            "taker_side": "yes"
        },
        {
            "trade_id": "affaf8f5-6b59-4ff8-8bc8-9c52df3be5e7",
            "ticker": "KXHIGHNY-25FEB23-B42.5",
            "count": 200,
            "created_time": "2025-02-23T17:33:59.038716Z",
            "yes_price": 3,
            "no_price": 97,
            "taker_side": "no"
        },
        {
            "trade_id": "9f5ab953-2041-4226-a0f4-f4a856ef7d52",
            "ticker": "KXHIGHNY-25FEB23-B42.5",
            "count": 25,
            "created_time": "2025-02-23T17:33:03.792169Z",
            "yes_price": 3,
            "no_price": 97,
            "taker_side": "no"
        },
        {
            "trade_id": "3c754088-24fe-440f-9988-4dae67b9fe2e",
            "ticker": "KXHIGHNY-25FEB23-B42.5",
            "count": 25,
            "created_time": "2025-02-23T17:29:30.713201Z",
            "yes_price": 3,
            "no_price": 97,
            "taker_side": "no"
        },
        {
            "trade_id": "8fa78198-ed3b-4c32-ad8e-b3908120c62b",
            "ticker": "KXHIGHNY-25FEB23-B42.5",
            "count": 230,
            "created_time": "2025-02-23T17:26:39.718666Z",
            "yes_price": 3,
            "no_price": 97,
            "taker_side": "no"
        },
        {
            "trade_id": "06f63d7e-12fb-481a-b27b-de2480b22de3",
            "ticker": "KXHIGHNY-25FEB23-B42.5",
            "count": 32,
            "created_time": "2025-02-23T17:26:30.447905Z",
            "yes_price": 4,
            "no_price": 96,
            "taker_side": "no"
        },
        {
            "trade_id": "8495e93c-4495-49ab-92e8-c52ca3f0e94b",
            "ticker": "KXHIGHNY-25FEB23-B42.5",
            "count": 21,
            "created_time": "2025-02-23T17:25:05.98331Z",
            "yes_price": 4,
            "no_price": 96,
            "taker_side": "no"
        },
        {
            "trade_id": "4fa90335-73f5-49fb-8e0e-ba19231ebf41",
            "ticker": "KXHIGHNY-25FEB23-B42.5",
            "count": 30,
            "created_time": "2025-02-23T17:23:23.769618Z",
            "yes_price": 4,
            "no_price": 96,
            "taker_side": "no"
        },
        {
            "trade_id": "3e026658-10e9-4a04-9c9e-890d4a9310a0",
            "ticker": "KXHIGHNY-25FEB23-B42.5",
            "count": 10,
            "created_time": "2025-02-23T17:21:11.656198Z",
            "yes_price": 5,
            "no_price": 95,
            "taker_side": "no"
        },
        {
            "trade_id": "1747726e-aa99-4e17-b296-1963ff47679e",
            "ticker": "KXHIGHNY-25FEB23-B42.5",
            "count": 35,
            "created_time": "2025-02-23T17:21:11.656198Z",
            "yes_price": 5,
            "no_price": 95,
            "taker_side": "no"
        },
        {
            "trade_id": "656aa9a1-2a42-4a96-a84c-9a227046a02f",
            "ticker": "KXHIGHNY-25FEB23-B42.5",
            "count": 47,
            "created_time": "2025-02-23T17:20:55.052111Z",
            "yes_price": 6,
            "no_price": 94,
            "taker_side": "no"
        },
        {
            "trade_id": "5ac2885d-ec75-45be-a099-82c2c1dac767",
            "ticker": "KXHIGHNY-25FEB23-B42.5",
            "count": 7,
            "created_time": "2025-02-23T17:20:55.052111Z",
            "yes_price": 6,
            "no_price": 94,
            "taker_side": "no"
        },
        {
            "trade_id": "c0ab5fc8-2f55-48d1-ad8d-ef4fe12de4c7",
            "ticker": "KXHIGHNY-25FEB23-B42.5",
            "count": 21,
            "created_time": "2025-02-23T17:14:31.483702Z",
            "yes_price": 14,
            "no_price": 86,
            "taker_side": "yes"
        },
        {
            "trade_id": "857f8c6b-9385-4d3b-9247-6a03c701c3c9",
            "ticker": "KXHIGHNY-25FEB23-B42.5",
            "count": 1,
            "created_time": "2025-02-23T17:10:10.555664Z",
            "yes_price": 5,
            "no_price": 95,
            "taker_side": "no"
        },
        {
            "trade_id": "e8deee05-5238-44c9-b5ef-5e3a60115f26",
            "ticker": "KXHIGHNY-25FEB23-B42.5",
            "count": 283,
            "created_time": "2025-02-23T17:08:40.579383Z",
            "yes_price": 6,
            "no_price": 94,
            "taker_side": "yes"
        },
        {
            "trade_id": "6f9d0845-8895-4c99-b6c1-245cc72e32c4",
            "ticker": "KXHIGHNY-25FEB23-B42.5",
            "count": 25,
            "created_time": "2025-02-23T17:07:58.186886Z",
            "yes_price": 5,
            "no_price": 95,
            "taker_side": "no"
        },
        {
            "trade_id": "3c6523db-6f59-4051-a567-10b56bc985c8",
            "ticker": "KXHIGHNY-25FEB23-B42.5",
            "count": 106,
            "created_time": "2025-02-23T17:07:09.679023Z",
            "yes_price": 6,
            "no_price": 94,
            "taker_side": "yes"
        },
        {
            "trade_id": "c6750fbe-c6c2-4e72-9219-6a0652a35203",
            "ticker": "KXHIGHNY-25FEB23-B42.5",
            "count": 60,
            "created_time": "2025-02-23T17:05:52.929443Z",
            "yes_price": 6,
            "no_price": 94,
            "taker_side": "no"
        },
        {
            "trade_id": "9d873e3d-15df-46aa-9f26-736b56ab3233",
            "ticker": "KXHIGHNY-25FEB23-B42.5",
            "count": 10,
            "created_time": "2025-02-23T16:57:28.612033Z",
            "yes_price": 9,
            "no_price": 91,
            "taker_side": "yes"
        },
        {
            "trade_id": "957aeeeb-bb62-403c-8410-cb0bc9849ead",
            "ticker": "KXHIGHNY-25FEB23-B42.5",
            "count": 102,
            "created_time": "2025-02-23T16:57:28.612033Z",
            "yes_price": 15,
            "no_price": 85,
            "taker_side": "yes"
        },
        {
            "trade_id": "8b09a7a2-7c35-4b8c-99cb-65aecddf4beb",
            "ticker": "KXHIGHNY-25FEB23-B42.5",
            "count": 60,
            "created_time": "2025-02-23T16:57:28.612033Z",
            "yes_price": 11,
            "no_price": 89,
            "taker_side": "yes"
        },
        {
            "trade_id": "893feb2b-9c6e-461a-966c-918fd84975c7",
            "ticker": "KXHIGHNY-25FEB23-B42.5",
            "count": 50,
            "created_time": "2025-02-23T16:57:28.612033Z",
            "yes_price": 19,
            "no_price": 81,
            "taker_side": "yes"
        },
        {
            "trade_id": "8282d05f-2e6a-4cab-9eba-2f14e79277ac",
            "ticker": "KXHIGHNY-25FEB23-B42.5",
            "count": 30,
            "created_time": "2025-02-23T16:57:28.612033Z",
            "yes_price": 17,
            "no_price": 83,
            "taker_side": "yes"
        },
        {
            "trade_id": "6f0dc0f6-43eb-488b-89de-9adbd439546f",
            "ticker": "KXHIGHNY-25FEB23-B42.5",
            "count": 50,
            "created_time": "2025-02-23T16:57:28.612033Z",
            "yes_price": 27,
            "no_price": 73,
            "taker_side": "yes"
        },
        {
            "trade_id": "557ff962-d2b7-4fe8-9a6a-dacba7b90703",
            "ticker": "KXHIGHNY-25FEB23-B42.5",
            "count": 15,
            "created_time": "2025-02-23T16:57:28.612033Z",
            "yes_price": 29,
            "no_price": 71,
            "taker_side": "yes"
        },
        {
            "trade_id": "2a401409-dc25-4326-900d-3e46d080883c",
            "ticker": "KXHIGHNY-25FEB23-B42.5",
            "count": 66,
            "created_time": "2025-02-23T16:57:28.612033Z",
            "yes_price": 15,
            "no_price": 85,
            "taker_side": "yes"
        },
        {
            "trade_id": "15efb3fd-5933-4641-8f79-666d6bb21a11",
            "ticker": "KXHIGHNY-25FEB23-B42.5",
            "count": 66,
            "created_time": "2025-02-23T16:57:28.612033Z",
            "yes_price": 30,
            "no_price": 70,
            "taker_side": "yes"
        },
        {
            "trade_id": "a723085d-1bd2-41ed-bd34-01157c84b08c",
            "ticker": "KXHIGHNY-25FEB23-B42.5",
            "count": 23,
            "created_time": "2025-02-23T16:55:27.878764Z",
            "yes_price": 5,
            "no_price": 95,
            "taker_side": "no"
        },
        {
            "trade_id": "c7eb99b7-6907-4cdc-ae7d-87f0dd1c95c4",
            "ticker": "KXHIGHNY-25FEB23-B42.5",
            "count": 38,
            "created_time": "2025-02-23T16:51:02.030884Z",
            "yes_price": 7,
            "no_price": 93,
            "taker_side": "no"
        },
        {
            "trade_id": "34a67654-e22e-431e-bcbd-6de8d2bf56bd",
            "ticker": "KXHIGHNY-25FEB23-B42.5",
            "count": 9,
            "created_time": "2025-02-23T16:49:12.432197Z",
            "yes_price": 6,
            "no_price": 94,
            "taker_side": "no"
        },
        {
            "trade_id": "4c4312cb-9401-4f04-b54a-e32ae9f7804f",
            "ticker": "KXHIGHNY-25FEB23-B42.5",
            "count": 41,
            "created_time": "2025-02-23T16:49:12.371109Z",
            "yes_price": 6,
            "no_price": 94,
            "taker_side": "yes"
        },
        {
            "trade_id": "a2eb8536-28d7-40e5-9812-bd82f0571754",
            "ticker": "KXHIGHNY-25FEB23-B42.5",
            "count": 50,
            "created_time": "2025-02-23T16:49:11.781692Z",
            "yes_price": 6,
            "no_price": 94,
            "taker_side": "yes"
        },
        {
            "trade_id": "e51ca062-9d0e-47fe-9f96-6a68b2dfe63f",
            "ticker": "KXHIGHNY-25FEB23-B42.5",
            "count": 50,
            "created_time": "2025-02-23T16:49:11.529156Z",
            "yes_price": 6,
            "no_price": 94,
            "taker_side": "yes"
        },
        {
            "trade_id": "8a781674-3057-404e-9f19-80f3451526c5",
            "ticker": "KXHIGHNY-25FEB23-B42.5",
            "count": 5,
            "created_time": "2025-02-23T16:45:35.856861Z",
            "yes_price": 4,
            "no_price": 96,
            "taker_side": "no"
        },
        {
            "trade_id": "4ca58f79-4b88-47e1-b9ea-a915a8d52698",
            "ticker": "KXHIGHNY-25FEB23-B42.5",
            "count": 40,
            "created_time": "2025-02-23T16:32:35.202739Z",
            "yes_price": 4,
            "no_price": 96,
            "taker_side": "no"
        },
        {
            "trade_id": "88ea9861-07ef-4b26-909e-828c2dc04ec4",
            "ticker": "KXHIGHNY-25FEB23-B42.5",
            "count": 31,
            "created_time": "2025-02-23T16:30:47.482056Z",
            "yes_price": 6,
            "no_price": 94,
            "taker_side": "yes"
        },
        {
            "trade_id": "d19d7f8f-2675-4fcb-9c70-01985f6c9dc5",
            "ticker": "KXHIGHNY-25FEB23-B42.5",
            "count": 5,
            "created_time": "2025-02-23T16:07:18.386852Z",
            "yes_price": 4,
            "no_price": 96,
            "taker_side": "yes"
        },
        {
            "trade_id": "2efb7273-0515-46bf-a860-7ede2d170a19",
            "ticker": "KXHIGHNY-25FEB23-B42.5",
            "count": 46,
            "created_time": "2025-02-23T16:07:18.386852Z",
            "yes_price": 4,
            "no_price": 96,
            "taker_side": "yes"
        },
        {
            "trade_id": "00915cc0-6f26-4cda-aa39-ef84631c1b7f",
            "ticker": "KXHIGHNY-25FEB23-B42.5",
            "count": 16,
            "created_time": "2025-02-23T16:01:37.70714Z",
            "yes_price": 9,
            "no_price": 91,
            "taker_side": "yes"
        },
        {
            "trade_id": "e6a227da-2982-4f63-8132-3e1c9f9ed38b",
            "ticker": "KXHIGHNY-25FEB23-B42.5",
            "count": 8,
            "created_time": "2025-02-23T15:49:37.178172Z",
            "yes_price": 8,
            "no_price": 92,
            "taker_side": "no"
        },
        {
            "trade_id": "c817b4b9-7c33-4e2b-b94a-da8750e79e75",
            "ticker": "KXHIGHNY-25FEB23-B42.5",
            "count": 24,
            "created_time": "2025-02-23T15:49:37.178172Z",
            "yes_price": 8,
            "no_price": 92,
            "taker_side": "no"
        },
        {
            "trade_id": "60c08d5e-bc6a-477d-bf79-bb9f6ad55ae1",
            "ticker": "KXHIGHNY-25FEB23-B42.5",
            "count": 10,
            "created_time": "2025-02-23T15:49:36.290123Z",
            "yes_price": 8,
            "no_price": 92,
            "taker_side": "no"
        },
        {
            "trade_id": "6e113a79-694e-4b55-a4a3-0f2a24409db9",
            "ticker": "KXHIGHNY-25FEB23-B42.5",
            "count": 24,
            "created_time": "2025-02-23T15:49:35.433455Z",
            "yes_price": 8,
            "no_price": 92,
            "taker_side": "no"
        },
        {
            "trade_id": "f114b06a-100e-4109-873e-43169c7d29ed",
            "ticker": "KXHIGHNY-25FEB23-B42.5",
            "count": 18,
            "created_time": "2025-02-23T15:49:34.558707Z",
            "yes_price": 8,
            "no_price": 92,
            "taker_side": "no"
        },
        {
            "trade_id": "75e48d4b-df14-4333-8237-dab56e97d2df",
            "ticker": "KXHIGHNY-25FEB23-B42.5",
            "count": 16,
            "created_time": "2025-02-23T15:49:33.69509Z",
            "yes_price": 8,
            "no_price": 92,
            "taker_side": "no"
        },
        {
            "trade_id": "c7cd7ce1-939c-4190-b8a2-7ca08cce0027",
            "ticker": "KXHIGHNY-25FEB23-B42.5",
            "count": 26,
            "created_time": "2025-02-23T15:49:32.815414Z",
            "yes_price": 8,
            "no_price": 92,
            "taker_side": "no"
        },
        {
            "trade_id": "a5d6ee16-cceb-4584-afa8-b9df29db54ae",
            "ticker": "KXHIGHNY-25FEB23-B42.5",
            "count": 8,
            "created_time": "2025-02-23T15:49:31.96007Z",
            "yes_price": 8,
            "no_price": 92,
            "taker_side": "no"
        },
        {
            "trade_id": "9651a5dc-a4e6-46ea-84d5-0eb1d89c8100",
            "ticker": "KXHIGHNY-25FEB23-B42.5",
            "count": 34,
            "created_time": "2025-02-23T15:49:31.088838Z",
            "yes_price": 8,
            "no_price": 92,
            "taker_side": "no"
        },
        {
            "trade_id": "46f3c670-34ca-4dc3-bbb5-85f2481a996f",
            "ticker": "KXHIGHNY-25FEB23-B42.5",
            "count": 34,
            "created_time": "2025-02-23T15:49:30.227902Z",
            "yes_price": 8,
            "no_price": 92,
            "taker_side": "no"
        },
        {
            "trade_id": "81ce2873-46e3-4186-87ec-cab8732c8d9b",
            "ticker": "KXHIGHNY-25FEB23-B42.5",
            "count": 22,
            "created_time": "2025-02-23T15:33:43.786961Z",
            "yes_price": 8,
            "no_price": 92,
            "taker_side": "no"
        },
        {
            "trade_id": "631e1195-1215-4549-bc82-f379ad7a330b",
            "ticker": "KXHIGHNY-25FEB23-B42.5",
            "count": 2,
            "created_time": "2025-02-23T15:27:44.097514Z",
            "yes_price": 9,
            "no_price": 91,
            "taker_side": "no"
        },
        {
            "trade_id": "5c5999de-6c0a-4cfd-bb3d-4f559b141c0b",
            "ticker": "KXHIGHNY-25FEB23-B42.5",
            "count": 1,
            "created_time": "2025-02-23T15:26:47.371078Z",
            "yes_price": 14,
            "no_price": 86,
            "taker_side": "yes"
        },
        {
            "trade_id": "f283b614-4522-4a07-9ab1-5c5a850f34c3",
            "ticker": "KXHIGHNY-25FEB23-B42.5",
            "count": 19,
            "created_time": "2025-02-23T15:21:36.372574Z",
            "yes_price": 14,
            "no_price": 86,
            "taker_side": "no"
        },
        {
            "trade_id": "386556f8-29c1-46f4-9b6e-d97c546bb382",
            "ticker": "KXHIGHNY-25FEB23-B42.5",
            "count": 50,
            "created_time": "2025-02-23T15:21:36.372574Z",
            "yes_price": 14,
            "no_price": 86,
            "taker_side": "no"
        },
        {
            "trade_id": "54281b8f-bcec-4289-ab6e-a5b013214c46",
            "ticker": "KXHIGHNY-25FEB23-B42.5",
            "count": 70,
            "created_time": "2025-02-23T15:19:30.870091Z",
            "yes_price": 17,
            "no_price": 83,
            "taker_side": "no"
        },
        {
            "trade_id": "4a7b6a9e-fb4d-4c38-bfb1-9e9db80e3d94",
            "ticker": "KXHIGHNY-25FEB23-B42.5",
            "count": 37,
            "created_time": "2025-02-23T15:19:30.870091Z",
            "yes_price": 17,
            "no_price": 83,
            "taker_side": "no"
        },
        {
            "trade_id": "1391c08a-3cef-4f89-b24a-d94d38e029ce",
            "ticker": "KXHIGHNY-25FEB23-B42.5",
            "count": 15,
            "created_time": "2025-02-23T15:10:44.43751Z",
            "yes_price": 19,
            "no_price": 81,
            "taker_side": "yes"
        },
        {
            "trade_id": "e6b38e9d-2a9d-438e-826c-0777c980552c",
            "ticker": "KXHIGHNY-25FEB23-B42.5",
            "count": 12,
            "created_time": "2025-02-23T15:06:26.766053Z",
            "yes_price": 19,
            "no_price": 81,
            "taker_side": "yes"
        },
        {
            "trade_id": "3d7a4cc0-5c9b-43c8-ae6f-43f21ad58655",
            "ticker": "KXHIGHNY-25FEB23-B42.5",
            "count": 12,
            "created_time": "2025-02-23T15:06:26.766053Z",
            "yes_price": 19,
            "no_price": 81,
            "taker_side": "yes"
        },
        {
            "trade_id": "25eb2b8d-f865-44aa-ac44-5d07a8a5d531",
            "ticker": "KXHIGHNY-25FEB23-B42.5",
            "count": 25,
            "created_time": "2025-02-23T15:04:19.93443Z",
            "yes_price": 18,
            "no_price": 82,
            "taker_side": "no"
        },
        {
            "trade_id": "a3461689-d04a-4d1a-b4c9-caf2de02adfd",
            "ticker": "KXHIGHNY-25FEB23-B42.5",
            "count": 27,
            "created_time": "2025-02-23T14:59:39.525497Z",
            "yes_price": 17,
            "no_price": 83,
            "taker_side": "no"
        },
        {
            "trade_id": "5977e896-2fde-4c93-8e97-3b8846e44376",
            "ticker": "KXHIGHNY-25FEB23-B42.5",
            "count": 10,
            "created_time": "2025-02-23T14:59:39.525497Z",
            "yes_price": 17,
            "no_price": 83,
            "taker_side": "no"
        },
        {
            "trade_id": "d8680b09-2665-4e85-8ac9-00a492414be5",
            "ticker": "KXHIGHNY-25FEB23-B42.5",
            "count": 26,
            "created_time": "2025-02-23T14:36:37.746496Z",
            "yes_price": 19,
            "no_price": 81,
            "taker_side": "yes"
        },
        {
            "trade_id": "2f31ed73-2cc4-4b56-855f-9e340aac41a7",
            "ticker": "KXHIGHNY-25FEB23-B42.5",
            "count": 26,
            "created_time": "2025-02-23T14:36:37.746496Z",
            "yes_price": 19,
            "no_price": 81,
            "taker_side": "yes"
        },
        {
            "trade_id": "21efcf9b-b5cc-4672-95d6-afd426f92f3e",
            "ticker": "KXHIGHNY-25FEB23-B42.5",
            "count": 50,
            "created_time": "2025-02-23T14:36:37.746496Z",
            "yes_price": 19,
            "no_price": 81,
            "taker_side": "yes"
        },
        {
            "trade_id": "ac923305-8cfc-4e92-9761-de5a4875de45",
            "ticker": "KXHIGHNY-25FEB23-B42.5",
            "count": 1,
            "created_time": "2025-02-23T14:23:34.86406Z",
            "yes_price": 18,
            "no_price": 82,
            "taker_side": "yes"
        },
        {
            "trade_id": "86b7acbc-f6bd-4a56-b38f-91120abf8879",
            "ticker": "KXHIGHNY-25FEB23-B42.5",
            "count": 5,
            "created_time": "2025-02-23T14:23:20.93327Z",
            "yes_price": 17,
            "no_price": 83,
            "taker_side": "no"
        },
        {
            "trade_id": "8531e4c1-1ece-4345-a3ef-e5ca6dd31ca3",
            "ticker": "KXHIGHNY-25FEB23-B42.5",
            "count": 1,
            "created_time": "2025-02-23T14:18:24.570542Z",
            "yes_price": 18,
            "no_price": 82,
            "taker_side": "yes"
        },
        {
            "trade_id": "a6ad3a8b-e053-4b52-a628-0956ffdadb5c",
            "ticker": "KXHIGHNY-25FEB23-B42.5",
            "count": 1,
            "created_time": "2025-02-23T14:14:47.542025Z",
            "yes_price": 18,
            "no_price": 82,
            "taker_side": "yes"
        },
        {
            "trade_id": "85588e3b-11e7-4309-8bf4-cae9c9eb9f7c",
            "ticker": "KXHIGHNY-25FEB23-B42.5",
            "count": 14,
            "created_time": "2025-02-23T14:14:47.542025Z",
            "yes_price": 19,
            "no_price": 81,
            "taker_side": "yes"
        },
        {
            "trade_id": "4e00c0b6-2708-4225-8c20-19a4b22702cb",
            "ticker": "KXHIGHNY-25FEB23-B42.5",
            "count": 27,
            "created_time": "2025-02-23T14:14:47.542025Z",
            "yes_price": 18,
            "no_price": 82,
            "taker_side": "yes"
        },
        {
            "trade_id": "34fd8435-9b5d-4483-a779-c30863956037",
            "ticker": "KXHIGHNY-25FEB23-B42.5",
            "count": 50,
            "created_time": "2025-02-23T14:14:47.542025Z",
            "yes_price": 18,
            "no_price": 82,
            "taker_side": "yes"
        },
        {
            "trade_id": "1ecdb6d8-ecaa-45c3-999e-39c8f6b87ff5",
            "ticker": "KXHIGHNY-25FEB23-B42.5",
            "count": 1,
            "created_time": "2025-02-23T14:14:47.542025Z",
            "yes_price": 18,
            "no_price": 82,
            "taker_side": "yes"
        },
        {
            "trade_id": "f82e7790-b82f-408d-a270-9b019685dee1",
            "ticker": "KXHIGHNY-25FEB23-B42.5",
            "count": 75,
            "created_time": "2025-02-23T14:00:34.633226Z",
            "yes_price": 17,
            "no_price": 83,
            "taker_side": "no"
        },
        {
            "trade_id": "229c8b03-559a-4171-aa33-0b260af0ec3c",
            "ticker": "KXHIGHNY-25FEB23-B42.5",
            "count": 18,
            "created_time": "2025-02-23T14:00:34.633226Z",
            "yes_price": 17,
            "no_price": 83,
            "taker_side": "no"
        },
        {
            "trade_id": "defbbe5a-3ca7-4732-8123-98a6de1355a4",
            "ticker": "KXHIGHNY-25FEB23-B42.5",
            "count": 22,
            "created_time": "2025-02-23T13:40:14.211085Z",
            "yes_price": 20,
            "no_price": 80,
            "taker_side": "yes"
        },
        {
            "trade_id": "424a5e30-2a02-4079-9768-da7ebfd93cfa",
            "ticker": "KXHIGHNY-25FEB23-B42.5",
            "count": 1,
            "created_time": "2025-02-23T13:40:14.211085Z",
            "yes_price": 18,
            "no_price": 82,
            "taker_side": "yes"
        },
        {
            "trade_id": "ec2e2f74-6b6e-4e05-9e24-95cac7032326",
            "ticker": "KXHIGHNY-25FEB23-B42.5",
            "count": 10,
            "created_time": "2025-02-23T13:39:01.944738Z",
            "yes_price": 20,
            "no_price": 80,
            "taker_side": "yes"
        },
        {
            "trade_id": "6e51e354-1f96-41da-ba0b-73ce3c27fcb7",
            "ticker": "KXHIGHNY-25FEB23-B42.5",
            "count": 1,
            "created_time": "2025-02-23T13:39:01.944738Z",
            "yes_price": 18,
            "no_price": 82,
            "taker_side": "yes"
        },
        {
            "trade_id": "9f20faad-392d-4431-a57f-db08007d45b6",
            "ticker": "KXHIGHNY-25FEB23-B42.5",
            "count": 25,
            "created_time": "2025-02-23T13:30:02.059672Z",
            "yes_price": 17,
            "no_price": 83,
            "taker_side": "no"
        },
        {
            "trade_id": "95b39f2f-45ce-4aed-a00b-6390100dc0ff",
            "ticker": "KXHIGHNY-25FEB23-B42.5",
            "count": 117,
            "created_time": "2025-02-23T13:03:50.096334Z",
            "yes_price": 16,
            "no_price": 84,
            "taker_side": "no"
        },
        {
            "trade_id": "4dec92b5-6aac-46ee-9adf-4a4a2783231d",
            "ticker": "KXHIGHNY-25FEB23-B42.5",
            "count": 22,
            "created_time": "2025-02-23T13:00:46.789227Z",
            "yes_price": 21,
            "no_price": 79,
            "taker_side": "yes"
        },
        {
            "trade_id": "4d949767-07ff-4bf9-a8b8-6682286a5ec2",
            "ticker": "KXHIGHNY-25FEB23-B42.5",
            "count": 28,
            "created_time": "2025-02-23T13:00:46.789227Z",
            "yes_price": 22,
            "no_price": 78,
            "taker_side": "yes"
        },
        {
            "trade_id": "3cde0192-e87e-4492-822f-b6ae81693304",
            "ticker": "KXHIGHNY-25FEB23-B42.5",
            "count": 2,
            "created_time": "2025-02-23T13:00:46.789227Z",
            "yes_price": 21,
            "no_price": 79,
            "taker_side": "yes"
        },
        {
            "trade_id": "3aec3b0d-fdce-44f0-b1d8-4ea69216ab2d",
            "ticker": "KXHIGHNY-25FEB23-B42.5",
            "count": 36,
            "created_time": "2025-02-23T13:00:46.789227Z",
            "yes_price": 21,
            "no_price": 79,
            "taker_side": "yes"
        },
        {
            "trade_id": "d59ac3b2-9004-4f66-a564-2e7b9eba16a4",
            "ticker": "KXHIGHNY-25FEB23-B42.5",
            "count": 53,
            "created_time": "2025-02-23T07:24:29.185779Z",
            "yes_price": 16,
            "no_price": 84,
            "taker_side": "no"
        },
        {
            "trade_id": "8e97100d-2529-4135-8777-78efc3dcb6a6",
            "ticker": "KXHIGHNY-25FEB23-B42.5",
            "count": 60,
            "created_time": "2025-02-23T07:24:29.185779Z",
            "yes_price": 16,
            "no_price": 84,
            "taker_side": "no"
        },
        {
            "trade_id": "bdd82911-fde1-4b5d-963e-5e16bd020f1c",
            "ticker": "KXHIGHNY-25FEB23-B42.5",
            "count": 10,
            "created_time": "2025-02-23T06:32:58.824914Z",
            "yes_price": 21,
            "no_price": 79,
            "taker_side": "yes"
        },
        {
            "trade_id": "42622fcf-efde-4325-9957-a1010d9ba008",
            "ticker": "KXHIGHNY-25FEB23-B42.5",
            "count": 30,
            "created_time": "2025-02-23T06:32:58.824914Z",
            "yes_price": 21,
            "no_price": 79,
            "taker_side": "yes"
        },
        {
            "trade_id": "7ec36592-9208-402e-8b0f-4e7caaa26d65",
            "ticker": "KXHIGHNY-25FEB23-B42.5",
            "count": 1,
            "created_time": "2025-02-23T05:42:32.09653Z",
            "yes_price": 21,
            "no_price": 79,
            "taker_side": "yes"
        },
        {
            "trade_id": "038b22b7-fd67-4fb2-a787-983ce9139fcf",
            "ticker": "KXHIGHNY-25FEB23-B42.5",
            "count": 22,
            "created_time": "2025-02-23T05:22:03.132942Z",
            "yes_price": 23,
            "no_price": 77,
            "taker_side": "yes"
        },
        {
            "trade_id": "dee24ac2-ecf9-4187-8054-a501cacc9819",
            "ticker": "KXHIGHNY-25FEB23-B42.5",
            "count": 62,
            "created_time": "2025-02-23T05:21:20.939555Z",
            "yes_price": 19,
            "no_price": 81,
            "taker_side": "yes"
        },
        {
            "trade_id": "d8631c45-ebd5-40dc-a885-1e0d844a563f",
            "ticker": "KXHIGHNY-25FEB23-B42.5",
            "count": 155,
            "created_time": "2025-02-23T05:21:20.939555Z",
            "yes_price": 21,
            "no_price": 79,
            "taker_side": "yes"
        },
        {
            "trade_id": "d501611b-59d6-4bd3-aaa8-40ed76eca218",
            "ticker": "KXHIGHNY-25FEB23-B42.5",
            "count": 25,
            "created_time": "2025-02-23T05:21:20.939555Z",
            "yes_price": 18,
            "no_price": 82,
            "taker_side": "yes"
        },
        {
            "trade_id": "cd880f90-3661-4079-a879-7a2362f02fae",
            "ticker": "KXHIGHNY-25FEB23-B42.5",
            "count": 199,
            "created_time": "2025-02-23T05:21:20.939555Z",
            "yes_price": 21,
            "no_price": 79,
            "taker_side": "yes"
        },
        {
            "trade_id": "9f9ceff6-70a5-46f4-808a-15434c9da9d8",
            "ticker": "KXHIGHNY-25FEB23-B42.5",
            "count": 5,
            "created_time": "2025-02-23T05:21:20.939555Z",
            "yes_price": 19,
            "no_price": 81,
            "taker_side": "yes"
        },
        {
            "trade_id": "71f49901-aba3-4222-acd1-6e028724a6c6",
            "ticker": "KXHIGHNY-25FEB23-B42.5",
            "count": 8,
            "created_time": "2025-02-23T05:21:20.939555Z",
            "yes_price": 19,
            "no_price": 81,
            "taker_side": "yes"
        },
        {
            "trade_id": "27eebe2e-4c79-4a01-bb22-b5af39ac7a57",
            "ticker": "KXHIGHNY-25FEB23-B42.5",
            "count": 49,
            "created_time": "2025-02-23T05:10:57.8402Z",
            "yes_price": 19,
            "no_price": 81,
            "taker_side": "yes"
        },
        {
            "trade_id": "fbeaf6d3-ef18-4042-a246-14a6b8a193c8",
            "ticker": "KXHIGHNY-25FEB23-B42.5",
            "count": 5,
            "created_time": "2025-02-23T05:05:38.631841Z",
            "yes_price": 18,
            "no_price": 82,
            "taker_side": "yes"
        },
        {
            "trade_id": "1826b865-2a23-4a7b-b298-a4fe312efac1",
            "ticker": "KXHIGHNY-25FEB23-B42.5",
            "count": 9,
            "created_time": "2025-02-23T05:05:38.631841Z",
            "yes_price": 20,
            "no_price": 80,
            "taker_side": "yes"
        },
        {
            "trade_id": "e62b04ac-c8ba-4579-b0ad-7d19a1af8f9b",
            "ticker": "KXHIGHNY-25FEB23-B42.5",
            "count": 6,
            "created_time": "2025-02-23T05:03:58.32119Z",
            "yes_price": 14,
            "no_price": 86,
            "taker_side": "no"
        },
        {
            "trade_id": "deea6ed7-f095-429e-b5eb-ad8fa04ca3cc",
            "ticker": "KXHIGHNY-25FEB23-B42.5",
            "count": 3,
            "created_time": "2025-02-23T05:03:58.32119Z",
            "yes_price": 14,
            "no_price": 86,
            "taker_side": "no"
        },
        {
            "trade_id": "ec2c97f6-b5f4-4594-bfbd-698db1c9033c",
            "ticker": "KXHIGHNY-25FEB23-B42.5",
            "count": 40,
            "created_time": "2025-02-23T05:03:11.868267Z",
            "yes_price": 14,
            "no_price": 86,
            "taker_side": "no"
        },
        {
            "trade_id": "a3d280fc-0dae-40b3-a71b-12ee505e9fdc",
            "ticker": "KXHIGHNY-25FEB23-B42.5",
            "count": 4,
            "created_time": "2025-02-23T05:03:11.868267Z",
            "yes_price": 14,
            "no_price": 86,
            "taker_side": "no"
        },
        {
            "trade_id": "6079e94b-e6f4-477b-82c7-b2d2ab355e79",
            "ticker": "KXHIGHNY-25FEB23-B42.5",
            "count": 30,
            "created_time": "2025-02-23T05:03:11.868267Z",
            "yes_price": 14,
            "no_price": 86,
            "taker_side": "no"
        },
        {
            "trade_id": "596385b2-8e5a-46b5-a6de-db81cb6dcd6b",
            "ticker": "KXHIGHNY-25FEB23-B42.5",
            "count": 50,
            "created_time": "2025-02-23T05:02:31.555511Z",
            "yes_price": 16,
            "no_price": 84,
            "taker_side": "no"
        },
        {
            "trade_id": "15708bec-47ef-4eb9-8651-aa97ab1042ef",
            "ticker": "KXHIGHNY-25FEB23-B42.5",
            "count": 53,
            "created_time": "2025-02-23T05:02:31.555511Z",
            "yes_price": 14,
            "no_price": 86,
            "taker_side": "no"
        },
        {
            "trade_id": "07f5c6cb-f403-49ed-8ef6-64c17f977d1b",
            "ticker": "KXHIGHNY-25FEB23-B42.5",
            "count": 1,
            "created_time": "2025-02-23T05:02:31.555511Z",
            "yes_price": 17,
            "no_price": 83,
            "taker_side": "no"
        },
        {
            "trade_id": "019ece78-aefc-44db-93d2-6db5cb381fcd",
            "ticker": "KXHIGHNY-25FEB23-B42.5",
            "count": 21,
            "created_time": "2025-02-23T05:02:31.555511Z",
            "yes_price": 14,
            "no_price": 86,
            "taker_side": "no"
        },
        {
            "trade_id": "6d83ad3f-06d4-4252-ab4f-7abdf2ef6f33",
            "ticker": "KXHIGHNY-25FEB23-B42.5",
            "count": 100,
            "created_time": "2025-02-23T04:02:16.371436Z",
            "yes_price": 19,
            "no_price": 81,
            "taker_side": "yes"
        },
        {
            "trade_id": "73431c94-931d-48ba-85d8-bc18e646cd81",
            "ticker": "KXHIGHNY-25FEB23-B42.5",
            "count": 45,
            "created_time": "2025-02-23T02:53:11.981995Z",
            "yes_price": 21,
            "no_price": 79,
            "taker_side": "yes"
        },
        {
            "trade_id": "c5050e79-eaa4-469c-8846-c233266ce1ea",
            "ticker": "KXHIGHNY-25FEB23-B42.5",
            "count": 192,
            "created_time": "2025-02-23T01:29:12.563516Z",
            "yes_price": 20,
            "no_price": 80,
            "taker_side": "yes"
        },
        {
            "trade_id": "b64e5b0b-2cf7-46be-985a-3b33b3e0f18f",
            "ticker": "KXHIGHNY-25FEB23-B42.5",
            "count": 16,
            "created_time": "2025-02-23T01:18:06.716631Z",
            "yes_price": 21,
            "no_price": 79,
            "taker_side": "yes"
        },
        {
            "trade_id": "a6d24da6-92e0-4f58-beda-4ebaeb9a512f",
            "ticker": "KXHIGHNY-25FEB23-B42.5",
            "count": 25,
            "created_time": "2025-02-23T01:18:06.716631Z",
            "yes_price": 21,
            "no_price": 79,
            "taker_side": "yes"
        },
        {
            "trade_id": "4fe89bcf-d101-496e-b705-95f1b002f515",
            "ticker": "KXHIGHNY-25FEB23-B42.5",
            "count": 42,
            "created_time": "2025-02-23T01:18:06.716631Z",
            "yes_price": 23,
            "no_price": 77,
            "taker_side": "yes"
        },
        {
            "trade_id": "42a470fd-1bd4-4d60-bab3-674673476738",
            "ticker": "KXHIGHNY-25FEB23-B42.5",
            "count": 61,
            "created_time": "2025-02-23T01:18:06.716631Z",
            "yes_price": 21,
            "no_price": 79,
            "taker_side": "yes"
        },
        {
            "trade_id": "49cb1abd-6597-44b2-aae8-9f030bff533d",
            "ticker": "KXHIGHNY-25FEB23-B42.5",
            "count": 8,
            "created_time": "2025-02-22T18:59:22.192004Z",
            "yes_price": 58,
            "no_price": 42,
            "taker_side": "yes"
        },
        {
            "trade_id": "bb04a1a0-f3b7-488e-a508-f42ee372ee05",
            "ticker": "KXHIGHNY-25FEB23-B42.5",
            "count": 2,
            "created_time": "2025-02-22T18:39:18.850203Z",
            "yes_price": 30,
            "no_price": 70,
            "taker_side": "yes"
        },
        {
            "trade_id": "a8161e07-1af6-40fe-8633-c5dfd3111f02",
            "ticker": "KXHIGHNY-25FEB23-B42.5",
            "count": 21,
            "created_time": "2025-02-22T18:39:18.850203Z",
            "yes_price": 42,
            "no_price": 58,
            "taker_side": "yes"
        },
        {
            "trade_id": "7d4453ee-0ae8-4f40-a76c-8749783f6ee8",
            "ticker": "KXHIGHNY-25FEB23-B42.5",
            "count": 5,
            "created_time": "2025-02-22T18:39:18.850203Z",
            "yes_price": 29,
            "no_price": 71,
            "taker_side": "yes"
        },
        {
            "trade_id": "75eb86c7-24f2-43dd-bd38-f9ed51cfc73c",
            "ticker": "KXHIGHNY-25FEB23-B42.5",
            "count": 40,
            "created_time": "2025-02-22T18:39:18.850203Z",
            "yes_price": 51,
            "no_price": 49,
            "taker_side": "yes"
        },
        {
            "trade_id": "62fac258-3954-49d5-9efe-8bf464238ef0",
            "ticker": "KXHIGHNY-25FEB23-B42.5",
            "count": 32,
            "created_time": "2025-02-22T18:39:18.850203Z",
            "yes_price": 60,
            "no_price": 40,
            "taker_side": "yes"
        },
        {
            "trade_id": "5b30d9be-4a41-4315-aaab-670d4d1f681e",
            "ticker": "KXHIGHNY-25FEB23-B42.5",
            "count": 100,
            "created_time": "2025-02-22T18:39:18.850203Z",
            "yes_price": 46,
            "no_price": 54,
            "taker_side": "yes"
        },
        {
            "trade_id": "77c01a82-d3d3-4f99-8171-bba3f553c577",
            "ticker": "KXHIGHNY-25FEB23-B42.5",
            "count": 27,
            "created_time": "2025-02-22T17:47:27.473924Z",
            "yes_price": 23,
            "no_price": 77,
            "taker_side": "yes"
        }
    ],
    "KXHIGHNY-25FEB23-B44.5": [
        {
            "trade_id": "9d06e57b-be26-4d8f-9b03-5c175c4d1930",
            "ticker": "KXHIGHNY-25FEB23-B44.5",
            "count": 93,
            "created_time": "2025-02-24T04:40:09.558145Z",
            "yes_price": 1,
            "no_price": 99,
            "taker_side": "yes"
        },
        {
            "trade_id": "a25487f6-c91d-42f1-8d6c-ec101e892c33",
            "ticker": "KXHIGHNY-25FEB23-B44.5",
            "count": 1400,
            "created_time": "2025-02-24T03:45:46.317853Z",
            "yes_price": 1,
            "no_price": 99,
            "taker_side": "yes"
        },
        {
            "trade_id": "6a86db0f-3fdf-410d-89d3-bf5aac43adb9",
            "ticker": "KXHIGHNY-25FEB23-B44.5",
            "count": 1,
            "created_time": "2025-02-24T03:45:46.317853Z",
            "yes_price": 1,
            "no_price": 99,
            "taker_side": "yes"
        },
        {
            "trade_id": "25f32209-63e1-4d28-9563-be3e9726a0db",
            "ticker": "KXHIGHNY-25FEB23-B44.5",
            "count": 1000,
            "created_time": "2025-02-24T03:45:46.317853Z",
            "yes_price": 1,
            "no_price": 99,
            "taker_side": "yes"
        },
        {
            "trade_id": "22ffdb07-84c6-43e8-a10e-a51e167933a6",
            "ticker": "KXHIGHNY-25FEB23-B44.5",
            "count": 1413,
            "created_time": "2025-02-24T03:45:46.317853Z",
            "yes_price": 1,
            "no_price": 99,
            "taker_side": "yes"
        },
        {
            "trade_id": "2283d2ad-2ea6-4092-bfc0-9d504319e266",
            "ticker": "KXHIGHNY-25FEB23-B44.5",
            "count": 22,
            "created_time": "2025-02-23T23:13:52.16108Z",
            "yes_price": 1,
            "no_price": 99,
            "taker_side": "yes"
        },
        {
            "trade_id": "3bf9cc1f-0cfb-43d8-81ef-f4cda189c7ea",
            "ticker": "KXHIGHNY-25FEB23-B44.5",
            "count": 199,
            "created_time": "2025-02-23T21:50:12.972965Z",
            "yes_price": 1,
            "no_price": 99,
            "taker_side": "yes"
        },
        {
            "trade_id": "eb63ce19-773b-4f0a-809a-f552f4e3c16c",
            "ticker": "KXHIGHNY-25FEB23-B44.5",
            "count": 93,
            "created_time": "2025-02-23T21:28:04.934096Z",
            "yes_price": 1,
            "no_price": 99,
            "taker_side": "yes"
        },
        {
            "trade_id": "990048b0-d3ca-48a8-ba38-8c6d4963d4b0",
            "ticker": "KXHIGHNY-25FEB23-B44.5",
            "count": 337,
            "created_time": "2025-02-23T21:22:29.719409Z",
            "yes_price": 1,
            "no_price": 99,
            "taker_side": "no"
        },
        {
            "trade_id": "4c69cf71-f371-456a-82cf-d02c3f1e3205",
            "ticker": "KXHIGHNY-25FEB23-B44.5",
            "count": 161,
            "created_time": "2025-02-23T21:22:17.590863Z",
            "yes_price": 1,
            "no_price": 99,
            "taker_side": "no"
        },
        {
            "trade_id": "3b6166c6-a27c-4d12-b542-85b0290e2170",
            "ticker": "KXHIGHNY-25FEB23-B44.5",
            "count": 502,
            "created_time": "2025-02-23T21:22:16.738488Z",
            "yes_price": 1,
            "no_price": 99,
            "taker_side": "no"
        },
        {
            "trade_id": "f10f534f-7c31-435d-8207-1f47fe113c00",
            "ticker": "KXHIGHNY-25FEB23-B44.5",
            "count": 10,
            "created_time": "2025-02-23T21:20:15.515432Z",
            "yes_price": 6,
            "no_price": 94,
            "taker_side": "yes"
        },
        {
            "trade_id": "d0d4bb02-be27-4a63-ad68-e687f3b694a0",
            "ticker": "KXHIGHNY-25FEB23-B44.5",
            "count": 950,
            "created_time": "2025-02-23T21:20:15.515432Z",
            "yes_price": 2,
            "no_price": 98,
            "taker_side": "yes"
        },
        {
            "trade_id": "cd3cc1ec-185c-4e77-9541-7640c2d427dd",
            "ticker": "KXHIGHNY-25FEB23-B44.5",
            "count": 30,
            "created_time": "2025-02-23T21:20:15.515432Z",
            "yes_price": 7,
            "no_price": 93,
            "taker_side": "yes"
        },
        {
            "trade_id": "a28c90f8-3d4a-4a2a-9abe-bdb083572e41",
            "ticker": "KXHIGHNY-25FEB23-B44.5",
            "count": 2000,
            "created_time": "2025-02-23T21:20:15.515432Z",
            "yes_price": 1,
            "no_price": 99,
            "taker_side": "yes"
        },
        {
            "trade_id": "948da91b-7386-4556-ac4b-dc12bfade53d",
            "ticker": "KXHIGHNY-25FEB23-B44.5",
            "count": 10,
            "created_time": "2025-02-23T21:20:15.515432Z",
            "yes_price": 2,
            "no_price": 98,
            "taker_side": "yes"
        },
        {
            "trade_id": "506e33c4-2e2c-44ba-8efe-eb4206a52385",
            "ticker": "KXHIGHNY-25FEB23-B44.5",
            "count": 481,
            "created_time": "2025-02-23T21:20:15.515432Z",
            "yes_price": 9,
            "no_price": 91,
            "taker_side": "yes"
        },
        {
            "trade_id": "4ef8d110-dbbc-4d06-856e-d3351fdf5a3f",
            "ticker": "KXHIGHNY-25FEB23-B44.5",
            "count": 1,
            "created_time": "2025-02-23T21:20:15.515432Z",
            "yes_price": 1,
            "no_price": 99,
            "taker_side": "yes"
        },
        {
            "trade_id": "3442ef7b-b70b-4705-b956-eaabe9df9e6a",
            "ticker": "KXHIGHNY-25FEB23-B44.5",
            "count": 46,
            "created_time": "2025-02-23T21:20:15.515432Z",
            "yes_price": 1,
            "no_price": 99,
            "taker_side": "yes"
        },
        {
            "trade_id": "2900e7e2-8634-4c46-8c7b-46ef818ea7a4",
            "ticker": "KXHIGHNY-25FEB23-B44.5",
            "count": 40,
            "created_time": "2025-02-23T21:20:15.515432Z",
            "yes_price": 8,
            "no_price": 92,
            "taker_side": "yes"
        },
        {
            "trade_id": "0b4b5a4c-c228-490e-a6f7-2001bfeea0bf",
            "ticker": "KXHIGHNY-25FEB23-B44.5",
            "count": 100,
            "created_time": "2025-02-23T21:20:15.515432Z",
            "yes_price": 3,
            "no_price": 97,
            "taker_side": "yes"
        },
        {
            "trade_id": "89388281-f738-454c-9b1e-18cd20246469",
            "ticker": "KXHIGHNY-25FEB23-B44.5",
            "count": 225,
            "created_time": "2025-02-23T20:38:17.676006Z",
            "yes_price": 1,
            "no_price": 99,
            "taker_side": "yes"
        },
        {
            "trade_id": "8a160b70-97a3-4ff8-8fa8-6d9f53f087b6",
            "ticker": "KXHIGHNY-25FEB23-B44.5",
            "count": 100,
            "created_time": "2025-02-23T20:25:41.573457Z",
            "yes_price": 1,
            "no_price": 99,
            "taker_side": "yes"
        },
        {
            "trade_id": "3e3e8fb4-6c47-4a24-a262-09a327cb2591",
            "ticker": "KXHIGHNY-25FEB23-B44.5",
            "count": 346,
            "created_time": "2025-02-23T20:21:07.337842Z",
            "yes_price": 1,
            "no_price": 99,
            "taker_side": "yes"
        },
        {
            "trade_id": "34de724a-570f-48b3-aa1c-895dad57e716",
            "ticker": "KXHIGHNY-25FEB23-B44.5",
            "count": 1783,
            "created_time": "2025-02-23T20:19:30.666107Z",
            "yes_price": 1,
            "no_price": 99,
            "taker_side": "no"
        },
        {
            "trade_id": "26dc0de0-976c-4fa4-b1c0-562e6c4af0f1",
            "ticker": "KXHIGHNY-25FEB23-B44.5",
            "count": 50,
            "created_time": "2025-02-23T20:19:11.497936Z",
            "yes_price": 2,
            "no_price": 98,
            "taker_side": "no"
        },
        {
            "trade_id": "e0a85231-414b-4447-a098-e3d032b37706",
            "ticker": "KXHIGHNY-25FEB23-B44.5",
            "count": 150,
            "created_time": "2025-02-23T20:18:18.827699Z",
            "yes_price": 1,
            "no_price": 99,
            "taker_side": "no"
        },
        {
            "trade_id": "c51f4f04-4694-4053-aba6-f56c4a52ed96",
            "ticker": "KXHIGHNY-25FEB23-B44.5",
            "count": 17,
            "created_time": "2025-02-23T20:18:13.694807Z",
            "yes_price": 1,
            "no_price": 99,
            "taker_side": "no"
        },
        {
            "trade_id": "568f2894-39c5-4cff-aab5-54009615bcea",
            "ticker": "KXHIGHNY-25FEB23-B44.5",
            "count": 50,
            "created_time": "2025-02-23T20:17:55.510927Z",
            "yes_price": 1,
            "no_price": 99,
            "taker_side": "no"
        },
        {
            "trade_id": "f34775fc-eb14-44b6-9efd-5e3ddc1170de",
            "ticker": "KXHIGHNY-25FEB23-B44.5",
            "count": 50,
            "created_time": "2025-02-23T20:16:38.075984Z",
            "yes_price": 4,
            "no_price": 96,
            "taker_side": "no"
        },
        {
            "trade_id": "f07bc55f-8b2c-4ec5-8088-7dc7d1c41b86",
            "ticker": "KXHIGHNY-25FEB23-B44.5",
            "count": 105,
            "created_time": "2025-02-23T20:16:38.075984Z",
            "yes_price": 2,
            "no_price": 98,
            "taker_side": "no"
        },
        {
            "trade_id": "c15407cf-82ff-4f73-9947-289a3015c82a",
            "ticker": "KXHIGHNY-25FEB23-B44.5",
            "count": 46,
            "created_time": "2025-02-23T20:16:38.075984Z",
            "yes_price": 5,
            "no_price": 95,
            "taker_side": "no"
        },
        {
            "trade_id": "f3125028-73a2-4b14-b27f-b0d4d1451ed1",
            "ticker": "KXHIGHNY-25FEB23-B44.5",
            "count": 4,
            "created_time": "2025-02-23T20:16:12.664347Z",
            "yes_price": 5,
            "no_price": 95,
            "taker_side": "yes"
        },
        {
            "trade_id": "7d8ca44c-0665-4e52-a6f5-cdef449fb14f",
            "ticker": "KXHIGHNY-25FEB23-B44.5",
            "count": 50,
            "created_time": "2025-02-23T20:16:12.664347Z",
            "yes_price": 5,
            "no_price": 95,
            "taker_side": "yes"
        },
        {
            "trade_id": "6f797329-b382-48c1-87ec-10f90eec496b",
            "ticker": "KXHIGHNY-25FEB23-B44.5",
            "count": 10,
            "created_time": "2025-02-23T20:14:47.980548Z",
            "yes_price": 6,
            "no_price": 94,
            "taker_side": "yes"
        },
        {
            "trade_id": "fc1160a5-11c3-46c3-aeb9-c2a8f96a5ed5",
            "ticker": "KXHIGHNY-25FEB23-B44.5",
            "count": 34,
            "created_time": "2025-02-23T20:13:03.429738Z",
            "yes_price": 5,
            "no_price": 95,
            "taker_side": "yes"
        },
        {
            "trade_id": "ea565b1f-6e63-4b93-9186-e0d439aad9ed",
            "ticker": "KXHIGHNY-25FEB23-B44.5",
            "count": 3,
            "created_time": "2025-02-23T20:13:03.429738Z",
            "yes_price": 5,
            "no_price": 95,
            "taker_side": "yes"
        },
        {
            "trade_id": "05886bf3-3120-48c3-bbde-e3e9ce8e294a",
            "ticker": "KXHIGHNY-25FEB23-B44.5",
            "count": 1,
            "created_time": "2025-02-23T20:13:03.429738Z",
            "yes_price": 1,
            "no_price": 99,
            "taker_side": "yes"
        },
        {
            "trade_id": "e0bf98d1-0cea-4022-a7d0-26c335467de0",
            "ticker": "KXHIGHNY-25FEB23-B44.5",
            "count": 1,
            "created_time": "2025-02-23T20:03:56.961628Z",
            "yes_price": 4,
            "no_price": 96,
            "taker_side": "yes"
        },
        {
            "trade_id": "98ad3a9d-4346-4a03-855f-3518aafa26ad",
            "ticker": "KXHIGHNY-25FEB23-B44.5",
            "count": 1,
            "created_time": "2025-02-23T20:03:56.961628Z",
            "yes_price": 2,
            "no_price": 98,
            "taker_side": "yes"
        },
        {
            "trade_id": "94daa97e-a03e-41ed-90c4-54da100a5acf",
            "ticker": "KXHIGHNY-25FEB23-B44.5",
            "count": 1,
            "created_time": "2025-02-23T20:03:56.961628Z",
            "yes_price": 3,
            "no_price": 97,
            "taker_side": "yes"
        },
        {
            "trade_id": "818c1e8b-cd06-473f-8dad-235802d3319a",
            "ticker": "KXHIGHNY-25FEB23-B44.5",
            "count": 7,
            "created_time": "2025-02-23T20:03:56.961628Z",
            "yes_price": 5,
            "no_price": 95,
            "taker_side": "yes"
        },
        {
            "trade_id": "1be0612f-0949-4bac-bb7b-4d3514b275c4",
            "ticker": "KXHIGHNY-25FEB23-B44.5",
            "count": 1,
            "created_time": "2025-02-23T20:03:56.961628Z",
            "yes_price": 1,
            "no_price": 99,
            "taker_side": "yes"
        },
        {
            "trade_id": "06455a01-f4a3-4f22-a0aa-50b219015904",
            "ticker": "KXHIGHNY-25FEB23-B44.5",
            "count": 69,
            "created_time": "2025-02-23T20:03:56.961628Z",
            "yes_price": 1,
            "no_price": 99,
            "taker_side": "yes"
        },
        {
            "trade_id": "d39c7089-2b04-4277-b8fd-b349a6c35d4a",
            "ticker": "KXHIGHNY-25FEB23-B44.5",
            "count": 1,
            "created_time": "2025-02-23T19:39:56.676068Z",
            "yes_price": 1,
            "no_price": 99,
            "taker_side": "yes"
        },
        {
            "trade_id": "ea88df1c-96bf-4430-a188-0618c98a76e9",
            "ticker": "KXHIGHNY-25FEB23-B44.5",
            "count": 3,
            "created_time": "2025-02-23T19:35:12.342255Z",
            "yes_price": 3,
            "no_price": 97,
            "taker_side": "yes"
        },
        {
            "trade_id": "dc610aa2-b367-4773-b49f-d509e0fb9d2e",
            "ticker": "KXHIGHNY-25FEB23-B44.5",
            "count": 2,
            "created_time": "2025-02-23T19:35:12.342255Z",
            "yes_price": 2,
            "no_price": 98,
            "taker_side": "yes"
        },
        {
            "trade_id": "cf184070-6987-4b49-bd1e-40b6ec26443e",
            "ticker": "KXHIGHNY-25FEB23-B44.5",
            "count": 4,
            "created_time": "2025-02-23T19:35:12.342255Z",
            "yes_price": 4,
            "no_price": 96,
            "taker_side": "yes"
        },
        {
            "trade_id": "3a069864-b045-4b2e-8116-35377c2fc2bb",
            "ticker": "KXHIGHNY-25FEB23-B44.5",
            "count": 12,
            "created_time": "2025-02-23T19:35:12.342255Z",
            "yes_price": 5,
            "no_price": 95,
            "taker_side": "yes"
        },
        {
            "trade_id": "1398317f-e31a-495b-a0ce-4dac52e7ed41",
            "ticker": "KXHIGHNY-25FEB23-B44.5",
            "count": 1,
            "created_time": "2025-02-23T19:35:12.342255Z",
            "yes_price": 1,
            "no_price": 99,
            "taker_side": "yes"
        },
        {
            "trade_id": "304def8a-280a-40a8-b221-918e5ff07a44",
            "ticker": "KXHIGHNY-25FEB23-B44.5",
            "count": 20,
            "created_time": "2025-02-23T19:32:16.162253Z",
            "yes_price": 5,
            "no_price": 95,
            "taker_side": "yes"
        },
        {
            "trade_id": "e75c84a2-d7a1-41b4-bc36-b3357013de1e",
            "ticker": "KXHIGHNY-25FEB23-B44.5",
            "count": 226,
            "created_time": "2025-02-23T19:29:50.562165Z",
            "yes_price": 10,
            "no_price": 90,
            "taker_side": "yes"
        },
        {
            "trade_id": "7be2c10e-bfcf-46fa-a829-57f9c9c40e47",
            "ticker": "KXHIGHNY-25FEB23-B44.5",
            "count": 823,
            "created_time": "2025-02-23T19:29:50.562165Z",
            "yes_price": 9,
            "no_price": 91,
            "taker_side": "yes"
        },
        {
            "trade_id": "d355ef5b-9adc-427d-8d2d-ed4675700baf",
            "ticker": "KXHIGHNY-25FEB23-B44.5",
            "count": 2,
            "created_time": "2025-02-23T19:29:35.941143Z",
            "yes_price": 1,
            "no_price": 99,
            "taker_side": "yes"
        },
        {
            "trade_id": "b120c35d-d4a1-47ee-aacb-ad519a6d5458",
            "ticker": "KXHIGHNY-25FEB23-B44.5",
            "count": 77,
            "created_time": "2025-02-23T19:29:35.941143Z",
            "yes_price": 9,
            "no_price": 91,
            "taker_side": "yes"
        },
        {
            "trade_id": "939bfcf6-729d-4d20-85c1-64620ca8d090",
            "ticker": "KXHIGHNY-25FEB23-B44.5",
            "count": 10,
            "created_time": "2025-02-23T19:29:35.941143Z",
            "yes_price": 2,
            "no_price": 98,
            "taker_side": "yes"
        },
        {
            "trade_id": "917a9c71-14d5-4065-9b91-f3c735fb75ef",
            "ticker": "KXHIGHNY-25FEB23-B44.5",
            "count": 20,
            "created_time": "2025-02-23T19:29:35.941143Z",
            "yes_price": 3,
            "no_price": 97,
            "taker_side": "yes"
        },
        {
            "trade_id": "86adcde1-2fb0-4a4d-ac9d-ff94c546180c",
            "ticker": "KXHIGHNY-25FEB23-B44.5",
            "count": 30,
            "created_time": "2025-02-23T19:29:35.941143Z",
            "yes_price": 4,
            "no_price": 96,
            "taker_side": "yes"
        },
        {
            "trade_id": "857db734-e247-4702-a243-c8a4e736a169",
            "ticker": "KXHIGHNY-25FEB23-B44.5",
            "count": 40,
            "created_time": "2025-02-23T19:29:35.941143Z",
            "yes_price": 5,
            "no_price": 95,
            "taker_side": "yes"
        },
        {
            "trade_id": "49e08495-f5e0-450b-8e9b-c6e6e251421b",
            "ticker": "KXHIGHNY-25FEB23-B44.5",
            "count": 50,
            "created_time": "2025-02-23T19:29:35.941143Z",
            "yes_price": 6,
            "no_price": 94,
            "taker_side": "yes"
        },
        {
            "trade_id": "230557ef-dfbd-405c-a785-a9b96b7d3f01",
            "ticker": "KXHIGHNY-25FEB23-B44.5",
            "count": 6,
            "created_time": "2025-02-23T19:29:35.941143Z",
            "yes_price": 1,
            "no_price": 99,
            "taker_side": "yes"
        },
        {
            "trade_id": "ea3d290b-594e-483e-82c2-5621f8773f14",
            "ticker": "KXHIGHNY-25FEB23-B44.5",
            "count": 1,
            "created_time": "2025-02-23T19:25:51.195615Z",
            "yes_price": 1,
            "no_price": 99,
            "taker_side": "yes"
        },
        {
            "trade_id": "df65e568-6ccf-4ec0-bb0f-fb1a4791b0bc",
            "ticker": "KXHIGHNY-25FEB23-B44.5",
            "count": 1,
            "created_time": "2025-02-23T19:23:43.386012Z",
            "yes_price": 1,
            "no_price": 99,
            "taker_side": "yes"
        },
        {
            "trade_id": "c5ad1042-846e-47f0-9f98-77f5150ab017",
            "ticker": "KXHIGHNY-25FEB23-B44.5",
            "count": 332,
            "created_time": "2025-02-23T19:23:43.386012Z",
            "yes_price": 9,
            "no_price": 91,
            "taker_side": "yes"
        },
        {
            "trade_id": "a100f0c8-777c-487e-b66d-fa7556d14ac2",
            "ticker": "KXHIGHNY-25FEB23-B44.5",
            "count": 165,
            "created_time": "2025-02-23T19:23:43.386012Z",
            "yes_price": 4,
            "no_price": 96,
            "taker_side": "yes"
        },
        {
            "trade_id": "8c4b69af-2ba1-4451-9132-addb0fcbb015",
            "ticker": "KXHIGHNY-25FEB23-B44.5",
            "count": 100,
            "created_time": "2025-02-23T19:23:43.386012Z",
            "yes_price": 5,
            "no_price": 95,
            "taker_side": "yes"
        },
        {
            "trade_id": "63f002f2-82cd-4f38-bd40-49702d851381",
            "ticker": "KXHIGHNY-25FEB23-B44.5",
            "count": 9,
            "created_time": "2025-02-23T19:23:43.386012Z",
            "yes_price": 2,
            "no_price": 98,
            "taker_side": "yes"
        },
        {
            "trade_id": "5b8cabc7-2a7b-4e49-9c65-f3a70c5a9dc7",
            "ticker": "KXHIGHNY-25FEB23-B44.5",
            "count": 55,
            "created_time": "2025-02-23T19:23:43.386012Z",
            "yes_price": 4,
            "no_price": 96,
            "taker_side": "yes"
        },
        {
            "trade_id": "26aa56a7-480a-43f2-8118-66015275533e",
            "ticker": "KXHIGHNY-25FEB23-B44.5",
            "count": 100,
            "created_time": "2025-02-23T19:23:43.386012Z",
            "yes_price": 3,
            "no_price": 97,
            "taker_side": "yes"
        },
        {
            "trade_id": "ce8f3a0a-81f1-4dca-8200-11f04cbf586f",
            "ticker": "KXHIGHNY-25FEB23-B44.5",
            "count": 5,
            "created_time": "2025-02-23T19:21:28.87144Z",
            "yes_price": 1,
            "no_price": 99,
            "taker_side": "yes"
        },
        {
            "trade_id": "eaf9ad37-bd47-4629-9c2b-454184019860",
            "ticker": "KXHIGHNY-25FEB23-B44.5",
            "count": 10,
            "created_time": "2025-02-23T19:19:07.949227Z",
            "yes_price": 2,
            "no_price": 98,
            "taker_side": "yes"
        },
        {
            "trade_id": "b03b7aa3-f14f-4fcb-b247-935c36ff8ac0",
            "ticker": "KXHIGHNY-25FEB23-B44.5",
            "count": 35,
            "created_time": "2025-02-23T19:19:07.949227Z",
            "yes_price": 4,
            "no_price": 96,
            "taker_side": "yes"
        },
        {
            "trade_id": "addd256d-9a39-4517-a916-dee8ca90410b",
            "ticker": "KXHIGHNY-25FEB23-B44.5",
            "count": 5,
            "created_time": "2025-02-23T19:19:07.949227Z",
            "yes_price": 1,
            "no_price": 99,
            "taker_side": "yes"
        },
        {
            "trade_id": "49154eb2-02a0-49df-91f4-1a90d048197c",
            "ticker": "KXHIGHNY-25FEB23-B44.5",
            "count": 100,
            "created_time": "2025-02-23T19:19:07.949227Z",
            "yes_price": 3,
            "no_price": 97,
            "taker_side": "yes"
        },
        {
            "trade_id": "cb357369-3a4f-4272-9a7d-c9b7199e3932",
            "ticker": "KXHIGHNY-25FEB23-B44.5",
            "count": 9,
            "created_time": "2025-02-23T19:15:27.016126Z",
            "yes_price": 1,
            "no_price": 99,
            "taker_side": "yes"
        },
        {
            "trade_id": "6669d536-559c-4e78-9919-873d82007b9f",
            "ticker": "KXHIGHNY-25FEB23-B44.5",
            "count": 100,
            "created_time": "2025-02-23T19:15:27.016126Z",
            "yes_price": 2,
            "no_price": 98,
            "taker_side": "yes"
        },
        {
            "trade_id": "298aeea5-3e04-44ed-a1ff-b9653ee576ee",
            "ticker": "KXHIGHNY-25FEB23-B44.5",
            "count": 85,
            "created_time": "2025-02-23T19:15:27.016126Z",
            "yes_price": 3,
            "no_price": 97,
            "taker_side": "yes"
        },
        {
            "trade_id": "f11b7670-5299-4dfb-8f51-275e79d01627",
            "ticker": "KXHIGHNY-25FEB23-B44.5",
            "count": 91,
            "created_time": "2025-02-23T19:12:23.031348Z",
            "yes_price": 2,
            "no_price": 98,
            "taker_side": "yes"
        },
        {
            "trade_id": "35513f2f-b455-42f9-b4a3-6f4e3d33ddd9",
            "ticker": "KXHIGHNY-25FEB23-B44.5",
            "count": 4,
            "created_time": "2025-02-23T19:12:23.031348Z",
            "yes_price": 1,
            "no_price": 99,
            "taker_side": "yes"
        },
        {
            "trade_id": "31092ab8-6d29-4a9d-8666-46dee4b9cede",
            "ticker": "KXHIGHNY-25FEB23-B44.5",
            "count": 8,
            "created_time": "2025-02-23T19:11:03.489325Z",
            "yes_price": 1,
            "no_price": 99,
            "taker_side": "yes"
        },
        {
            "trade_id": "e43ef8ba-1852-4f45-b73b-79b4f48856bd",
            "ticker": "KXHIGHNY-25FEB23-B44.5",
            "count": 88,
            "created_time": "2025-02-23T19:01:37.347963Z",
            "yes_price": 4,
            "no_price": 96,
            "taker_side": "yes"
        },
        {
            "trade_id": "e340efdb-a41a-4dcf-8712-fe32137c1ec6",
            "ticker": "KXHIGHNY-25FEB23-B44.5",
            "count": 36,
            "created_time": "2025-02-23T19:01:37.347963Z",
            "yes_price": 1,
            "no_price": 99,
            "taker_side": "yes"
        },
        {
            "trade_id": "ca144e86-11a2-4d59-af45-37dac704318c",
            "ticker": "KXHIGHNY-25FEB23-B44.5",
            "count": 200,
            "created_time": "2025-02-23T19:01:37.347963Z",
            "yes_price": 2,
            "no_price": 98,
            "taker_side": "yes"
        },
        {
            "trade_id": "713d44ff-44ea-4d2f-9675-d4a153e99d57",
            "ticker": "KXHIGHNY-25FEB23-B44.5",
            "count": 200,
            "created_time": "2025-02-23T19:01:37.347963Z",
            "yes_price": 3,
            "no_price": 97,
            "taker_side": "yes"
        },
        {
            "trade_id": "58f4532b-d257-4785-9d62-b3655724d86c",
            "ticker": "KXHIGHNY-25FEB23-B44.5",
            "count": 1,
            "created_time": "2025-02-23T19:01:37.347963Z",
            "yes_price": 1,
            "no_price": 99,
            "taker_side": "yes"
        },
        {
            "trade_id": "49176740-0f2a-441a-aac3-83042c75ab8b",
            "ticker": "KXHIGHNY-25FEB23-B44.5",
            "count": 200,
            "created_time": "2025-02-23T19:01:37.347963Z",
            "yes_price": 1,
            "no_price": 99,
            "taker_side": "yes"
        },
        {
            "trade_id": "6e886534-5c15-4ebc-bccd-414cf350a066",
            "ticker": "KXHIGHNY-25FEB23-B44.5",
            "count": 10,
            "created_time": "2025-02-23T19:00:33.572179Z",
            "yes_price": 1,
            "no_price": 99,
            "taker_side": "yes"
        },
        {
            "trade_id": "4fbc2a48-c651-4ad4-90fc-a0bc7feea2d2",
            "ticker": "KXHIGHNY-25FEB23-B44.5",
            "count": 10,
            "created_time": "2025-02-23T19:00:31.171947Z",
            "yes_price": 1,
            "no_price": 99,
            "taker_side": "yes"
        },
        {
            "trade_id": "af93af10-fd18-48af-83ee-8fb01b1b417e",
            "ticker": "KXHIGHNY-25FEB23-B44.5",
            "count": 10,
            "created_time": "2025-02-23T19:00:30.180251Z",
            "yes_price": 1,
            "no_price": 99,
            "taker_side": "yes"
        },
        {
            "trade_id": "3a160afc-5bdd-451c-b2b7-de7a7cb4a463",
            "ticker": "KXHIGHNY-25FEB23-B44.5",
            "count": 10,
            "created_time": "2025-02-23T19:00:28.241311Z",
            "yes_price": 1,
            "no_price": 99,
            "taker_side": "yes"
        },
        {
            "trade_id": "280e06bb-07fa-4523-9494-e94cb83c9897",
            "ticker": "KXHIGHNY-25FEB23-B44.5",
            "count": 10,
            "created_time": "2025-02-23T19:00:26.76806Z",
            "yes_price": 1,
            "no_price": 99,
            "taker_side": "yes"
        },
        {
            "trade_id": "19de0c71-455d-4835-b5b2-856085f5e925",
            "ticker": "KXHIGHNY-25FEB23-B44.5",
            "count": 10,
            "created_time": "2025-02-23T19:00:23.852839Z",
            "yes_price": 1,
            "no_price": 99,
            "taker_side": "yes"
        },
        {
            "trade_id": "cb7194e7-feff-49cc-b258-9eb06d9d4044",
            "ticker": "KXHIGHNY-25FEB23-B44.5",
            "count": 10,
            "created_time": "2025-02-23T19:00:22.870924Z",
            "yes_price": 1,
            "no_price": 99,
            "taker_side": "yes"
        },
        {
            "trade_id": "c14a0dce-bafd-4d65-9178-fa2c2304ef7d",
            "ticker": "KXHIGHNY-25FEB23-B44.5",
            "count": 30,
            "created_time": "2025-02-23T19:00:20.460797Z",
            "yes_price": 1,
            "no_price": 99,
            "taker_side": "yes"
        },
        {
            "trade_id": "473c1e5f-dcec-461e-afa2-0218a0d47fc8",
            "ticker": "KXHIGHNY-25FEB23-B44.5",
            "count": 10,
            "created_time": "2025-02-23T19:00:19.450257Z",
            "yes_price": 1,
            "no_price": 99,
            "taker_side": "yes"
        },
        {
            "trade_id": "db9061df-d748-482c-8336-208ff8c4aab6",
            "ticker": "KXHIGHNY-25FEB23-B44.5",
            "count": 10,
            "created_time": "2025-02-23T19:00:18.45509Z",
            "yes_price": 1,
            "no_price": 99,
            "taker_side": "yes"
        },
        {
            "trade_id": "b2e0fd8f-8b86-4d16-94eb-a4af0a07e992",
            "ticker": "KXHIGHNY-25FEB23-B44.5",
            "count": 10,
            "created_time": "2025-02-23T19:00:16.529517Z",
            "yes_price": 1,
            "no_price": 99,
            "taker_side": "yes"
        },
        {
            "trade_id": "43b9f777-3935-411c-a7e0-aa8939a27a90",
            "ticker": "KXHIGHNY-25FEB23-B44.5",
            "count": 10,
            "created_time": "2025-02-23T19:00:15.547624Z",
            "yes_price": 1,
            "no_price": 99,
            "taker_side": "yes"
        },
        {
            "trade_id": "ecdc399a-39f9-4f60-96bd-ee1ef95cfe35",
            "ticker": "KXHIGHNY-25FEB23-B44.5",
            "count": 10,
            "created_time": "2025-02-23T19:00:13.599165Z",
            "yes_price": 1,
            "no_price": 99,
            "taker_side": "yes"
        },
        {
            "trade_id": "73950d6f-d4df-4b75-8cb9-d2aaee3eb03c",
            "ticker": "KXHIGHNY-25FEB23-B44.5",
            "count": 10,
            "created_time": "2025-02-23T19:00:12.628992Z",
            "yes_price": 1,
            "no_price": 99,
            "taker_side": "yes"
        },
        {
            "trade_id": "4b11f784-cea4-4054-95e3-3c53ab1f7237",
            "ticker": "KXHIGHNY-25FEB23-B44.5",
            "count": 10,
            "created_time": "2025-02-23T19:00:10.658648Z",
            "yes_price": 1,
            "no_price": 99,
            "taker_side": "yes"
        },
        {
            "trade_id": "b581b068-755e-437f-8879-d89fe075350e",
            "ticker": "KXHIGHNY-25FEB23-B44.5",
            "count": 10,
            "created_time": "2025-02-23T19:00:09.659695Z",
            "yes_price": 1,
            "no_price": 99,
            "taker_side": "yes"
        },
        {
            "trade_id": "0879b6cf-3dbc-4fa3-bdeb-ea5b257625c8",
            "ticker": "KXHIGHNY-25FEB23-B44.5",
            "count": 10,
            "created_time": "2025-02-23T19:00:07.721448Z",
            "yes_price": 1,
            "no_price": 99,
            "taker_side": "yes"
        },
        {
            "trade_id": "7f4fe047-db7b-4636-a6a0-0e34f08cbe5f",
            "ticker": "KXHIGHNY-25FEB23-B44.5",
            "count": 10,
            "created_time": "2025-02-23T19:00:06.264579Z",
            "yes_price": 1,
            "no_price": 99,
            "taker_side": "yes"
        },
        {
            "trade_id": "764b5a19-490e-4e4d-a15e-ed3f57eddfbe",
            "ticker": "KXHIGHNY-25FEB23-B44.5",
            "count": 10,
            "created_time": "2025-02-23T19:00:03.387735Z",
            "yes_price": 1,
            "no_price": 99,
            "taker_side": "yes"
        },
        {
            "trade_id": "1511b8d9-3182-476d-bd96-dd367511a218",
            "ticker": "KXHIGHNY-25FEB23-B44.5",
            "count": 10,
            "created_time": "2025-02-23T19:00:02.419216Z",
            "yes_price": 1,
            "no_price": 99,
            "taker_side": "yes"
        },
        {
            "trade_id": "c9982b8e-4bd0-4e44-af6a-63d45c937edb",
            "ticker": "KXHIGHNY-25FEB23-B44.5",
            "count": 10,
            "created_time": "2025-02-23T19:00:00.442711Z",
            "yes_price": 1,
            "no_price": 99,
            "taker_side": "yes"
        },
        {
            "trade_id": "63d0d8b4-2834-49ff-9ca6-0f89c685758b",
            "ticker": "KXHIGHNY-25FEB23-B44.5",
            "count": 10,
            "created_time": "2025-02-23T18:59:59.461469Z",
            "yes_price": 1,
            "no_price": 99,
            "taker_side": "yes"
        },
        {
            "trade_id": "6b1a4f99-8c94-42c5-aa0f-4fd8aac857cc",
            "ticker": "KXHIGHNY-25FEB23-B44.5",
            "count": 10,
            "created_time": "2025-02-23T18:59:57.562417Z",
            "yes_price": 1,
            "no_price": 99,
            "taker_side": "yes"
        },
        {
            "trade_id": "039efb44-0b9d-4f53-9c21-905701b854ad",
            "ticker": "KXHIGHNY-25FEB23-B44.5",
            "count": 10,
            "created_time": "2025-02-23T18:59:56.591491Z",
            "yes_price": 1,
            "no_price": 99,
            "taker_side": "yes"
        },
        {
            "trade_id": "f96690dd-be6d-4661-9436-0686c8142fd3",
            "ticker": "KXHIGHNY-25FEB23-B44.5",
            "count": 10,
            "created_time": "2025-02-23T18:59:54.63709Z",
            "yes_price": 1,
            "no_price": 99,
            "taker_side": "yes"
        },
        {
            "trade_id": "f34faff0-1e89-454d-8f63-ce3638bd34ca",
            "ticker": "KXHIGHNY-25FEB23-B44.5",
            "count": 10,
            "created_time": "2025-02-23T18:59:53.651975Z",
            "yes_price": 1,
            "no_price": 99,
            "taker_side": "yes"
        },
        {
            "trade_id": "fb8c35fe-13a4-4c5b-90c4-f3c9dfa78699",
            "ticker": "KXHIGHNY-25FEB23-B44.5",
            "count": 30,
            "created_time": "2025-02-23T18:59:52.014491Z",
            "yes_price": 1,
            "no_price": 99,
            "taker_side": "no"
        },
        {
            "trade_id": "69449f48-9f04-48d0-83d7-26c02480d67d",
            "ticker": "KXHIGHNY-25FEB23-B44.5",
            "count": 142,
            "created_time": "2025-02-23T18:59:52.014491Z",
            "yes_price": 1,
            "no_price": 99,
            "taker_side": "no"
        },
        {
            "trade_id": "3f282d01-3865-4573-8d79-a6ab43931672",
            "ticker": "KXHIGHNY-25FEB23-B44.5",
            "count": 41,
            "created_time": "2025-02-23T18:59:52.014491Z",
            "yes_price": 1,
            "no_price": 99,
            "taker_side": "no"
        },
        {
            "trade_id": "24fa143b-deef-4b1f-86b2-7bc4742d87ee",
            "ticker": "KXHIGHNY-25FEB23-B44.5",
            "count": 100,
            "created_time": "2025-02-23T18:59:52.014491Z",
            "yes_price": 1,
            "no_price": 99,
            "taker_side": "no"
        },
        {
            "trade_id": "1c94f8ee-7884-463f-9507-0f96ecf856a2",
            "ticker": "KXHIGHNY-25FEB23-B44.5",
            "count": 1,
            "created_time": "2025-02-23T18:59:52.014491Z",
            "yes_price": 1,
            "no_price": 99,
            "taker_side": "no"
        },
        {
            "trade_id": "04f0d1b9-8a36-43e5-9817-70be68e90306",
            "ticker": "KXHIGHNY-25FEB23-B44.5",
            "count": 369,
            "created_time": "2025-02-23T18:59:52.014491Z",
            "yes_price": 1,
            "no_price": 99,
            "taker_side": "no"
        },
        {
            "trade_id": "b0d6ae5c-4ae8-4ccc-b92b-3cd6b64d9a81",
            "ticker": "KXHIGHNY-25FEB23-B44.5",
            "count": 10,
            "created_time": "2025-02-23T18:59:51.740108Z",
            "yes_price": 2,
            "no_price": 98,
            "taker_side": "yes"
        },
        {
            "trade_id": "6c06d112-18cd-4678-bd66-e6617f6b8e89",
            "ticker": "KXHIGHNY-25FEB23-B44.5",
            "count": 10,
            "created_time": "2025-02-23T18:59:49.733033Z",
            "yes_price": 2,
            "no_price": 98,
            "taker_side": "yes"
        },
        {
            "trade_id": "20a9ad0b-7114-4944-9646-aa7af4b1f9b6",
            "ticker": "KXHIGHNY-25FEB23-B44.5",
            "count": 10,
            "created_time": "2025-02-23T18:59:47.328145Z",
            "yes_price": 2,
            "no_price": 98,
            "taker_side": "yes"
        },
        {
            "trade_id": "e23277fb-6610-4174-bb78-367be0d1c263",
            "ticker": "KXHIGHNY-25FEB23-B44.5",
            "count": 10,
            "created_time": "2025-02-23T18:59:46.352742Z",
            "yes_price": 2,
            "no_price": 98,
            "taker_side": "yes"
        },
        {
            "trade_id": "7090942e-cd82-4130-abe8-0155c693873b",
            "ticker": "KXHIGHNY-25FEB23-B44.5",
            "count": 74,
            "created_time": "2025-02-23T18:59:45.819807Z",
            "yes_price": 2,
            "no_price": 98,
            "taker_side": "no"
        },
        {
            "trade_id": "d4a32b6e-00e7-4416-bd89-7cbd0f35bda2",
            "ticker": "KXHIGHNY-25FEB23-B44.5",
            "count": 30,
            "created_time": "2025-02-23T18:59:45.39321Z",
            "yes_price": 3,
            "no_price": 97,
            "taker_side": "no"
        },
        {
            "trade_id": "b9ec968e-a8f1-4c9d-98a2-85417a2145f4",
            "ticker": "KXHIGHNY-25FEB23-B44.5",
            "count": 126,
            "created_time": "2025-02-23T18:59:45.39321Z",
            "yes_price": 2,
            "no_price": 98,
            "taker_side": "no"
        },
        {
            "trade_id": "997b4d87-9244-4398-89c4-3dee7d03e710",
            "ticker": "KXHIGHNY-25FEB23-B44.5",
            "count": 10,
            "created_time": "2025-02-23T18:59:45.39321Z",
            "yes_price": 7,
            "no_price": 93,
            "taker_side": "no"
        },
        {
            "trade_id": "f395b7d0-4cf7-423d-b880-9d3f67dc0e5f",
            "ticker": "KXHIGHNY-25FEB23-B44.5",
            "count": 294,
            "created_time": "2025-02-23T18:59:37.801101Z",
            "yes_price": 28,
            "no_price": 72,
            "taker_side": "yes"
        },
        {
            "trade_id": "7296f188-8794-42f5-94d9-ba7b0793115c",
            "ticker": "KXHIGHNY-25FEB23-B44.5",
            "count": 10,
            "created_time": "2025-02-23T18:59:37.801101Z",
            "yes_price": 8,
            "no_price": 92,
            "taker_side": "yes"
        },
        {
            "trade_id": "5ceb3792-6f3d-4c5b-a757-92c7991b8c08",
            "ticker": "KXHIGHNY-25FEB23-B44.5",
            "count": 10,
            "created_time": "2025-02-23T18:59:37.801101Z",
            "yes_price": 5,
            "no_price": 95,
            "taker_side": "yes"
        },
        {
            "trade_id": "3549dfb5-1a37-4d4d-89e2-9dc1732a6f20",
            "ticker": "KXHIGHNY-25FEB23-B44.5",
            "count": 30,
            "created_time": "2025-02-23T18:59:37.801101Z",
            "yes_price": 19,
            "no_price": 81,
            "taker_side": "yes"
        },
        {
            "trade_id": "2be4512c-aa9a-41a0-be9f-5e93854a0e1e",
            "ticker": "KXHIGHNY-25FEB23-B44.5",
            "count": 10,
            "created_time": "2025-02-23T18:59:37.801101Z",
            "yes_price": 8,
            "no_price": 92,
            "taker_side": "yes"
        },
        {
            "trade_id": "11fb9486-d0f8-4024-b3ab-fe93f403b7ad",
            "ticker": "KXHIGHNY-25FEB23-B44.5",
            "count": 50,
            "created_time": "2025-02-23T18:59:36.278406Z",
            "yes_price": 3,
            "no_price": 97,
            "taker_side": "no"
        },
        {
            "trade_id": "8c6119d3-7114-4581-9cb0-19520d248d4b",
            "ticker": "KXHIGHNY-25FEB23-B44.5",
            "count": 90,
            "created_time": "2025-02-23T18:59:18.446413Z",
            "yes_price": 5,
            "no_price": 95,
            "taker_side": "no"
        },
        {
            "trade_id": "023e08ce-2329-43b3-ab73-6a5c3cc13b68",
            "ticker": "KXHIGHNY-25FEB23-B44.5",
            "count": 19,
            "created_time": "2025-02-23T18:59:18.446413Z",
            "yes_price": 5,
            "no_price": 95,
            "taker_side": "no"
        },
        {
            "trade_id": "abcd2b06-0f4e-4402-b3c5-db5dccc97b18",
            "ticker": "KXHIGHNY-25FEB23-B44.5",
            "count": 90,
            "created_time": "2025-02-23T18:59:10.409767Z",
            "yes_price": 5,
            "no_price": 95,
            "taker_side": "no"
        },
        {
            "trade_id": "3b961194-5d75-42eb-837e-6c4daedc316d",
            "ticker": "KXHIGHNY-25FEB23-B44.5",
            "count": 10,
            "created_time": "2025-02-23T18:59:10.409767Z",
            "yes_price": 7,
            "no_price": 93,
            "taker_side": "no"
        },
        {
            "trade_id": "d50d896a-039a-4acc-a5e0-c57042c99786",
            "ticker": "KXHIGHNY-25FEB23-B44.5",
            "count": 10,
            "created_time": "2025-02-23T18:58:47.290614Z",
            "yes_price": 13,
            "no_price": 87,
            "taker_side": "no"
        },
        {
            "trade_id": "98a8f09e-fdd7-43a8-af09-bc778ead520f",
            "ticker": "KXHIGHNY-25FEB23-B44.5",
            "count": 200,
            "created_time": "2025-02-23T18:58:47.290614Z",
            "yes_price": 6,
            "no_price": 94,
            "taker_side": "no"
        },
        {
            "trade_id": "e8c7494a-9bb7-4d3a-833b-a4b320260da6",
            "ticker": "KXHIGHNY-25FEB23-B44.5",
            "count": 200,
            "created_time": "2025-02-23T18:52:25.694141Z",
            "yes_price": 20,
            "no_price": 80,
            "taker_side": "yes"
        },
        {
            "trade_id": "8a8e3cff-9e8f-42de-ae7d-5453a51f1ae1",
            "ticker": "KXHIGHNY-25FEB23-B44.5",
            "count": 202,
            "created_time": "2025-02-23T18:52:25.694141Z",
            "yes_price": 27,
            "no_price": 73,
            "taker_side": "yes"
        },
        {
            "trade_id": "859256e2-22c9-4ac2-9e7a-4ed7a8e85e57",
            "ticker": "KXHIGHNY-25FEB23-B44.5",
            "count": 1,
            "created_time": "2025-02-23T18:52:25.694141Z",
            "yes_price": 19,
            "no_price": 81,
            "taker_side": "yes"
        },
        {
            "trade_id": "fd9c446f-a20f-4937-bb70-634ddce7bff3",
            "ticker": "KXHIGHNY-25FEB23-B44.5",
            "count": 20,
            "created_time": "2025-02-23T18:50:43.145882Z",
            "yes_price": 5,
            "no_price": 95,
            "taker_side": "no"
        },
        {
            "trade_id": "cf4ecac0-b0e6-438a-bcb5-9ad89a42f0e9",
            "ticker": "KXHIGHNY-25FEB23-B44.5",
            "count": 1,
            "created_time": "2025-02-23T18:50:43.145882Z",
            "yes_price": 12,
            "no_price": 88,
            "taker_side": "no"
        },
        {
            "trade_id": "cdaaf9d2-85f6-40f1-9658-999eb9a81256",
            "ticker": "KXHIGHNY-25FEB23-B44.5",
            "count": 30,
            "created_time": "2025-02-23T18:50:43.145882Z",
            "yes_price": 6,
            "no_price": 94,
            "taker_side": "no"
        },
        {
            "trade_id": "9575fdc1-4cb2-40e8-80ac-d18d3a882876",
            "ticker": "KXHIGHNY-25FEB23-B44.5",
            "count": 20,
            "created_time": "2025-02-23T18:50:43.145882Z",
            "yes_price": 7,
            "no_price": 93,
            "taker_side": "no"
        },
        {
            "trade_id": "936e8975-1734-4acd-ad47-3335aeaf6c92",
            "ticker": "KXHIGHNY-25FEB23-B44.5",
            "count": 19,
            "created_time": "2025-02-23T18:50:43.145882Z",
            "yes_price": 6,
            "no_price": 94,
            "taker_side": "no"
        },
        {
            "trade_id": "7175e34a-bd52-489a-9577-8f67ffb4b376",
            "ticker": "KXHIGHNY-25FEB23-B44.5",
            "count": 10,
            "created_time": "2025-02-23T18:50:43.145882Z",
            "yes_price": 19,
            "no_price": 81,
            "taker_side": "no"
        },
        {
            "trade_id": "4c63a708-c373-48c6-af60-cc57911f0aa7",
            "ticker": "KXHIGHNY-25FEB23-B44.5",
            "count": 10,
            "created_time": "2025-02-23T18:50:43.145882Z",
            "yes_price": 17,
            "no_price": 83,
            "taker_side": "no"
        },
        {
            "trade_id": "7f07bc4e-c2dc-4ff5-a85e-b552c58579da",
            "ticker": "KXHIGHNY-25FEB23-B44.5",
            "count": 7,
            "created_time": "2025-02-23T18:48:27.875306Z",
            "yes_price": 22,
            "no_price": 78,
            "taker_side": "yes"
        },
        {
            "trade_id": "71806fad-8278-44b6-8b88-b4c7574f1d38",
            "ticker": "KXHIGHNY-25FEB23-B44.5",
            "count": 10,
            "created_time": "2025-02-23T18:47:03.970329Z",
            "yes_price": 22,
            "no_price": 78,
            "taker_side": "yes"
        },
        {
            "trade_id": "43f6fbd8-e8a8-4884-aac2-ce9420542ced",
            "ticker": "KXHIGHNY-25FEB23-B44.5",
            "count": 3,
            "created_time": "2025-02-23T18:47:03.970329Z",
            "yes_price": 22,
            "no_price": 78,
            "taker_side": "yes"
        },
        {
            "trade_id": "2c75ecbf-37a0-449b-add2-c18c4472bbaa",
            "ticker": "KXHIGHNY-25FEB23-B44.5",
            "count": 10,
