{
    "KXHIGHNY-25JAN17-T35": [
        {
            "trade_id": "34f7ac09-6fb8-4376-bd6d-6691f2bff2ec",
            "ticker": "KXHIGHNY-25JAN17-T35",
            "count": 1,
            "created_time": "2025-01-17T13:01:19.613802Z",
            "yes_price": 1,
            "no_price": 99,
            "taker_side": "no"
        },
        {
            "trade_id": "8580b9b9-be29-46d7-ad5d-65bfe5b992d2",
            "ticker": "KXHIGHNY-25JAN17-T35",
            "count": 18,
            "created_time": "2025-01-17T06:15:08.755591Z",
            "yes_price": 1,
            "no_price": 99,
            "taker_side": "no"
        },
        {
            "trade_id": "39e8cccd-5b67-4993-bf4b-fb37f04b6c3f",
            "ticker": "KXHIGHNY-25JAN17-T35",
            "count": 80,
            "created_time": "2025-01-17T06:11:33.359686Z",
            "yes_price": 1,
            "no_price": 99,
            "taker_side": "no"
        },
        {
            "trade_id": "c4accf15-29f9-4f26-80ba-ce31fd8290e1",
            "ticker": "KXHIGHNY-25JAN17-T35",
            "count": 1,
            "created_time": "2025-01-17T05:34:28.260439Z",
            "yes_price": 1,
            "no_price": 99,
            "taker_side": "no"
        },
        {
            "trade_id": "95729e9b-31e6-4a68-a04b-2bae0d1c4ff2",
            "ticker": "KXHIGHNY-25JAN17-T35",
            "count": 100,
            "created_time": "2025-01-17T03:31:15.980273Z",
            "yes_price": 1,
            "no_price": 99,
            "taker_side": "no"
        }
    ],
    "KXHIGHNY-25JAN17-B35.5": [
        {
            "trade_id": "92e996fd-c4a9-4c36-98b8-f0be9965c33c",
            "ticker": "KXHIGHNY-25JAN17-B35.5",
            "count": 102,
            "created_time": "2025-01-17T13:01:28.060591Z",
            "yes_price": 1,
            "no_price": 99,
            "taker_side": "no"
        },
        {
            "trade_id": "029c24a3-8ee2-4925-a767-0fbb11b55b7f",
            "ticker": "KXHIGHNY-25JAN17-B35.5",
            "count": 1,
            "created_time": "2025-01-17T13:01:28.060591Z",
            "yes_price": 1,
            "no_price": 99,
            "taker_side": "no"
        },
        {
            "trade_id": "a6621eb3-9b1f-4ab7-a562-e50527c584cd",
            "ticker": "KXHIGHNY-25JAN17-B35.5",
            "count": 18,
            "created_time": "2025-01-17T06:15:08.594485Z",
            "yes_price": 1,
            "no_price": 99,
            "taker_side": "no"
        },
        {
            "trade_id": "c913fb0e-1715-4b37-86a4-f6bc181b3858",
            "ticker": "KXHIGHNY-25JAN17-B35.5",
            "count": 80,
            "created_time": "2025-01-17T06:11:33.356696Z",
            "yes_price": 1,
            "no_price": 99,
            "taker_side": "no"
        },
        {
            "trade_id": "b671c409-9aef-4ec6-91ae-67d35702ab11",
            "ticker": "KXHIGHNY-25JAN17-B35.5",
            "count": 1,
            "created_time": "2025-01-17T05:34:28.14656Z",
            "yes_price": 1,
            "no_price": 99,
            "taker_side": "no"
        },
        {
            "trade_id": "da526307-b029-42c2-8891-dc5b57a7a990",
            "ticker": "KXHIGHNY-25JAN17-B35.5",
            "count": 1,
            "created_time": "2025-01-17T04:45:28.031962Z",
            "yes_price": 4,
            "no_price": 96,
            "taker_side": "yes"
        },
        {
            "trade_id": "71a8b05d-8592-4932-852c-47ff4be33007",
            "ticker": "KXHIGHNY-25JAN17-B35.5",
            "count": 51,
            "created_time": "2025-01-17T01:59:20.406743Z",
            "yes_price": 3,
            "no_price": 97,
            "taker_side": "yes"
        },
        {
            "trade_id": "801a7cb5-d564-41bf-af67-8f3c82581eef",
            "ticker": "KXHIGHNY-25JAN17-B35.5",
            "count": 50,
            "created_time": "2025-01-16T21:35:38.652615Z",
            "yes_price": 2,
            "no_price": 98,
            "taker_side": "no"
        },
        {
            "trade_id": "6d8b5257-a24e-4733-b5d0-7c070f801ce1",
            "ticker": "KXHIGHNY-25JAN17-B35.5",
            "count": 1,
            "created_time": "2025-01-16T20:40:28.1751Z",
            "yes_price": 2,
            "no_price": 98,
            "taker_side": "no"
        },
        {
            "trade_id": "514e02d6-50ca-4c6f-b7df-c5e897f373c9",
            "ticker": "KXHIGHNY-25JAN17-B35.5",
            "count": 50,
            "created_time": "2025-01-16T20:40:28.1751Z",
            "yes_price": 2,
            "no_price": 98,
            "taker_side": "no"
        },
        {
            "trade_id": "1a11cf2c-ce50-4a2e-872d-407ed79e794d",
            "ticker": "KXHIGHNY-25JAN17-B35.5",
            "count": 1,
            "created_time": "2025-01-16T17:30:25.598444Z",
            "yes_price": 3,
            "no_price": 97,
            "taker_side": "yes"
        }
    ],
    "KXHIGHNY-25JAN17-B37.5": [
        {
            "trade_id": "ea9053bd-dd9e-42e7-af54-c13e7c6776eb",
            "ticker": "KXHIGHNY-25JAN17-B37.5",
            "count": 46,
            "created_time": "2025-01-17T18:42:27.716998Z",
            "yes_price": 1,
            "no_price": 99,
            "taker_side": "yes"
        },
        {
            "trade_id": "105de5d7-115b-47fb-862d-7f7557820b8f",
            "ticker": "KXHIGHNY-25JAN17-B37.5",
            "count": 2,
            "created_time": "2025-01-17T17:53:47.848758Z",
            "yes_price": 1,
            "no_price": 99,
            "taker_side": "yes"
        },
        {
            "trade_id": "cd7394d6-f8eb-4a1f-9053-135cb6f3be73",
            "ticker": "KXHIGHNY-25JAN17-B37.5",
            "count": 46,
            "created_time": "2025-01-17T16:59:17.101554Z",
            "yes_price": 2,
            "no_price": 98,
            "taker_side": "yes"
        },
        {
            "trade_id": "faa9afd3-c6a0-4656-b00e-e91ef5278bf5",
            "ticker": "KXHIGHNY-25JAN17-B37.5",
            "count": 200,
            "created_time": "2025-01-17T16:27:22.572275Z",
            "yes_price": 2,
            "no_price": 98,
            "taker_side": "no"
        },
        {
            "trade_id": "09f131c9-33e7-4bed-af1b-e27d73ca58a0",
            "ticker": "KXHIGHNY-25JAN17-B37.5",
            "count": 54,
            "created_time": "2025-01-17T16:27:22.572275Z",
            "yes_price": 1,
            "no_price": 99,
            "taker_side": "no"
        },
        {
            "trade_id": "b3fcf837-aa71-4f29-b746-9641a408b7cd",
            "ticker": "KXHIGHNY-25JAN17-B37.5",
            "count": 504,
            "created_time": "2025-01-17T16:24:51.112987Z",
            "yes_price": 1,
            "no_price": 99,
            "taker_side": "no"
        },
        {
            "trade_id": "97c234fc-f5ac-40f3-b790-bbf6aac28eac",
            "ticker": "KXHIGHNY-25JAN17-B37.5",
            "count": 358,
            "created_time": "2025-01-17T16:24:36.972256Z",
            "yes_price": 1,
            "no_price": 99,
            "taker_side": "no"
        },
        {
            "trade_id": "1e0b643b-8c1e-4dad-9a65-80bc5fbf6739",
            "ticker": "KXHIGHNY-25JAN17-B37.5",
            "count": 150,
            "created_time": "2025-01-17T16:24:36.972256Z",
            "yes_price": 4,
            "no_price": 96,
            "taker_side": "no"
        },
        {
            "trade_id": "fa914996-b5e6-4fca-ae5d-c2d221897ec8",
            "ticker": "KXHIGHNY-25JAN17-B37.5",
            "count": 150,
            "created_time": "2025-01-17T16:22:35.153911Z",
            "yes_price": 5,
            "no_price": 95,
            "taker_side": "yes"
        },
        {
            "trade_id": "c42908f5-9577-4542-b0bc-305418b234ed",
            "ticker": "KXHIGHNY-25JAN17-B37.5",
            "count": 80,
            "created_time": "2025-01-17T15:54:06.399095Z",
            "yes_price": 3,
            "no_price": 97,
            "taker_side": "yes"
        },
        {
            "trade_id": "c2203372-034a-442e-b0f8-3d5d29aef35e",
            "ticker": "KXHIGHNY-25JAN17-B37.5",
            "count": 1000,
            "created_time": "2025-01-17T15:54:06.399095Z",
            "yes_price": 4,
            "no_price": 96,
            "taker_side": "yes"
        },
        {
            "trade_id": "ca69e533-d322-4fba-bd0f-4707a6cbdff6",
            "ticker": "KXHIGHNY-25JAN17-B37.5",
            "count": 2,
            "created_time": "2025-01-17T15:25:23.090842Z",
            "yes_price": 1,
            "no_price": 99,
            "taker_side": "no"
        },
        {
            "trade_id": "ec8ee764-d513-4c24-8be5-01118ccb849c",
            "ticker": "KXHIGHNY-25JAN17-B37.5",
            "count": 2,
            "created_time": "2025-01-17T15:24:10.618978Z",
            "yes_price": 1,
            "no_price": 99,
            "taker_side": "no"
        },
        {
            "trade_id": "7835fcfc-bfad-4757-aeb2-8a826f918215",
            "ticker": "KXHIGHNY-25JAN17-B37.5",
            "count": 36,
            "created_time": "2025-01-17T15:24:10.618978Z",
            "yes_price": 1,
            "no_price": 99,
            "taker_side": "no"
        },
        {
            "trade_id": "8a8807a8-4014-403d-9405-2665eb0d5a08",
            "ticker": "KXHIGHNY-25JAN17-B37.5",
            "count": 95,
            "created_time": "2025-01-17T15:24:07.992544Z",
            "yes_price": 1,
            "no_price": 99,
            "taker_side": "no"
        },
        {
            "trade_id": "89a98cf6-36b3-4bbd-9a7d-4d427529200d",
            "ticker": "KXHIGHNY-25JAN17-B37.5",
            "count": 5,
            "created_time": "2025-01-17T15:23:55.673071Z",
            "yes_price": 2,
            "no_price": 98,
            "taker_side": "no"
        },
        {
            "trade_id": "f8699ad8-40ea-4efb-a745-99629e92e235",
            "ticker": "KXHIGHNY-25JAN17-B37.5",
            "count": 53,
            "created_time": "2025-01-17T15:15:07.558816Z",
            "yes_price": 1,
            "no_price": 99,
            "taker_side": "no"
        },
        {
            "trade_id": "7dcae959-50aa-4160-8a91-7d9e17afb7a5",
            "ticker": "KXHIGHNY-25JAN17-B37.5",
            "count": 100,
            "created_time": "2025-01-17T15:15:07.558816Z",
            "yes_price": 2,
            "no_price": 98,
            "taker_side": "no"
        },
        {
            "trade_id": "43731cb1-4521-4982-bd4f-670440486650",
            "ticker": "KXHIGHNY-25JAN17-B37.5",
            "count": 29,
            "created_time": "2025-01-17T15:15:07.558816Z",
            "yes_price": 2,
            "no_price": 98,
            "taker_side": "no"
        },
        {
            "trade_id": "2833ba73-dbf2-4436-b582-c4f8db82086f",
            "ticker": "KXHIGHNY-25JAN17-B37.5",
            "count": 276,
            "created_time": "2025-01-17T15:15:07.558816Z",
            "yes_price": 2,
            "no_price": 98,
            "taker_side": "no"
        },
        {
            "trade_id": "10a740d9-2e90-423b-badf-e29e5ce8fecd",
            "ticker": "KXHIGHNY-25JAN17-B37.5",
            "count": 50,
            "created_time": "2025-01-17T15:15:07.558816Z",
            "yes_price": 2,
            "no_price": 98,
            "taker_side": "no"
        },
        {
            "trade_id": "f3f1c0b8-1d07-442c-88d7-29f9e941d452",
            "ticker": "KXHIGHNY-25JAN17-B37.5",
            "count": 24,
            "created_time": "2025-01-17T15:14:57.390784Z",
            "yes_price": 2,
            "no_price": 98,
            "taker_side": "no"
        },
        {
            "trade_id": "68583997-c89e-4b1b-ab27-7da7447c5d52",
            "ticker": "KXHIGHNY-25JAN17-B37.5",
            "count": 78,
            "created_time": "2025-01-17T15:14:57.390784Z",
            "yes_price": 3,
            "no_price": 97,
            "taker_side": "no"
        },
        {
            "trade_id": "4bc2b46f-78dc-4860-a3dc-4cb1029d46b2",
            "ticker": "KXHIGHNY-25JAN17-B37.5",
            "count": 200,
            "created_time": "2025-01-17T15:11:05.385381Z",
            "yes_price": 2,
            "no_price": 98,
            "taker_side": "no"
        },
        {
            "trade_id": "65cd9669-893d-40f0-a1e1-a50e89146341",
            "ticker": "KXHIGHNY-25JAN17-B37.5",
            "count": 82,
            "created_time": "2025-01-17T15:09:57.494053Z",
            "yes_price": 3,
            "no_price": 97,
            "taker_side": "no"
        },
        {
            "trade_id": "e1eeac9d-f6eb-43ac-9056-fa884ad33482",
            "ticker": "KXHIGHNY-25JAN17-B37.5",
            "count": 72,
            "created_time": "2025-01-17T13:43:00.283787Z",
            "yes_price": 4,
            "no_price": 96,
            "taker_side": "no"
        },
        {
            "trade_id": "ce2ad331-e285-4f33-ba97-79d9f4f2510e",
            "ticker": "KXHIGHNY-25JAN17-B37.5",
            "count": 33,
            "created_time": "2025-01-17T13:43:00.283787Z",
            "yes_price": 4,
            "no_price": 96,
            "taker_side": "no"
        },
        {
            "trade_id": "4ee69db5-7aeb-4ea5-a542-5d75f3c51da3",
            "ticker": "KXHIGHNY-25JAN17-B37.5",
            "count": 14,
            "created_time": "2025-01-17T13:43:00.283787Z",
            "yes_price": 5,
            "no_price": 95,
            "taker_side": "no"
        },
        {
            "trade_id": "b152b46a-d9ed-4998-8f68-52d060252336",
            "ticker": "KXHIGHNY-25JAN17-B37.5",
            "count": 14,
            "created_time": "2025-01-17T13:20:48.148112Z",
            "yes_price": 8,
            "no_price": 92,
            "taker_side": "no"
        },
        {
            "trade_id": "9f36c63c-4d7d-4f66-9da5-82a6a96b903e",
            "ticker": "KXHIGHNY-25JAN17-B37.5",
            "count": 8,
            "created_time": "2025-01-17T13:20:48.148112Z",
            "yes_price": 6,
            "no_price": 94,
            "taker_side": "no"
        },
        {
            "trade_id": "048319b9-7ce1-4729-9089-3adbda6fddf4",
            "ticker": "KXHIGHNY-25JAN17-B37.5",
            "count": 5,
            "created_time": "2025-01-17T13:20:48.148112Z",
            "yes_price": 6,
            "no_price": 94,
            "taker_side": "no"
        },
        {
            "trade_id": "6c0f849d-446c-452f-b8cb-b452ffa6b5cd",
            "ticker": "KXHIGHNY-25JAN17-B37.5",
            "count": 23,
            "created_time": "2025-01-17T13:10:45.510968Z",
            "yes_price": 8,
            "no_price": 92,
            "taker_side": "no"
        },
        {
            "trade_id": "ec6fef91-e035-48b4-9598-8737fad850d1",
            "ticker": "KXHIGHNY-25JAN17-B37.5",
            "count": 23,
            "created_time": "2025-01-17T13:04:25.055986Z",
            "yes_price": 5,
            "no_price": 95,
            "taker_side": "no"
        },
        {
            "trade_id": "4c565d3e-d764-48b5-b95a-ec3063a1f25b",
            "ticker": "KXHIGHNY-25JAN17-B37.5",
            "count": 20,
            "created_time": "2025-01-17T13:04:25.055986Z",
            "yes_price": 6,
            "no_price": 94,
            "taker_side": "no"
        },
        {
            "trade_id": "44bef5b7-8fc5-4131-b849-0a38adf619c6",
            "ticker": "KXHIGHNY-25JAN17-B37.5",
            "count": 9,
            "created_time": "2025-01-17T13:04:25.055986Z",
            "yes_price": 6,
            "no_price": 94,
            "taker_side": "no"
        },
        {
            "trade_id": "ecd71664-a691-45de-be03-8f86a0fc7eec",
            "ticker": "KXHIGHNY-25JAN17-B37.5",
            "count": 53,
            "created_time": "2025-01-17T13:01:47.938553Z",
            "yes_price": 6,
            "no_price": 94,
            "taker_side": "no"
        },
        {
            "trade_id": "cc136a17-68a4-432d-a417-f9bedac5778c",
            "ticker": "KXHIGHNY-25JAN17-B37.5",
            "count": 41,
            "created_time": "2025-01-17T13:01:47.938553Z",
            "yes_price": 10,
            "no_price": 90,
            "taker_side": "no"
        },
        {
            "trade_id": "32d28ea7-eed7-4505-b55a-0bbbce27d9bc",
            "ticker": "KXHIGHNY-25JAN17-B37.5",
            "count": 13,
            "created_time": "2025-01-17T13:01:47.938553Z",
            "yes_price": 5,
            "no_price": 95,
            "taker_side": "no"
        },
        {
            "trade_id": "9ea225b4-9df3-487e-9c0a-5a491e4adbd3",
            "ticker": "KXHIGHNY-25JAN17-B37.5",
            "count": 10,
            "created_time": "2025-01-17T13:00:47.798651Z",
            "yes_price": 14,
            "no_price": 86,
            "taker_side": "no"
        },
        {
            "trade_id": "7d6d2494-3231-48b0-99c2-07e3ef5618b0",
            "ticker": "KXHIGHNY-25JAN17-B37.5",
            "count": 5,
            "created_time": "2025-01-17T13:00:47.619327Z",
            "yes_price": 16,
            "no_price": 84,
            "taker_side": "no"
        },
        {
            "trade_id": "840cf7ab-3f10-41af-b730-477cb6f1d199",
            "ticker": "KXHIGHNY-25JAN17-B37.5",
            "count": 95,
            "created_time": "2025-01-17T13:00:47.510404Z",
            "yes_price": 16,
            "no_price": 84,
            "taker_side": "no"
        },
        {
            "trade_id": "31532a51-0837-49e4-85e0-ac85abd53608",
            "ticker": "KXHIGHNY-25JAN17-B37.5",
            "count": 18,
            "created_time": "2025-01-17T06:15:08.596165Z",
            "yes_price": 20,
            "no_price": 80,
            "taker_side": "no"
        },
        {
            "trade_id": "c85b0ce8-2b5a-4aeb-a17c-3a379e82db11",
            "ticker": "KXHIGHNY-25JAN17-B37.5",
            "count": 80,
            "created_time": "2025-01-17T06:11:33.368479Z",
            "yes_price": 21,
            "no_price": 79,
            "taker_side": "no"
        },
        {
            "trade_id": "d01c53af-11ee-49b5-8c4f-02f4fd848c61",
            "ticker": "KXHIGHNY-25JAN17-B37.5",
            "count": 80,
            "created_time": "2025-01-17T05:57:11.04738Z",
            "yes_price": 23,
            "no_price": 77,
            "taker_side": "yes"
        },
        {
            "trade_id": "55bf47e5-b9d2-42f4-b457-75df6e74f29b",
            "ticker": "KXHIGHNY-25JAN17-B37.5",
            "count": 58,
            "created_time": "2025-01-17T05:57:11.04738Z",
            "yes_price": 24,
            "no_price": 76,
            "taker_side": "yes"
        },
        {
            "trade_id": "cb9e2880-6da5-4444-af65-37de243c1ad6",
            "ticker": "KXHIGHNY-25JAN17-B37.5",
            "count": 113,
            "created_time": "2025-01-17T05:49:41.696611Z",
            "yes_price": 18,
            "no_price": 82,
            "taker_side": "no"
        },
        {
            "trade_id": "af10acba-a52a-40c0-bdb1-8eabf460939f",
            "ticker": "KXHIGHNY-25JAN17-B37.5",
            "count": 2,
            "created_time": "2025-01-17T05:49:41.696611Z",
            "yes_price": 22,
            "no_price": 78,
            "taker_side": "no"
        },
        {
            "trade_id": "8cf2305b-0057-469f-9ee4-1dc755e2150f",
            "ticker": "KXHIGHNY-25JAN17-B37.5",
            "count": 80,
            "created_time": "2025-01-17T05:49:41.696611Z",
            "yes_price": 22,
            "no_price": 78,
            "taker_side": "no"
        },
        {
            "trade_id": "301875d1-24cc-402d-b11d-aca2cfcb6bf8",
            "ticker": "KXHIGHNY-25JAN17-B37.5",
            "count": 100,
            "created_time": "2025-01-17T05:49:41.696611Z",
            "yes_price": 20,
            "no_price": 80,
            "taker_side": "no"
        },
        {
            "trade_id": "a3fd58a6-db20-4084-a431-1db24c95c017",
            "ticker": "KXHIGHNY-25JAN17-B37.5",
            "count": 3,
            "created_time": "2025-01-17T05:41:47.16629Z",
            "yes_price": 26,
            "no_price": 74,
            "taker_side": "yes"
        },
        {
            "trade_id": "091fdde6-f03a-4e9a-93ca-da8d841d12f5",
            "ticker": "KXHIGHNY-25JAN17-B37.5",
            "count": 1,
            "created_time": "2025-01-17T05:34:27.75239Z",
            "yes_price": 24,
            "no_price": 76,
            "taker_side": "no"
        },
        {
            "trade_id": "e50f8515-ff64-47dd-95db-175f3c3ff542",
            "ticker": "KXHIGHNY-25JAN17-B37.5",
            "count": 2,
            "created_time": "2025-01-17T04:45:10.020127Z",
            "yes_price": 25,
            "no_price": 75,
            "taker_side": "yes"
        },
        {
            "trade_id": "9901b89e-f498-4fe8-948d-b08b0409ee49",
            "ticker": "KXHIGHNY-25JAN17-B37.5",
            "count": 2,
            "created_time": "2025-01-17T04:45:10.020127Z",
            "yes_price": 26,
            "no_price": 74,
            "taker_side": "yes"
        },
        {
            "trade_id": "0457f714-b4e3-4a26-beb1-f7f3469b0b40",
            "ticker": "KXHIGHNY-25JAN17-B37.5",
            "count": 2,
            "created_time": "2025-01-17T04:07:23.394128Z",
            "yes_price": 22,
            "no_price": 78,
            "taker_side": "no"
        },
        {
            "trade_id": "a3316fd8-eb84-423b-b1e2-075e910ac657",
            "ticker": "KXHIGHNY-25JAN17-B37.5",
            "count": 240,
            "created_time": "2025-01-17T03:46:24.39766Z",
            "yes_price": 26,
            "no_price": 74,
            "taker_side": "yes"
        },
        {
            "trade_id": "85aecdd7-a964-453e-975a-10e1c01ca517",
            "ticker": "KXHIGHNY-25JAN17-B37.5",
            "count": 10,
            "created_time": "2025-01-17T03:46:24.39766Z",
            "yes_price": 26,
            "no_price": 74,
            "taker_side": "yes"
        },
        {
            "trade_id": "6fd75c6a-2e91-42d6-9306-a06bd2a74e8c",
            "ticker": "KXHIGHNY-25JAN17-B37.5",
            "count": 1,
            "created_time": "2025-01-17T03:46:24.39766Z",
            "yes_price": 24,
            "no_price": 76,
            "taker_side": "yes"
        },
        {
            "trade_id": "58460923-c684-4f45-80d7-45b1b3f3777b",
            "ticker": "KXHIGHNY-25JAN17-B37.5",
            "count": 67,
            "created_time": "2025-01-17T03:46:24.39766Z",
            "yes_price": 24,
            "no_price": 76,
            "taker_side": "yes"
        },
        {
            "trade_id": "5808a77e-8237-4595-90a7-140447bc9ac9",
            "ticker": "KXHIGHNY-25JAN17-B37.5",
            "count": 240,
            "created_time": "2025-01-17T03:46:24.39766Z",
            "yes_price": 28,
            "no_price": 72,
            "taker_side": "yes"
        },
        {
            "trade_id": "3be7303c-83ca-4c84-afb5-78d42ec565ea",
            "ticker": "KXHIGHNY-25JAN17-B37.5",
            "count": 12,
            "created_time": "2025-01-17T03:46:24.39766Z",
            "yes_price": 24,
            "no_price": 76,
            "taker_side": "yes"
        },
        {
            "trade_id": "16da6297-663f-4b2e-82d9-4892fe92d327",
            "ticker": "KXHIGHNY-25JAN17-B37.5",
            "count": 1,
            "created_time": "2025-01-17T03:46:24.39766Z",
            "yes_price": 24,
            "no_price": 76,
            "taker_side": "yes"
        },
        {
            "trade_id": "008abba9-8176-42ec-a937-fdfae7694841",
            "ticker": "KXHIGHNY-25JAN17-B37.5",
            "count": 137,
            "created_time": "2025-01-17T03:46:24.39766Z",
            "yes_price": 28,
            "no_price": 72,
            "taker_side": "yes"
        },
        {
            "trade_id": "5a2e29b2-1b66-4048-8c8e-71d412145efb",
            "ticker": "KXHIGHNY-25JAN17-B37.5",
            "count": 2,
            "created_time": "2025-01-17T03:40:43.273447Z",
            "yes_price": 24,
            "no_price": 76,
            "taker_side": "yes"
        },
        {
            "trade_id": "d821cbe6-8f5c-4502-b657-22180996afe3",
            "ticker": "KXHIGHNY-25JAN17-B37.5",
            "count": 21,
            "created_time": "2025-01-17T03:02:20.642638Z",
            "yes_price": 19,
            "no_price": 81,
            "taker_side": "no"
        },
        {
            "trade_id": "79893f59-b526-4b74-9f7f-2eec7f9e0901",
            "ticker": "KXHIGHNY-25JAN17-B37.5",
            "count": 73,
            "created_time": "2025-01-17T03:02:20.642638Z",
            "yes_price": 19,
            "no_price": 81,
            "taker_side": "no"
        },
        {
            "trade_id": "2b578a32-dc7b-4448-b370-a45c66d2c392",
            "ticker": "KXHIGHNY-25JAN17-B37.5",
            "count": 5,
            "created_time": "2025-01-17T03:02:20.642638Z",
            "yes_price": 19,
            "no_price": 81,
            "taker_side": "no"
        },
        {
            "trade_id": "29b6a0a8-d101-4fc9-8c1c-9f302c896309",
            "ticker": "KXHIGHNY-25JAN17-B37.5",
            "count": 17,
            "created_time": "2025-01-17T03:02:20.642638Z",
            "yes_price": 17,
            "no_price": 83,
            "taker_side": "no"
        },
        {
            "trade_id": "ba628238-f1eb-4ce4-a35c-72ee2cfc64fb",
            "ticker": "KXHIGHNY-25JAN17-B37.5",
            "count": 5,
            "created_time": "2025-01-17T02:44:28.384518Z",
            "yes_price": 25,
            "no_price": 75,
            "taker_side": "yes"
        },
        {
            "trade_id": "64a105c7-9920-47e9-bb27-3e1d0f72230b",
            "ticker": "KXHIGHNY-25JAN17-B37.5",
            "count": 17,
            "created_time": "2025-01-17T02:44:28.384518Z",
            "yes_price": 25,
            "no_price": 75,
            "taker_side": "yes"
        },
        {
            "trade_id": "b0b62676-ca85-491f-afeb-47c22f1bce05",
            "ticker": "KXHIGHNY-25JAN17-B37.5",
            "count": 16,
            "created_time": "2025-01-17T01:09:51.3919Z",
            "yes_price": 25,
            "no_price": 75,
            "taker_side": "yes"
        },
        {
            "trade_id": "5749e3b9-8f45-4c78-bfb6-65dd69326ec9",
            "ticker": "KXHIGHNY-25JAN17-B37.5",
            "count": 3,
            "created_time": "2025-01-17T01:09:51.3919Z",
            "yes_price": 25,
            "no_price": 75,
            "taker_side": "yes"
        },
        {
            "trade_id": "f93a8b8b-281a-4538-a510-2a60e6caf66a",
            "ticker": "KXHIGHNY-25JAN17-B37.5",
            "count": 14,
            "created_time": "2025-01-17T01:06:55.719078Z",
            "yes_price": 24,
            "no_price": 76,
            "taker_side": "yes"
        },
        {
            "trade_id": "ed07c308-6880-4e15-bd6e-70b1ed0d5743",
            "ticker": "KXHIGHNY-25JAN17-B37.5",
            "count": 56,
            "created_time": "2025-01-17T01:06:55.719078Z",
            "yes_price": 24,
            "no_price": 76,
            "taker_side": "yes"
        },
        {
            "trade_id": "d5c8ca4c-4cea-47cf-810c-5a4fafd5f3b5",
            "ticker": "KXHIGHNY-25JAN17-B37.5",
            "count": 30,
            "created_time": "2025-01-17T01:06:55.719078Z",
            "yes_price": 24,
            "no_price": 76,
            "taker_side": "yes"
        },
        {
            "trade_id": "2a85669d-448f-46f6-a1f1-0f7220c95bdf",
            "ticker": "KXHIGHNY-25JAN17-B37.5",
            "count": 100,
            "created_time": "2025-01-17T01:06:55.719078Z",
            "yes_price": 26,
            "no_price": 74,
            "taker_side": "yes"
        },
        {
            "trade_id": "9f566819-953b-4fde-8805-4a0547ebc628",
            "ticker": "KXHIGHNY-25JAN17-B37.5",
            "count": 18,
            "created_time": "2025-01-17T00:24:32.318833Z",
            "yes_price": 24,
            "no_price": 76,
            "taker_side": "yes"
        },
        {
            "trade_id": "f9c4fe76-c7ea-41c2-98b5-d141c16148f1",
            "ticker": "KXHIGHNY-25JAN17-B37.5",
            "count": 158,
            "created_time": "2025-01-17T00:20:31.979575Z",
            "yes_price": 24,
            "no_price": 76,
            "taker_side": "yes"
        },
        {
            "trade_id": "bfddfe88-6337-44f6-91f5-c7008e88ab91",
            "ticker": "KXHIGHNY-25JAN17-B37.5",
            "count": 240,
            "created_time": "2025-01-17T00:20:31.979575Z",
            "yes_price": 22,
            "no_price": 78,
            "taker_side": "yes"
        },
        {
            "trade_id": "7aabc964-53f1-4293-b043-3c8d0155ff72",
            "ticker": "KXHIGHNY-25JAN17-B37.5",
            "count": 20,
            "created_time": "2025-01-17T00:20:31.979575Z",
            "yes_price": 20,
            "no_price": 80,
            "taker_side": "yes"
        },
        {
            "trade_id": "bc4c36d3-03a0-461c-8c4a-e83a861893a5",
            "ticker": "KXHIGHNY-25JAN17-B37.5",
            "count": 11,
            "created_time": "2025-01-17T00:17:55.428077Z",
            "yes_price": 18,
            "no_price": 82,
            "taker_side": "yes"
        },
        {
            "trade_id": "82b60631-0160-4f8b-90af-5dbad9c1d739",
            "ticker": "KXHIGHNY-25JAN17-B37.5",
            "count": 22,
            "created_time": "2025-01-17T00:17:55.428077Z",
            "yes_price": 18,
            "no_price": 82,
            "taker_side": "yes"
        },
        {
            "trade_id": "6b53cbab-1fe8-4bae-af85-58ac8a55973e",
            "ticker": "KXHIGHNY-25JAN17-B37.5",
            "count": 240,
            "created_time": "2025-01-17T00:17:55.428077Z",
            "yes_price": 20,
            "no_price": 80,
            "taker_side": "yes"
        },
        {
            "trade_id": "0fa3d497-14f0-4032-b7ee-5bc9ad642322",
            "ticker": "KXHIGHNY-25JAN17-B37.5",
            "count": 349,
            "created_time": "2025-01-17T00:17:55.428077Z",
            "yes_price": 19,
            "no_price": 81,
            "taker_side": "yes"
        },
        {
            "trade_id": "058a9cad-cbb0-455c-aa83-650f18ee3822",
            "ticker": "KXHIGHNY-25JAN17-B37.5",
            "count": 3,
            "created_time": "2025-01-17T00:17:55.428077Z",
            "yes_price": 18,
            "no_price": 82,
            "taker_side": "yes"
        },
        {
            "trade_id": "b2baeaa5-08de-43c6-b5cf-ee9a56ccb491",
            "ticker": "KXHIGHNY-25JAN17-B37.5",
            "count": 32,
            "created_time": "2025-01-16T23:18:36.808184Z",
            "yes_price": 19,
            "no_price": 81,
            "taker_side": "yes"
        },
        {
            "trade_id": "42f86732-5d27-48bb-b844-0e6f25344c4b",
            "ticker": "KXHIGHNY-25JAN17-B37.5",
            "count": 45,
            "created_time": "2025-01-16T23:18:36.808184Z",
            "yes_price": 18,
            "no_price": 82,
            "taker_side": "yes"
        },
        {
            "trade_id": "80525fef-e025-4ea0-8d46-580b858c8d86",
            "ticker": "KXHIGHNY-25JAN17-B37.5",
            "count": 119,
            "created_time": "2025-01-16T22:46:56.67267Z",
            "yes_price": 19,
            "no_price": 81,
            "taker_side": "yes"
        },
        {
            "trade_id": "f21acd30-06e4-4ca4-9d3f-e53f0fd4e689",
            "ticker": "KXHIGHNY-25JAN17-B37.5",
            "count": 196,
            "created_time": "2025-01-16T22:44:06.958881Z",
            "yes_price": 15,
            "no_price": 85,
            "taker_side": "no"
        },
        {
            "trade_id": "d31b8a67-1a5f-4c73-aece-10bf335eefb7",
            "ticker": "KXHIGHNY-25JAN17-B37.5",
            "count": 44,
            "created_time": "2025-01-16T22:44:06.958881Z",
            "yes_price": 15,
            "no_price": 85,
            "taker_side": "no"
        },
        {
            "trade_id": "bb752162-1ae5-408a-bbe8-317f601084aa",
            "ticker": "KXHIGHNY-25JAN17-B37.5",
            "count": 55,
            "created_time": "2025-01-16T22:44:06.958881Z",
            "yes_price": 17,
            "no_price": 83,
            "taker_side": "no"
        },
        {
            "trade_id": "6bf00b22-4b00-4345-911e-d490c6eb452f",
            "ticker": "KXHIGHNY-25JAN17-B37.5",
            "count": 4,
            "created_time": "2025-01-16T22:44:06.958881Z",
            "yes_price": 17,
            "no_price": 83,
            "taker_side": "no"
        },
        {
            "trade_id": "5a1d908b-4794-411b-9e20-dd7b9a3916b7",
            "ticker": "KXHIGHNY-25JAN17-B37.5",
            "count": 36,
            "created_time": "2025-01-16T22:44:06.958881Z",
            "yes_price": 17,
            "no_price": 83,
            "taker_side": "no"
        },
        {
            "trade_id": "187fe13b-3234-4403-b18b-46b9c3120ad4",
            "ticker": "KXHIGHNY-25JAN17-B37.5",
            "count": 27,
            "created_time": "2025-01-16T22:44:06.958881Z",
            "yes_price": 17,
            "no_price": 83,
            "taker_side": "no"
        },
        {
            "trade_id": "c321a62e-3697-4cd5-849b-ed110ea11e3d",
            "ticker": "KXHIGHNY-25JAN17-B37.5",
            "count": 39,
            "created_time": "2025-01-16T22:28:35.02029Z",
            "yes_price": 24,
            "no_price": 76,
            "taker_side": "yes"
        },
        {
            "trade_id": "96d2a3a8-705d-4b4b-891d-aaaafbead73c",
            "ticker": "KXHIGHNY-25JAN17-B37.5",
            "count": 4,
            "created_time": "2025-01-16T22:07:52.176796Z",
            "yes_price": 23,
            "no_price": 77,
            "taker_side": "yes"
        },
        {
            "trade_id": "eebe1426-c3ec-4692-9d2d-2b8ac4cbfcac",
            "ticker": "KXHIGHNY-25JAN17-B37.5",
            "count": 13,
            "created_time": "2025-01-16T20:43:50.207655Z",
            "yes_price": 26,
            "no_price": 74,
            "taker_side": "yes"
        },
        {
            "trade_id": "28b807a6-7f09-4164-bbcc-263e4568961b",
            "ticker": "KXHIGHNY-25JAN17-B37.5",
            "count": 82,
            "created_time": "2025-01-16T20:43:50.207655Z",
            "yes_price": 28,
            "no_price": 72,
            "taker_side": "yes"
        },
        {
            "trade_id": "1a14472f-6507-463f-9cd4-fb4c8d0fc946",
            "ticker": "KXHIGHNY-25JAN17-B37.5",
            "count": 1,
            "created_time": "2025-01-16T20:43:50.207655Z",
            "yes_price": 30,
            "no_price": 70,
            "taker_side": "yes"
        },
        {
            "trade_id": "0e1045c9-a2e0-4b7e-9e5c-007f8e2c7353",
            "ticker": "KXHIGHNY-25JAN17-B37.5",
            "count": 5,
            "created_time": "2025-01-16T19:39:46.434611Z",
            "yes_price": 21,
            "no_price": 79,
            "taker_side": "no"
        },
        {
            "trade_id": "45c64f9f-de60-44ad-b075-a4cc92f0ef79",
            "ticker": "KXHIGHNY-25JAN17-B37.5",
            "count": 2,
            "created_time": "2025-01-16T19:38:12.914966Z",
            "yes_price": 21,
            "no_price": 79,
            "taker_side": "no"
        },
        {
            "trade_id": "ae0739cf-d58e-4e6d-b51e-481f62f50d69",
            "ticker": "KXHIGHNY-25JAN17-B37.5",
            "count": 3,
            "created_time": "2025-01-16T19:38:02.176007Z",
            "yes_price": 21,
            "no_price": 79,
            "taker_side": "yes"
        },
        {
            "trade_id": "909af4b1-c484-4b56-9278-09b1c9d72349",
            "ticker": "KXHIGHNY-25JAN17-B37.5",
            "count": 2,
            "created_time": "2025-01-16T19:38:02.176007Z",
            "yes_price": 21,
            "no_price": 79,
            "taker_side": "yes"
        },
        {
            "trade_id": "3f0a1a79-c380-4070-8607-200b53dfda1b",
            "ticker": "KXHIGHNY-25JAN17-B37.5",
            "count": 30,
            "created_time": "2025-01-16T19:38:02.176007Z",
            "yes_price": 21,
            "no_price": 79,
            "taker_side": "yes"
        },
        {
            "trade_id": "fd0965a6-df71-4ade-94d2-6bf93215ea58",
            "ticker": "KXHIGHNY-25JAN17-B37.5",
            "count": 2,
            "created_time": "2025-01-16T19:28:57.701502Z",
            "yes_price": 16,
            "no_price": 84,
            "taker_side": "no"
        },
        {
            "trade_id": "3ecb1f94-9ca2-42e0-a411-435e8d739bde",
            "ticker": "KXHIGHNY-25JAN17-B37.5",
            "count": 2,
            "created_time": "2025-01-16T19:28:46.106628Z",
            "yes_price": 16,
            "no_price": 84,
            "taker_side": "no"
        },
        {
            "trade_id": "5f67c0b3-6230-43d7-85b9-831254dcf635",
            "ticker": "KXHIGHNY-25JAN17-B37.5",
            "count": 2,
            "created_time": "2025-01-16T19:28:35.614372Z",
            "yes_price": 16,
            "no_price": 84,
            "taker_side": "no"
        },
        {
            "trade_id": "1cf2baef-2bff-4f03-a982-556fb291e6a3",
            "ticker": "KXHIGHNY-25JAN17-B37.5",
            "count": 2,
            "created_time": "2025-01-16T19:28:11.795403Z",
            "yes_price": 16,
            "no_price": 84,
            "taker_side": "no"
        },
        {
            "trade_id": "c9f0e4c1-0476-4df3-a696-c61efc3fe674",
            "ticker": "KXHIGHNY-25JAN17-B37.5",
            "count": 50,
            "created_time": "2025-01-16T19:27:59.683558Z",
            "yes_price": 17,
            "no_price": 83,
            "taker_side": "no"
        },
        {
            "trade_id": "6cdb9b8d-161d-43e0-ba84-e0f0b4b2b483",
            "ticker": "KXHIGHNY-25JAN17-B37.5",
            "count": 56,
            "created_time": "2025-01-16T19:27:59.683558Z",
            "yes_price": 16,
            "no_price": 84,
            "taker_side": "no"
        },
        {
            "trade_id": "85cd4d74-40be-4bc3-a0b4-1418dc2af4ff",
            "ticker": "KXHIGHNY-25JAN17-B37.5",
            "count": 4,
            "created_time": "2025-01-16T17:24:35.709541Z",
            "yes_price": 16,
            "no_price": 84,
            "taker_side": "no"
        },
        {
            "trade_id": "632e8e06-69a7-4b30-a2d8-89b9a6d4a211",
            "ticker": "KXHIGHNY-25JAN17-B37.5",
            "count": 44,
            "created_time": "2025-01-16T15:36:43.671183Z",
            "yes_price": 13,
            "no_price": 87,
            "taker_side": "no"
        }
    ],
    "KXHIGHNY-25JAN17-B39.5": [
        {
            "trade_id": "9a27e4cb-791e-4565-8367-94db8637e082",
            "ticker": "KXHIGHNY-25JAN17-B39.5",
            "count": 76,
            "created_time": "2025-01-17T22:59:36.983089Z",
            "yes_price": 1,
            "no_price": 99,
            "taker_side": "yes"
        },
        {
            "trade_id": "7544c2c4-f667-4817-8b52-448d672873e4",
            "ticker": "KXHIGHNY-25JAN17-B39.5",
            "count": 125,
            "created_time": "2025-01-17T22:23:53.407331Z",
            "yes_price": 1,
            "no_price": 99,
            "taker_side": "yes"
        },
        {
            "trade_id": "42213da8-509d-47d0-93f5-4c31e12e3e61",
            "ticker": "KXHIGHNY-25JAN17-B39.5",
            "count": 93,
            "created_time": "2025-01-17T21:32:12.291228Z",
            "yes_price": 1,
            "no_price": 99,
            "taker_side": "yes"
        },
        {
            "trade_id": "959a8b7a-57a6-4d2d-850f-0eba2e480f27",
            "ticker": "KXHIGHNY-25JAN17-B39.5",
            "count": 35,
            "created_time": "2025-01-17T19:29:28.69605Z",
            "yes_price": 1,
            "no_price": 99,
            "taker_side": "yes"
        },
        {
            "trade_id": "1319b51a-c79e-4e6a-ad8c-3f96b30af638",
            "ticker": "KXHIGHNY-25JAN17-B39.5",
            "count": 899,
            "created_time": "2025-01-17T19:29:28.69605Z",
            "yes_price": 1,
            "no_price": 99,
            "taker_side": "yes"
        },
        {
            "trade_id": "9a34a514-7718-48cc-8585-ae01a66ed356",
            "ticker": "KXHIGHNY-25JAN17-B39.5",
            "count": 8,
            "created_time": "2025-01-17T19:08:11.94553Z",
            "yes_price": 1,
            "no_price": 99,
            "taker_side": "yes"
        },
        {
            "trade_id": "60102fc1-4dec-4add-adaa-1fbfb01255e0",
            "ticker": "KXHIGHNY-25JAN17-B39.5",
            "count": 93,
            "created_time": "2025-01-17T18:50:37.673761Z",
            "yes_price": 1,
            "no_price": 99,
            "taker_side": "yes"
        },
        {
            "trade_id": "ea83763a-1f0b-4ec9-8517-910480a64a9e",
            "ticker": "KXHIGHNY-25JAN17-B39.5",
            "count": 1374,
            "created_time": "2025-01-17T18:42:28.839516Z",
            "yes_price": 1,
            "no_price": 99,
            "taker_side": "yes"
        },
        {
            "trade_id": "d3d682d5-15d2-4c09-9cf4-6b88e18a9f5b",
            "ticker": "KXHIGHNY-25JAN17-B39.5",
            "count": 100,
            "created_time": "2025-01-17T18:39:26.026504Z",
            "yes_price": 1,
            "no_price": 99,
            "taker_side": "no"
        },
        {
            "trade_id": "38c8a492-3e42-4f48-a556-fcc3fe767aad",
            "ticker": "KXHIGHNY-25JAN17-B39.5",
            "count": 150,
            "created_time": "2025-01-17T18:39:26.026504Z",
            "yes_price": 1,
            "no_price": 99,
            "taker_side": "no"
        },
        {
            "trade_id": "130702b1-45cf-45b8-a1ae-d7a528e99a7e",
            "ticker": "KXHIGHNY-25JAN17-B39.5",
            "count": 376,
            "created_time": "2025-01-17T18:39:26.026504Z",
            "yes_price": 1,
            "no_price": 99,
            "taker_side": "no"
        },
        {
            "trade_id": "d1cc58b8-0969-478d-9b14-ad99373eebc5",
            "ticker": "KXHIGHNY-25JAN17-B39.5",
            "count": 97,
            "created_time": "2025-01-17T18:38:52.352788Z",
            "yes_price": 2,
            "no_price": 98,
            "taker_side": "no"
        },
        {
            "trade_id": "1f497a06-f4ff-40a5-b75f-03382775d2d8",
            "ticker": "KXHIGHNY-25JAN17-B39.5",
            "count": 50,
            "created_time": "2025-01-17T18:38:52.352788Z",
            "yes_price": 2,
            "no_price": 98,
            "taker_side": "no"
        },
        {
            "trade_id": "56b64500-7bbb-46cd-abf6-3731390a30e8",
            "ticker": "KXHIGHNY-25JAN17-B39.5",
            "count": 239,
            "created_time": "2025-01-17T18:38:51.707235Z",
            "yes_price": 3,
            "no_price": 97,
            "taker_side": "no"
        },
        {
            "trade_id": "90c0031e-1d3e-4000-b847-66ffc00a9b74",
            "ticker": "KXHIGHNY-25JAN17-B39.5",
            "count": 67,
            "created_time": "2025-01-17T18:34:02.236691Z",
            "yes_price": 7,
            "no_price": 93,
            "taker_side": "yes"
        },
        {
            "trade_id": "769aba87-9b31-41e4-b677-8b85b3aa6f11",
            "ticker": "KXHIGHNY-25JAN17-B39.5",
            "count": 107,
            "created_time": "2025-01-17T18:33:19.691329Z",
            "yes_price": 7,
            "no_price": 93,
            "taker_side": "yes"
        },
        {
            "trade_id": "fb7cec6b-bf44-4ff5-97be-cedf0fd4de4f",
            "ticker": "KXHIGHNY-25JAN17-B39.5",
            "count": 500,
            "created_time": "2025-01-17T18:31:22.296343Z",
            "yes_price": 4,
            "no_price": 96,
            "taker_side": "no"
        },
        {
            "trade_id": "da92f717-523a-4175-9974-229e970f610c",
            "ticker": "KXHIGHNY-25JAN17-B39.5",
            "count": 35,
            "created_time": "2025-01-17T18:30:47.989455Z",
            "yes_price": 9,
            "no_price": 91,
            "taker_side": "yes"
        },
        {
            "trade_id": "cf642157-71ea-4fc8-9903-4f6feb3557c5",
            "ticker": "KXHIGHNY-25JAN17-B39.5",
            "count": 100,
            "created_time": "2025-01-17T18:30:47.989455Z",
            "yes_price": 9,
            "no_price": 91,
            "taker_side": "yes"
        },
        {
            "trade_id": "6cd0d89e-48c3-4d7e-8204-2719f3e7a770",
            "ticker": "KXHIGHNY-25JAN17-B39.5",
            "count": 100,
            "created_time": "2025-01-17T18:30:47.989455Z",
            "yes_price": 9,
            "no_price": 91,
            "taker_side": "yes"
        },
        {
            "trade_id": "12f5dfbd-ddb3-4329-aac2-ef61cbafd01a",
            "ticker": "KXHIGHNY-25JAN17-B39.5",
            "count": 26,
            "created_time": "2025-01-17T18:30:47.989455Z",
            "yes_price": 8,
            "no_price": 92,
            "taker_side": "yes"
        },
        {
            "trade_id": "bfd067cc-1338-4633-b81b-d83b959dc6ef",
            "ticker": "KXHIGHNY-25JAN17-B39.5",
            "count": 1,
            "created_time": "2025-01-17T18:30:14.381894Z",
            "yes_price": 4,
            "no_price": 96,
            "taker_side": "no"
        },
        {
            "trade_id": "44930060-3cfe-4dbb-9857-0520f92292a3",
            "ticker": "KXHIGHNY-25JAN17-B39.5",
            "count": 500,
            "created_time": "2025-01-17T18:30:14.381894Z",
            "yes_price": 4,
            "no_price": 96,
            "taker_side": "no"
        },
        {
            "trade_id": "82bc19ad-ab8c-4774-9417-cddead95fbc7",
            "ticker": "KXHIGHNY-25JAN17-B39.5",
            "count": 63,
            "created_time": "2025-01-17T18:29:51.349198Z",
            "yes_price": 8,
            "no_price": 92,
            "taker_side": "yes"
        },
        {
            "trade_id": "3ee56fb6-a8cb-4754-8a24-c0e924ed5f9c",
            "ticker": "KXHIGHNY-25JAN17-B39.5",
            "count": 11,
            "created_time": "2025-01-17T18:29:33.714798Z",
            "yes_price": 8,
            "no_price": 92,
            "taker_side": "yes"
        },
        {
            "trade_id": "233e30c1-f5f4-446e-8490-9947a59c1411",
            "ticker": "KXHIGHNY-25JAN17-B39.5",
            "count": 500,
            "created_time": "2025-01-17T18:27:23.635995Z",
            "yes_price": 4,
            "no_price": 96,
            "taker_side": "no"
        },
        {
            "trade_id": "d7cf91bb-a840-4439-8a7e-e16093d84427",
            "ticker": "KXHIGHNY-25JAN17-B39.5",
            "count": 284,
            "created_time": "2025-01-17T18:27:21.623079Z",
            "yes_price": 5,
            "no_price": 95,
            "taker_side": "no"
        },
        {
            "trade_id": "b79e9b06-4cdd-45d5-bbff-8723bf18fb31",
            "ticker": "KXHIGHNY-25JAN17-B39.5",
            "count": 47,
            "created_time": "2025-01-17T18:26:29.769196Z",
            "yes_price": 10,
            "no_price": 90,
            "taker_side": "yes"
        },
        {
            "trade_id": "1a77d654-7c8c-48cc-8af1-0e1312ccef7a",
            "ticker": "KXHIGHNY-25JAN17-B39.5",
            "count": 31,
            "created_time": "2025-01-17T18:23:15.171459Z",
            "yes_price": 8,
            "no_price": 92,
            "taker_side": "yes"
        },
        {
            "trade_id": "58a3caeb-9cff-4fca-98ae-f61948afe253",
            "ticker": "KXHIGHNY-25JAN17-B39.5",
            "count": 3,
            "created_time": "2025-01-17T18:22:36.562433Z",
            "yes_price": 2,
            "no_price": 98,
            "taker_side": "no"
        },
        {
            "trade_id": "f6dd60e6-ea9b-4f23-928b-a95b5ae69d46",
            "ticker": "KXHIGHNY-25JAN17-B39.5",
            "count": 29,
            "created_time": "2025-01-17T18:22:35.310159Z",
            "yes_price": 4,
            "no_price": 96,
            "taker_side": "no"
        },
        {
            "trade_id": "f3ef1d51-f63c-4a6a-8e49-822b6493c9ec",
            "ticker": "KXHIGHNY-25JAN17-B39.5",
            "count": 50,
            "created_time": "2025-01-17T18:22:35.310159Z",
            "yes_price": 4,
            "no_price": 96,
            "taker_side": "no"
        },
        {
            "trade_id": "52005846-fae3-4840-96d9-02504fd28655",
            "ticker": "KXHIGHNY-25JAN17-B39.5",
            "count": 390,
            "created_time": "2025-01-17T18:22:35.310159Z",
            "yes_price": 4,
            "no_price": 96,
            "taker_side": "no"
        },
        {
            "trade_id": "cc1ca891-46ff-47a5-b66a-158bd1a89c01",
            "ticker": "KXHIGHNY-25JAN17-B39.5",
            "count": 279,
            "created_time": "2025-01-17T18:22:25.977036Z",
            "yes_price": 5,
            "no_price": 95,
            "taker_side": "no"
        },
        {
            "trade_id": "2bb6b26b-1c60-49fc-a929-153d32e4ab97",
            "ticker": "KXHIGHNY-25JAN17-B39.5",
            "count": 198,
            "created_time": "2025-01-17T18:22:07.287736Z",
            "yes_price": 6,
            "no_price": 94,
            "taker_side": "no"
        },
        {
            "trade_id": "0f11d966-dcdf-45a1-80a9-a161c894e55d",
            "ticker": "KXHIGHNY-25JAN17-B39.5",
            "count": 195,
            "created_time": "2025-01-17T18:21:53.556404Z",
            "yes_price": 8,
            "no_price": 92,
            "taker_side": "yes"
        },
        {
            "trade_id": "a6bc310e-9e20-4894-832d-046aea13203e",
            "ticker": "KXHIGHNY-25JAN17-B39.5",
            "count": 58,
            "created_time": "2025-01-17T18:21:37.209996Z",
            "yes_price": 8,
            "no_price": 92,
            "taker_side": "yes"
        },
        {
            "trade_id": "59fed19e-a1f0-4bdb-a34e-612a22c767e1",
            "ticker": "KXHIGHNY-25JAN17-B39.5",
            "count": 2,
            "created_time": "2025-01-17T18:19:21.397779Z",
            "yes_price": 6,
            "no_price": 94,
            "taker_side": "no"
        },
        {
            "trade_id": "a426b864-dc84-49e6-9453-14f5b2449ee3",
            "ticker": "KXHIGHNY-25JAN17-B39.5",
            "count": 22,
            "created_time": "2025-01-17T18:18:16.568545Z",
            "yes_price": 8,
            "no_price": 92,
            "taker_side": "yes"
        },
        {
            "trade_id": "90eeb39f-2f35-4900-8fe2-edead57266db",
            "ticker": "KXHIGHNY-25JAN17-B39.5",
            "count": 29,
            "created_time": "2025-01-17T18:18:16.568545Z",
            "yes_price": 10,
            "no_price": 90,
            "taker_side": "yes"
        },
        {
            "trade_id": "5b99727d-af19-4521-bc9e-c4f147eeb227",
            "ticker": "KXHIGHNY-25JAN17-B39.5",
            "count": 58,
            "created_time": "2025-01-17T18:17:24.043954Z",
            "yes_price": 8,
            "no_price": 92,
            "taker_side": "yes"
        },
        {
            "trade_id": "cf8bf70b-0bd4-45eb-81a2-84ceb2f706e4",
            "ticker": "KXHIGHNY-25JAN17-B39.5",
            "count": 121,
            "created_time": "2025-01-17T18:17:06.68179Z",
            "yes_price": 5,
            "no_price": 95,
            "taker_side": "no"
        },
        {
            "trade_id": "5df691f1-ed69-4adb-9fe8-82302517132b",
            "ticker": "KXHIGHNY-25JAN17-B39.5",
            "count": 7,
            "created_time": "2025-01-17T18:17:06.68179Z",
            "yes_price": 5,
            "no_price": 95,
            "taker_side": "no"
        },
        {
            "trade_id": "75264cb6-c4b3-4193-b111-5cc29d6aa626",
            "ticker": "KXHIGHNY-25JAN17-B39.5",
            "count": 20,
            "created_time": "2025-01-17T18:16:36.469852Z",
            "yes_price": 8,
            "no_price": 92,
            "taker_side": "yes"
        },
        {
            "trade_id": "4f7d69c7-daee-46a3-a091-79e62382853a",
            "ticker": "KXHIGHNY-25JAN17-B39.5",
            "count": 111,
            "created_time": "2025-01-17T18:16:36.469852Z",
            "yes_price": 7,
            "no_price": 93,
            "taker_side": "yes"
        },
        {
            "trade_id": "2fedee0a-d65e-454a-9d39-a801bf3f4ed9",
            "ticker": "KXHIGHNY-25JAN17-B39.5",
            "count": 200,
            "created_time": "2025-01-17T18:15:45.468294Z",
            "yes_price": 7,
            "no_price": 93,
            "taker_side": "no"
        },
        {
            "trade_id": "fb36bcc5-6b18-4036-b154-fc20d7599580",
            "ticker": "KXHIGHNY-25JAN17-B39.5",
            "count": 11,
            "created_time": "2025-01-17T18:14:53.431451Z",
            "yes_price": 17,
            "no_price": 83,
            "taker_side": "yes"
        },
        {
            "trade_id": "c46e6628-5124-4c21-bdd4-be349466e588",
            "ticker": "KXHIGHNY-25JAN17-B39.5",
            "count": 12,
            "created_time": "2025-01-17T18:14:30.283186Z",
            "yes_price": 7,
            "no_price": 93,
            "taker_side": "no"
        },
        {
            "trade_id": "0ec8668c-4601-4ae3-9856-3a9bdfd4cdcb",
            "ticker": "KXHIGHNY-25JAN17-B39.5",
            "count": 320,
            "created_time": "2025-01-17T18:14:30.283186Z",
            "yes_price": 7,
            "no_price": 93,
            "taker_side": "no"
        },
        {
            "trade_id": "e42a986c-70e9-4ee8-af8f-19a133881da9",
            "ticker": "KXHIGHNY-25JAN17-B39.5",
            "count": 200,
            "created_time": "2025-01-17T18:10:17.056656Z",
            "yes_price": 15,
            "no_price": 85,
            "taker_side": "yes"
        },
        {
            "trade_id": "a8e9f16c-e07b-4b64-8f9c-b4002a681789",
            "ticker": "KXHIGHNY-25JAN17-B39.5",
            "count": 65,
            "created_time": "2025-01-17T18:10:17.056656Z",
            "yes_price": 15,
            "no_price": 85,
            "taker_side": "yes"
        },
        {
            "trade_id": "f047c936-b505-4f9f-a9d7-ee004667273f",
            "ticker": "KXHIGHNY-25JAN17-B39.5",
            "count": 84,
            "created_time": "2025-01-17T18:05:24.09395Z",
            "yes_price": 15,
            "no_price": 85,
            "taker_side": "yes"
        },
        {
            "trade_id": "e55f22a1-7b62-4b5a-809f-0bea2a257b0f",
            "ticker": "KXHIGHNY-25JAN17-B39.5",
            "count": 102,
            "created_time": "2025-01-17T18:05:24.09395Z",
            "yes_price": 15,
            "no_price": 85,
            "taker_side": "yes"
        },
        {
            "trade_id": "d7d73e63-c6bc-40f0-a17b-ba6f24b96df5",
            "ticker": "KXHIGHNY-25JAN17-B39.5",
            "count": 50,
            "created_time": "2025-01-17T18:05:24.09395Z",
            "yes_price": 16,
            "no_price": 84,
            "taker_side": "yes"
        },
        {
            "trade_id": "4e0e36d8-1f98-4ad0-bf30-f31d53194779",
            "ticker": "KXHIGHNY-25JAN17-B39.5",
            "count": 50,
            "created_time": "2025-01-17T18:04:10.969353Z",
            "yes_price": 15,
            "no_price": 85,
            "taker_side": "yes"
        },
        {
            "trade_id": "fca249ad-a7b6-4a1a-b735-798f22513f14",
            "ticker": "KXHIGHNY-25JAN17-B39.5",
            "count": 70,
            "created_time": "2025-01-17T18:04:05.662622Z",
            "yes_price": 15,
            "no_price": 85,
            "taker_side": "yes"
        },
        {
            "trade_id": "f70a65c1-a816-4ff3-9a80-820b07c68881",
            "ticker": "KXHIGHNY-25JAN17-B39.5",
            "count": 5,
            "created_time": "2025-01-17T18:04:05.490936Z",
            "yes_price": 15,
            "no_price": 85,
            "taker_side": "yes"
        },
        {
            "trade_id": "db9ecedc-5d55-40f6-b950-29f4040f5b63",
            "ticker": "KXHIGHNY-25JAN17-B39.5",
            "count": 37,
            "created_time": "2025-01-17T18:03:49.908892Z",
            "yes_price": 17,
            "no_price": 83,
            "taker_side": "no"
        },
        {
            "trade_id": "d3cc61a9-804b-4fba-89da-87448b80d3f0",
            "ticker": "KXHIGHNY-25JAN17-B39.5",
            "count": 100,
            "created_time": "2025-01-17T18:03:49.908892Z",
            "yes_price": 11,
            "no_price": 89,
            "taker_side": "no"
        },
        {
            "trade_id": "a61475ae-dfce-4962-88db-13a9a31051e7",
            "ticker": "KXHIGHNY-25JAN17-B39.5",
            "count": 50,
            "created_time": "2025-01-17T18:03:49.908892Z",
            "yes_price": 15,
            "no_price": 85,
            "taker_side": "no"
        },
        {
            "trade_id": "a23fca5b-a736-4382-a11f-c144898cf764",
            "ticker": "KXHIGHNY-25JAN17-B39.5",
            "count": 63,
            "created_time": "2025-01-17T18:03:43.571456Z",
            "yes_price": 17,
            "no_price": 83,
            "taker_side": "no"
        },
        {
            "trade_id": "400d2be4-15ed-442e-8d3d-992cb0df2e5c",
            "ticker": "KXHIGHNY-25JAN17-B39.5",
            "count": 56,
            "created_time": "2025-01-17T18:03:43.571456Z",
            "yes_price": 18,
            "no_price": 82,
            "taker_side": "no"
        },
        {
            "trade_id": "f9756be5-b1ea-4865-99a7-28fe28d903ad",
            "ticker": "KXHIGHNY-25JAN17-B39.5",
            "count": 61,
            "created_time": "2025-01-17T18:02:39.573937Z",
            "yes_price": 17,
            "no_price": 83,
            "taker_side": "yes"
        },
        {
            "trade_id": "7fb7451c-fdf8-49a2-b729-0d57a45ee0a9",
            "ticker": "KXHIGHNY-25JAN17-B39.5",
            "count": 194,
            "created_time": "2025-01-17T18:02:39.573937Z",
            "yes_price": 15,
            "no_price": 85,
            "taker_side": "yes"
        },
        {
            "trade_id": "70d337e4-3735-449d-a9bf-bda5cd56aac0",
            "ticker": "KXHIGHNY-25JAN17-B39.5",
            "count": 50,
            "created_time": "2025-01-17T18:02:39.573937Z",
            "yes_price": 17,
            "no_price": 83,
            "taker_side": "yes"
        },
        {
            "trade_id": "1f552c1d-a39c-4e31-b858-75d064d63a8a",
            "ticker": "KXHIGHNY-25JAN17-B39.5",
            "count": 100,
            "created_time": "2025-01-17T18:02:39.573937Z",
            "yes_price": 15,
            "no_price": 85,
            "taker_side": "yes"
        },
        {
            "trade_id": "18c3f494-868a-496c-8ccd-98e5b884ccbf",
            "ticker": "KXHIGHNY-25JAN17-B39.5",
            "count": 100,
            "created_time": "2025-01-17T18:02:39.573937Z",
            "yes_price": 16,
            "no_price": 84,
            "taker_side": "yes"
        },
        {
            "trade_id": "03cfa343-4b44-44b1-b845-6ad72dbd088c",
            "ticker": "KXHIGHNY-25JAN17-B39.5",
            "count": 6,
            "created_time": "2025-01-17T18:01:25.941967Z",
            "yes_price": 15,
            "no_price": 85,
            "taker_side": "yes"
        },
        {
            "trade_id": "97550e60-6598-48e1-b56f-2abd7672a079",
            "ticker": "KXHIGHNY-25JAN17-B39.5",
            "count": 15,
            "created_time": "2025-01-17T18:00:05.960596Z",
            "yes_price": 8,
            "no_price": 92,
            "taker_side": "no"
        },
        {
            "trade_id": "ee2cbed5-5bcf-4f12-b70f-2db9b284dbef",
            "ticker": "KXHIGHNY-25JAN17-B39.5",
            "count": 39,
            "created_time": "2025-01-17T17:57:12.179343Z",
            "yes_price": 17,
            "no_price": 83,
            "taker_side": "yes"
        },
        {
            "trade_id": "d2707cf8-367c-4052-baf4-344ce162991d",
            "ticker": "KXHIGHNY-25JAN17-B39.5",
            "count": 100,
            "created_time": "2025-01-17T17:48:32.634528Z",
            "yes_price": 9,
            "no_price": 91,
            "taker_side": "yes"
        },
        {
            "trade_id": "6e3ba30b-debc-4993-a5d5-ea02579622f7",
            "ticker": "KXHIGHNY-25JAN17-B39.5",
            "count": 100,
            "created_time": "2025-01-17T17:48:20.722534Z",
            "yes_price": 8,
            "no_price": 92,
            "taker_side": "no"
        },
        {
            "trade_id": "b2eed1a5-7a4a-4d5e-a297-692ed4543ff9",
            "ticker": "KXHIGHNY-25JAN17-B39.5",
            "count": 20,
            "created_time": "2025-01-17T17:46:13.841896Z",
            "yes_price": 7,
            "no_price": 93,
            "taker_side": "no"
        },
        {
            "trade_id": "ec4363b8-d3fc-4c01-bb8b-fe99a6f67a0d",
            "ticker": "KXHIGHNY-25JAN17-B39.5",
            "count": 23,
            "created_time": "2025-01-17T17:38:42.816776Z",
            "yes_price": 6,
            "no_price": 94,
            "taker_side": "no"
        },
        {
            "trade_id": "c62e8fa3-e92b-4461-986f-da82d4b28551",
            "ticker": "KXHIGHNY-25JAN17-B39.5",
            "count": 200,
            "created_time": "2025-01-17T17:38:42.816776Z",
            "yes_price": 8,
            "no_price": 92,
            "taker_side": "no"
        },
        {
            "trade_id": "7df3341d-2395-499a-abed-79c32836e8c2",
            "ticker": "KXHIGHNY-25JAN17-B39.5",
            "count": 50,
            "created_time": "2025-01-17T17:38:42.816776Z",
            "yes_price": 8,
            "no_price": 92,
            "taker_side": "no"
        },
        {
            "trade_id": "6401e531-ba71-4df7-88ea-f8e608fbb890",
            "ticker": "KXHIGHNY-25JAN17-B39.5",
            "count": 50,
            "created_time": "2025-01-17T17:38:42.816776Z",
            "yes_price": 7,
            "no_price": 93,
            "taker_side": "no"
        },
        {
            "trade_id": "f613f7c4-4ab0-4e31-8554-811086f1396a",
            "ticker": "KXHIGHNY-25JAN17-B39.5",
            "count": 100,
            "created_time": "2025-01-17T17:36:45.518211Z",
            "yes_price": 10,
            "no_price": 90,
            "taker_side": "no"
        },
        {
            "trade_id": "dd88c85e-f4cd-422b-b6f0-6a509490b53e",
            "ticker": "KXHIGHNY-25JAN17-B39.5",
            "count": 50,
            "created_time": "2025-01-17T17:36:45.518211Z",
            "yes_price": 10,
            "no_price": 90,
            "taker_side": "no"
        },
        {
            "trade_id": "7bdd6400-701c-4666-b4da-0a456ffd12d2",
            "ticker": "KXHIGHNY-25JAN17-B39.5",
            "count": 40,
            "created_time": "2025-01-17T17:36:39.055255Z",
            "yes_price": 13,
            "no_price": 87,
            "taker_side": "no"
        },
        {
            "trade_id": "f2c83863-3fcf-4be6-a6ae-d33510717bec",
            "ticker": "KXHIGHNY-25JAN17-B39.5",
            "count": 119,
            "created_time": "2025-01-17T17:35:05.031163Z",
            "yes_price": 12,
            "no_price": 88,
            "taker_side": "no"
        },
        {
            "trade_id": "1ee10649-6949-4830-9e3c-2e7be9a888c5",
            "ticker": "KXHIGHNY-25JAN17-B39.5",
            "count": 51,
            "created_time": "2025-01-17T17:35:05.031163Z",
            "yes_price": 13,
            "no_price": 87,
            "taker_side": "no"
        },
        {
            "trade_id": "980e96b8-e2af-404d-bd29-01994fa9f480",
            "ticker": "KXHIGHNY-25JAN17-B39.5",
            "count": 63,
            "created_time": "2025-01-17T17:32:47.983174Z",
            "yes_price": 12,
            "no_price": 88,
            "taker_side": "no"
        },
        {
            "trade_id": "566927ab-5f88-428b-b4c2-3463a4c72d83",
            "ticker": "KXHIGHNY-25JAN17-B39.5",
            "count": 50,
            "created_time": "2025-01-17T17:31:14.19544Z",
            "yes_price": 15,
            "no_price": 85,
            "taker_side": "yes"
        },
        {
            "trade_id": "31abcd12-3528-41c5-b912-f639d8491d03",
            "ticker": "KXHIGHNY-25JAN17-B39.5",
            "count": 43,
            "created_time": "2025-01-17T17:31:12.270007Z",
            "yes_price": 15,
            "no_price": 85,
            "taker_side": "no"
        },
        {
            "trade_id": "29426f4d-32b7-4446-be17-b886a26a8b50",
            "ticker": "KXHIGHNY-25JAN17-B39.5",
            "count": 103,
            "created_time": "2025-01-17T17:31:03.52316Z",
            "yes_price": 16,
            "no_price": 84,
            "taker_side": "no"
        },
        {
            "trade_id": "06d0c1f1-9253-4024-8662-cddfcef32a1e",
            "ticker": "KXHIGHNY-25JAN17-B39.5",
            "count": 10,
            "created_time": "2025-01-17T17:31:03.52316Z",
            "yes_price": 19,
            "no_price": 81,
            "taker_side": "no"
        },
        {
            "trade_id": "5ebe6bdd-4acf-463b-a5a9-ce8a2198db33",
            "ticker": "KXHIGHNY-25JAN17-B39.5",
            "count": 41,
            "created_time": "2025-01-17T17:29:46.557273Z",
            "yes_price": 23,
            "no_price": 77,
            "taker_side": "yes"
        },
        {
            "trade_id": "1e670b6a-c7dc-44a2-aafe-e470295b2ebc",
            "ticker": "KXHIGHNY-25JAN17-B39.5",
            "count": 41,
            "created_time": "2025-01-17T17:29:44.462322Z",
            "yes_price": 23,
            "no_price": 77,
            "taker_side": "yes"
        },
        {
            "trade_id": "c75dcf6d-fd34-4190-bd3b-ee1964940c6d",
            "ticker": "KXHIGHNY-25JAN17-B39.5",
            "count": 1,
            "created_time": "2025-01-17T17:29:19.428631Z",
            "yes_price": 19,
            "no_price": 81,
            "taker_side": "no"
        },
        {
            "trade_id": "aa18aad4-49f5-4f89-b1c1-6bcac3fbb6f7",
            "ticker": "KXHIGHNY-25JAN17-B39.5",
            "count": 50,
            "created_time": "2025-01-17T17:20:46.722755Z",
            "yes_price": 15,
            "no_price": 85,
            "taker_side": "yes"
        },
        {
            "trade_id": "d99f6a8b-de9c-425f-bfd3-81a89604ebc0",
            "ticker": "KXHIGHNY-25JAN17-B39.5",
            "count": 6,
            "created_time": "2025-01-17T17:20:22.025001Z",
            "yes_price": 9,
            "no_price": 91,
            "taker_side": "no"
        },
        {
            "trade_id": "9be4407c-a43a-4a65-872a-2529b40221dc",
            "ticker": "KXHIGHNY-25JAN17-B39.5",
            "count": 50,
            "created_time": "2025-01-17T17:18:35.343302Z",
            "yes_price": 20,
            "no_price": 80,
            "taker_side": "no"
        },
        {
            "trade_id": "6fbf2aa1-1fd2-42f0-bbb2-e237b3a90919",
            "ticker": "KXHIGHNY-25JAN17-B39.5",
            "count": 39,
            "created_time": "2025-01-17T17:18:07.124115Z",
            "yes_price": 24,
            "no_price": 76,
            "taker_side": "yes"
        },
        {
            "trade_id": "03ab92ec-1079-4f92-b558-0c58d5837912",
            "ticker": "KXHIGHNY-25JAN17-B39.5",
            "count": 55,
            "created_time": "2025-01-17T17:17:33.532712Z",
            "yes_price": 22,
            "no_price": 78,
            "taker_side": "no"
        },
        {
            "trade_id": "f7be6f2b-c5a2-4638-b057-5e05519f0705",
            "ticker": "KXHIGHNY-25JAN17-B39.5",
            "count": 103,
            "created_time": "2025-01-17T17:16:40.149602Z",
            "yes_price": 23,
            "no_price": 77,
            "taker_side": "no"
        },
        {
            "trade_id": "e7ffbf53-654f-4b84-aa9f-c8e4d24c556b",
            "ticker": "KXHIGHNY-25JAN17-B39.5",
            "count": 105,
            "created_time": "2025-01-17T17:16:32.915283Z",
            "yes_price": 24,
            "no_price": 76,
            "taker_side": "no"
        },
        {
            "trade_id": "5cc182d2-4dee-425b-b16e-01f330f4d404",
            "ticker": "KXHIGHNY-25JAN17-B39.5",
            "count": 46,
            "created_time": "2025-01-17T17:16:32.915283Z",
            "yes_price": 22,
            "no_price": 78,
            "taker_side": "no"
        },
        {
            "trade_id": "51efc006-363e-4f64-9901-bf5d79f38ffb",
            "ticker": "KXHIGHNY-25JAN17-B39.5",
            "count": 50,
            "created_time": "2025-01-17T17:16:32.915283Z",
            "yes_price": 23,
            "no_price": 77,
            "taker_side": "no"
        },
        {
            "trade_id": "6cec1f00-3f21-4a25-bde5-78e55d4a8d6a",
            "ticker": "KXHIGHNY-25JAN17-B39.5",
            "count": 114,
            "created_time": "2025-01-17T17:16:12.17875Z",
            "yes_price": 29,
            "no_price": 71,
            "taker_side": "yes"
        },
        {
            "trade_id": "398d0156-67b8-4172-8d95-6a0ce84be8cf",
            "ticker": "KXHIGHNY-25JAN17-B39.5",
            "count": 37,
            "created_time": "2025-01-17T17:16:12.17875Z",
            "yes_price": 40,
            "no_price": 60,
            "taker_side": "yes"
        },
        {
            "trade_id": "2b1ffec9-9c57-49b6-89fa-615d54c8a606",
            "ticker": "KXHIGHNY-25JAN17-B39.5",
            "count": 50,
            "created_time": "2025-01-17T17:16:12.17875Z",
            "yes_price": 31,
            "no_price": 69,
            "taker_side": "yes"
        },
        {
            "trade_id": "0b7ea91f-cd90-4356-a600-d70a2c9a27ad",
            "ticker": "KXHIGHNY-25JAN17-B39.5",
            "count": 100,
            "created_time": "2025-01-17T17:16:12.17875Z",
            "yes_price": 30,
            "no_price": 70,
            "taker_side": "yes"
        },
        {
            "trade_id": "0b77a069-9bbe-4f08-a392-e33aa6c32ef8",
            "ticker": "KXHIGHNY-25JAN17-B39.5",
            "count": 5,
            "created_time": "2025-01-17T17:16:12.17875Z",
            "yes_price": 41,
            "no_price": 59,
            "taker_side": "yes"
        },
        {
            "trade_id": "14a5a034-f4a2-413b-a1ba-6ee72aa6d22b",
            "ticker": "KXHIGHNY-25JAN17-B39.5",
            "count": 10,
            "created_time": "2025-01-17T17:11:02.963859Z",
            "yes_price": 23,
            "no_price": 77,
            "taker_side": "no"
        },
        {
            "trade_id": "35ec71b1-32da-46cf-97ed-494d4c9c69c4",
            "ticker": "KXHIGHNY-25JAN17-B39.5",
            "count": 10,
            "created_time": "2025-01-17T17:10:10.726511Z",
            "yes_price": 29,
            "no_price": 71,
            "taker_side": "yes"
        },
        {
            "trade_id": "5adaca99-0e8f-45ac-a141-45d3e9af7f9d",
            "ticker": "KXHIGHNY-25JAN17-B39.5",
            "count": 100,
            "created_time": "2025-01-17T17:08:22.731968Z",
            "yes_price": 30,
            "no_price": 70,
            "taker_side": "yes"
        },
        {
            "trade_id": "d3fd60a9-7c59-4f59-a03d-968f96ce6f36",
            "ticker": "KXHIGHNY-25JAN17-B39.5",
            "count": 13,
            "created_time": "2025-01-17T17:06:36.720079Z",
            "yes_price": 22,
            "no_price": 78,
            "taker_side": "no"
        },
        {
            "trade_id": "6de7e9fc-f5d6-452d-9980-edd7c8ff2165",
            "ticker": "KXHIGHNY-25JAN17-B39.5",
            "count": 50,
            "created_time": "2025-01-17T17:06:36.720079Z",
            "yes_price": 23,
            "no_price": 77,
            "taker_side": "no"
        },
        {
            "trade_id": "69075cd3-fd0a-4177-8334-3cc6aa36466a",
            "ticker": "KXHIGHNY-25JAN17-B39.5",
            "count": 50,
            "created_time": "2025-01-17T16:58:35.535069Z",
            "yes_price": 23,
            "no_price": 77,
            "taker_side": "no"
        },
        {
            "trade_id": "fc1d1926-ca6e-4ff9-a92c-15b0f08ddec3",
            "ticker": "KXHIGHNY-25JAN17-B39.5",
            "count": 50,
            "created_time": "2025-01-17T16:58:02.194505Z",
            "yes_price": 23,
            "no_price": 77,
            "taker_side": "no"
        },
        {
            "trade_id": "e19a2434-ce0e-45eb-b5b4-fcac6cd4df06",
            "ticker": "KXHIGHNY-25JAN17-B39.5",
            "count": 102,
            "created_time": "2025-01-17T16:58:02.194505Z",
            "yes_price": 23,
            "no_price": 77,
            "taker_side": "no"
        },
        {
            "trade_id": "afcb85c0-0d96-484d-965a-ff9beb7db644",
            "ticker": "KXHIGHNY-25JAN17-B39.5",
            "count": 57,
            "created_time": "2025-01-17T16:58:02.194505Z",
            "yes_price": 9,
            "no_price": 91,
            "taker_side": "no"
        },
        {
            "trade_id": "2a8c383c-0919-41b5-a26f-e055b8f881dc",
            "ticker": "KXHIGHNY-25JAN17-B39.5",
            "count": 50,
            "created_time": "2025-01-17T16:56:54.501355Z",
            "yes_price": 30,
            "no_price": 70,
            "taker_side": "no"
        },
        {
            "trade_id": "b85f3dcc-5463-461d-bced-54334d15d642",
            "ticker": "KXHIGHNY-25JAN17-B39.5",
            "count": 100,
            "created_time": "2025-01-17T16:56:22.821551Z",
            "yes_price": 30,
            "no_price": 70,
            "taker_side": "no"
        },
        {
            "trade_id": "4f3e6c27-b8a6-4dc4-ac10-45f767469fd8",
            "ticker": "KXHIGHNY-25JAN17-B39.5",
            "count": 25,
            "created_time": "2025-01-17T16:56:22.821551Z",
            "yes_price": 30,
            "no_price": 70,
            "taker_side": "no"
        },
        {
            "trade_id": "1d7411f5-d03b-4e92-a0e6-c2bcb2077608",
            "ticker": "KXHIGHNY-25JAN17-B39.5",
            "count": 50,
            "created_time": "2025-01-17T16:56:22.821551Z",
            "yes_price": 32,
            "no_price": 68,
            "taker_side": "no"
        },
        {
            "trade_id": "d9c10965-19ec-4aac-9fa3-ba1f8a57776c",
            "ticker": "KXHIGHNY-25JAN17-B39.5",
            "count": 6,
            "created_time": "2025-01-17T16:56:10.437909Z",
            "yes_price": 43,
            "no_price": 57,
            "taker_side": "yes"
        },
        {
            "trade_id": "bb6423cb-4b37-4c9d-95d4-0f84e1ca737b",
            "ticker": "KXHIGHNY-25JAN17-B39.5",
            "count": 115,
            "created_time": "2025-01-17T16:55:40.436329Z",
            "yes_price": 34,
            "no_price": 66,
            "taker_side": "no"
        },
        {
            "trade_id": "3cceb1c8-be11-41a1-a4db-161ce110f0b7",
            "ticker": "KXHIGHNY-25JAN17-B39.5",
            "count": 50,
            "created_time": "2025-01-17T16:55:40.436329Z",
            "yes_price": 34,
            "no_price": 66,
            "taker_side": "no"
        },
        {
            "trade_id": "d589edd7-0510-412a-b353-eaf71490880f",
            "ticker": "KXHIGHNY-25JAN17-B39.5",
            "count": 36,
            "created_time": "2025-01-17T16:54:37.135037Z",
            "yes_price": 41,
            "no_price": 59,
            "taker_side": "no"
        },
        {
            "trade_id": "4c773b38-cc0d-42ac-9065-18fadf2fde55",
            "ticker": "KXHIGHNY-25JAN17-B39.5",
            "count": 38,
            "created_time": "2025-01-17T16:54:37.135037Z",
            "yes_price": 41,
            "no_price": 59,
            "taker_side": "no"
        },
        {
            "trade_id": "ec368cbf-d82f-4b17-b619-c3b3d7304db6",
            "ticker": "KXHIGHNY-25JAN17-B39.5",
            "count": 96,
            "created_time": "2025-01-17T16:54:09.281518Z",
            "yes_price": 41,
            "no_price": 59,
            "taker_side": "no"
        },
        {
            "trade_id": "f2397da1-55cc-45bd-8689-3cc9d912a780",
            "ticker": "KXHIGHNY-25JAN17-B39.5",
            "count": 5,
            "created_time": "2025-01-17T16:54:03.084977Z",
            "yes_price": 42,
            "no_price": 58,
            "taker_side": "no"
        },
        {
            "trade_id": "d35752ba-bdb5-4b75-93ca-1f2a8100d321",
            "ticker": "KXHIGHNY-25JAN17-B39.5",
            "count": 25,
            "created_time": "2025-01-17T16:53:57.817624Z",
            "yes_price": 46,
            "no_price": 54,
            "taker_side": "no"
        },
        {
            "trade_id": "92d56904-ac12-4b7b-b547-2b1352a49403",
            "ticker": "KXHIGHNY-25JAN17-B39.5",
            "count": 10,
            "created_time": "2025-01-17T16:51:57.089568Z",
            "yes_price": 53,
            "no_price": 47,
            "taker_side": "yes"
        },
        {
            "trade_id": "81a53588-c43c-4012-9e61-9d24aa5cf4ce",
            "ticker": "KXHIGHNY-25JAN17-B39.5",
            "count": 27,
            "created_time": "2025-01-17T16:51:57.089568Z",
            "yes_price": 51,
            "no_price": 49,
            "taker_side": "yes"
        },
        {
            "trade_id": "b78279ca-422d-428c-ab65-574656c90141",
            "ticker": "KXHIGHNY-25JAN17-B39.5",
            "count": 1,
            "created_time": "2025-01-17T16:50:38.083708Z",
            "yes_price": 52,
            "no_price": 48,
            "taker_side": "yes"
        },
        {
            "trade_id": "884866dd-df4a-4b22-b544-e8e0b720037d",
            "ticker": "KXHIGHNY-25JAN17-B39.5",
            "count": 109,
            "created_time": "2025-01-17T16:50:38.083708Z",
            "yes_price": 54,
            "no_price": 46,
            "taker_side": "yes"
        },
        {
            "trade_id": "174f2b1d-0a9e-4ee7-a4e3-d16bfb222024",
            "ticker": "KXHIGHNY-25JAN17-B39.5",
            "count": 71,
            "created_time": "2025-01-17T16:50:38.083708Z",
            "yes_price": 52,
            "no_price": 48,
            "taker_side": "yes"
        },
        {
            "trade_id": "c90e8f61-0dc9-4f6f-9c7e-0bb8e7fe17ce",
            "ticker": "KXHIGHNY-25JAN17-B39.5",
            "count": 50,
            "created_time": "2025-01-17T16:35:02.366854Z",
            "yes_price": 48,
            "no_price": 52,
            "taker_side": "yes"
        },
        {
            "trade_id": "e489ba44-a915-4b4e-a47a-771c9b4d74e0",
            "ticker": "KXHIGHNY-25JAN17-B39.5",
            "count": 32,
            "created_time": "2025-01-17T16:33:44.343937Z",
            "yes_price": 47,
            "no_price": 53,
            "taker_side": "yes"
        },
        {
            "trade_id": "641d6fba-27a5-4f61-885c-f6eab68ab961",
            "ticker": "KXHIGHNY-25JAN17-B39.5",
            "count": 16,
            "created_time": "2025-01-17T16:33:44.343937Z",
            "yes_price": 49,
            "no_price": 51,
            "taker_side": "yes"
        },
        {
            "trade_id": "689fc91c-1c39-4e54-be62-be880b897d8f",
            "ticker": "KXHIGHNY-25JAN17-B39.5",
            "count": 130,
            "created_time": "2025-01-17T16:31:16.99313Z",
            "yes_price": 49,
            "no_price": 51,
            "taker_side": "yes"
        },
        {
            "trade_id": "13532aab-2173-4db8-9c88-c8537fc6b81f",
            "ticker": "KXHIGHNY-25JAN17-B39.5",
            "count": 32,
            "created_time": "2025-01-17T16:31:16.99313Z",
            "yes_price": 47,
            "no_price": 53,
            "taker_side": "yes"
        },
        {
            "trade_id": "eef0b4a4-4a97-44dd-8020-1519f24e7f01",
            "ticker": "KXHIGHNY-25JAN17-B39.5",
            "count": 47,
            "created_time": "2025-01-17T16:30:41.488608Z",
            "yes_price": 49,
            "no_price": 51,
            "taker_side": "yes"
        },
        {
            "trade_id": "b528ebed-0ba6-4a94-91a5-9c0bc7eaf695",
            "ticker": "KXHIGHNY-25JAN17-B39.5",
            "count": 46,
            "created_time": "2025-01-17T16:28:52.985084Z",
            "yes_price": 49,
            "no_price": 51,
            "taker_side": "yes"
        },
        {
            "trade_id": "21375297-1ea7-4c92-9659-593972577de1",
            "ticker": "KXHIGHNY-25JAN17-B39.5",
            "count": 42,
            "created_time": "2025-01-17T16:28:52.985084Z",
            "yes_price": 47,
            "no_price": 53,
            "taker_side": "yes"
        },
        {
            "trade_id": "5e3671ac-d829-452a-bf6d-7968f9f0e75b",
            "ticker": "KXHIGHNY-25JAN17-B39.5",
            "count": 75,
            "created_time": "2025-01-17T16:26:56.437544Z",
            "yes_price": 48,
            "no_price": 52,
            "taker_side": "yes"
        },
        {
            "trade_id": "ebbd9168-fe95-4a42-a280-aa4eddc495c7",
            "ticker": "KXHIGHNY-25JAN17-B39.5",
            "count": 25,
            "created_time": "2025-01-17T16:25:49.029984Z",
            "yes_price": 47,
            "no_price": 53,
            "taker_side": "yes"
        },
        {
            "trade_id": "1077b6db-d439-440e-92ad-514df8dadd16",
            "ticker": "KXHIGHNY-25JAN17-B39.5",
            "count": 42,
            "created_time": "2025-01-17T16:24:02.804673Z",
            "yes_price": 47,
            "no_price": 53,
            "taker_side": "yes"
        },
        {
            "trade_id": "e72ba151-03db-4f20-a6cc-8eeb9f14f6d5",
            "ticker": "KXHIGHNY-25JAN17-B39.5",
            "count": 10,
            "created_time": "2025-01-17T16:23:00.944632Z",
            "yes_price": 64,
            "no_price": 36,
            "taker_side": "yes"
        },
        {
            "trade_id": "c1079331-9d87-4112-bd8b-4b4a38289ff3",
            "ticker": "KXHIGHNY-25JAN17-B39.5",
            "count": 105,
            "created_time": "2025-01-17T16:23:00.944632Z",
            "yes_price": 65,
            "no_price": 35,
            "taker_side": "yes"
        },
        {
            "trade_id": "b6e6df23-0174-47bc-895f-d0bf1f81a1f5",
            "ticker": "KXHIGHNY-25JAN17-B39.5",
            "count": 35,
            "created_time": "2025-01-17T16:23:00.944632Z",
            "yes_price": 64,
            "no_price": 36,
            "taker_side": "yes"
        },
        {
            "trade_id": "502d7fa6-675f-40e6-b9e4-4c869a047bc8",
            "ticker": "KXHIGHNY-25JAN17-B39.5",
            "count": 15,
            "created_time": "2025-01-17T16:22:25.218266Z",
            "yes_price": 62,
            "no_price": 38,
            "taker_side": "yes"
        },
        {
            "trade_id": "f3dab41d-a9ff-4874-a720-dfad034c1704",
            "ticker": "KXHIGHNY-25JAN17-B39.5",
            "count": 12,
            "created_time": "2025-01-17T16:21:56.372754Z",
            "yes_price": 63,
            "no_price": 37,
            "taker_side": "yes"
        },
        {
            "trade_id": "dd0d146f-7288-4661-833a-edfbeb67433d",
            "ticker": "KXHIGHNY-25JAN17-B39.5",
            "count": 3,
            "created_time": "2025-01-17T16:21:56.372754Z",
            "yes_price": 63,
            "no_price": 37,
            "taker_side": "yes"
        },
        {
            "trade_id": "8f4c6413-a37a-43c1-bf39-21efa0365891",
            "ticker": "KXHIGHNY-25JAN17-B39.5",
            "count": 50,
            "created_time": "2025-01-17T16:19:35.722599Z",
            "yes_price": 40,
            "no_price": 60,
            "taker_side": "no"
        },
        {
            "trade_id": "fc211e0b-d1de-4be4-bf8c-1027d804558d",
            "ticker": "KXHIGHNY-25JAN17-B39.5",
            "count": 10,
            "created_time": "2025-01-17T16:19:25.813207Z",
            "yes_price": 42,
            "no_price": 58,
            "taker_side": "yes"
        },
        {
            "trade_id": "ee268131-371a-49ca-bbe3-c8305539cf37",
            "ticker": "KXHIGHNY-25JAN17-B39.5",
            "count": 40,
            "created_time": "2025-01-17T16:19:25.671134Z",
            "yes_price": 41,
            "no_price": 59,
            "taker_side": "no"
        },
        {
            "trade_id": "d612f114-03e7-488e-8fc0-32c3d93efdeb",
            "ticker": "KXHIGHNY-25JAN17-B39.5",
            "count": 50,
            "created_time": "2025-01-17T16:19:25.671134Z",
            "yes_price": 41,
            "no_price": 59,
            "taker_side": "no"
        },
        {
            "trade_id": "234e8b0c-643e-4b0a-b2b1-44d2c649011d",
            "ticker": "KXHIGHNY-25JAN17-B39.5",
            "count": 3,
            "created_time": "2025-01-17T16:19:25.671134Z",
            "yes_price": 41,
            "no_price": 59,
            "taker_side": "no"
        },
        {
            "trade_id": "64149c2a-c3cb-410e-95ea-87b08801f17b",
            "ticker": "KXHIGHNY-25JAN17-B39.5",
            "count": 36,
            "created_time": "2025-01-17T16:19:12.199175Z",
            "yes_price": 64,
            "no_price": 36,
            "taker_side": "yes"
        },
        {
            "trade_id": "39dddc12-a809-4f87-9f0b-2e402173384b",
            "ticker": "KXHIGHNY-25JAN17-B39.5",
            "count": 40,
            "created_time": "2025-01-17T16:19:12.199175Z",
            "yes_price": 64,
            "no_price": 36,
            "taker_side": "yes"
        },
        {
            "trade_id": "906164f6-e71e-4b8f-9b51-fe8e0567b461",
            "ticker": "KXHIGHNY-25JAN17-B39.5",
            "count": 94,
            "created_time": "2025-01-17T16:15:20.778089Z",
            "yes_price": 65,
            "no_price": 35,
            "taker_side": "yes"
        },
        {
            "trade_id": "2f8e952c-e892-4cf7-aa16-4925c1a67267",
            "ticker": "KXHIGHNY-25JAN17-B39.5",
            "count": 50,
            "created_time": "2025-01-17T16:15:20.778089Z",
            "yes_price": 45,
            "no_price": 55,
            "taker_side": "yes"
        },
        {
            "trade_id": "084c589c-1055-4726-b800-bee034dbd762",
            "ticker": "KXHIGHNY-25JAN17-B39.5",
            "count": 31,
            "created_time": "2025-01-17T16:15:20.778089Z",
            "yes_price": 43,
            "no_price": 57,
            "taker_side": "yes"
        },
        {
            "trade_id": "c492d029-83e5-4126-9cab-038ca7d2ba0d",
            "ticker": "KXHIGHNY-25JAN17-B39.5",
            "count": 209,
            "created_time": "2025-01-17T16:12:09.433398Z",
            "yes_price": 43,
            "no_price": 57,
            "taker_side": "yes"
        },
        {
            "trade_id": "34c6d42b-bdc0-429d-a117-559787341c1d",
            "ticker": "KXHIGHNY-25JAN17-B39.5",
            "count": 9,
            "created_time": "2025-01-17T16:12:09.433398Z",
            "yes_price": 39,
            "no_price": 61,
            "taker_side": "yes"
        },
        {
            "trade_id": "19ac29bb-f31a-4d2e-aa07-520afb13fc83",
            "ticker": "KXHIGHNY-25JAN17-B39.5",
            "count": 240,
            "created_time": "2025-01-17T16:12:09.433398Z",
            "yes_price": 41,
            "no_price": 59,
            "taker_side": "yes"
        },
        {
            "trade_id": "3231b476-c915-4602-a030-f1f51f173059",
            "ticker": "KXHIGHNY-25JAN17-B39.5",
            "count": 100,
            "created_time": "2025-01-17T16:11:32.792122Z",
            "yes_price": 34,
            "no_price": 66,
            "taker_side": "no"
        },
        {
            "trade_id": "e75657e5-31a0-4e68-8f52-227558dea57e",
            "ticker": "KXHIGHNY-25JAN17-B39.5",
            "count": 24,
            "created_time": "2025-01-17T16:07:04.62278Z",
            "yes_price": 38,
            "no_price": 62,
            "taker_side": "yes"
        },
        {
            "trade_id": "75e873d5-c6a3-485f-8b49-0fab6d49aaf6",
            "ticker": "KXHIGHNY-25JAN17-B39.5",
            "count": 1,
            "created_time": "2025-01-17T16:07:04.62278Z",
            "yes_price": 39,
            "no_price": 61,
            "taker_side": "yes"
        },
        {
            "trade_id": "a5283954-d9ad-4b9d-a0a9-ed82e93bb4c5",
            "ticker": "KXHIGHNY-25JAN17-B39.5",
            "count": 26,
            "created_time": "2025-01-17T15:55:53.094348Z",
            "yes_price": 33,
            "no_price": 67,
            "taker_side": "yes"
        },
        {
            "trade_id": "8fcfae7c-8198-4cca-924d-28169732e401",
            "ticker": "KXHIGHNY-25JAN17-B39.5",
            "count": 25,
            "created_time": "2025-01-17T15:55:34.365468Z",
            "yes_price": 33,
            "no_price": 67,
            "taker_side": "no"
        },
        {
            "trade_id": "33d8e592-8288-4a02-a3d8-4e6223fc6221",
            "ticker": "KXHIGHNY-25JAN17-B39.5",
            "count": 100,
            "created_time": "2025-01-17T15:55:34.365468Z",
            "yes_price": 33,
            "no_price": 67,
            "taker_side": "no"
        },
        {
            "trade_id": "b1a17ae6-d290-4cd0-97a2-2f5e155f47e3",
            "ticker": "KXHIGHNY-25JAN17-B39.5",
            "count": 43,
            "created_time": "2025-01-17T15:55:23.994469Z",
            "yes_price": 34,
            "no_price": 66,
            "taker_side": "no"
        },
        {
            "trade_id": "27041fb4-539a-4e5b-a6c5-92279f59d33d",
            "ticker": "KXHIGHNY-25JAN17-B39.5",
            "count": 6,
            "created_time": "2025-01-17T15:55:23.994469Z",
            "yes_price": 34,
            "no_price": 66,
            "taker_side": "no"
        },
        {
            "trade_id": "3ab537ed-11e8-44b3-a4e6-63f2c70baacd",
            "ticker": "KXHIGHNY-25JAN17-B39.5",
            "count": 25,
            "created_time": "2025-01-17T15:53:58.993803Z",
            "yes_price": 38,
            "no_price": 62,
            "taker_side": "yes"
        },
        {
            "trade_id": "beab383b-6f22-49bb-b99d-78e34651b7d8",
            "ticker": "KXHIGHNY-25JAN17-B39.5",
            "count": 13,
            "created_time": "2025-01-17T15:45:02.575435Z",
            "yes_price": 40,
            "no_price": 60,
            "taker_side": "yes"
        },
        {
            "trade_id": "a91d94f9-a29b-4c4d-97b3-27e034f11893",
            "ticker": "KXHIGHNY-25JAN17-B39.5",
            "count": 58,
            "created_time": "2025-01-17T15:45:02.575435Z",
            "yes_price": 39,
            "no_price": 61,
            "taker_side": "yes"
        },
        {
            "trade_id": "42950f4e-b935-453a-95c9-4d141c3bf272",
            "ticker": "KXHIGHNY-25JAN17-B39.5",
            "count": 40,
            "created_time": "2025-01-17T15:45:02.575435Z",
            "yes_price": 39,
            "no_price": 61,
            "taker_side": "yes"
        },
        {
            "trade_id": "222ed073-d749-46cd-893a-43f69bc37301",
            "ticker": "KXHIGHNY-25JAN17-B39.5",
            "count": 9,
            "created_time": "2025-01-17T15:45:02.575435Z",
            "yes_price": 39,
            "no_price": 61,
            "taker_side": "yes"
        },
        {
            "trade_id": "a2d88718-f0da-4133-983c-9f6e8683c09d",
            "ticker": "KXHIGHNY-25JAN17-B39.5",
            "count": 63,
            "created_time": "2025-01-17T15:40:32.211726Z",
            "yes_price": 38,
            "no_price": 62,
            "taker_side": "yes"
        },
        {
            "trade_id": "2b74b02a-2640-4512-b243-b818d237f4dd",
            "ticker": "KXHIGHNY-25JAN17-B39.5",
            "count": 158,
            "created_time": "2025-01-17T15:32:22.613895Z",
            "yes_price": 40,
            "no_price": 60,
            "taker_side": "yes"
        },
        {
            "trade_id": "0d97efc9-2f80-4342-9346-cef5b4d876fd",
            "ticker": "KXHIGHNY-25JAN17-B39.5",
            "count": 86,
            "created_time": "2025-01-17T15:32:22.613895Z",
            "yes_price": 38,
            "no_price": 62,
            "taker_side": "yes"
        },
        {
            "trade_id": "fb006a2e-a008-4f2f-8192-481e743a6a51",
            "ticker": "KXHIGHNY-25JAN17-B39.5",
            "count": 50,
            "created_time": "2025-01-17T15:31:56.726869Z",
            "yes_price": 38,
            "no_price": 62,
            "taker_side": "yes"
        },
        {
            "trade_id": "8ae60ec7-c598-4724-b740-20d40e3696ae",
            "ticker": "KXHIGHNY-25JAN17-B39.5",
            "count": 7,
            "created_time": "2025-01-17T15:31:09.72901Z",
            "yes_price": 37,
            "no_price": 63,
            "taker_side": "yes"
        },
        {
            "trade_id": "11370fc0-8433-4145-b8f9-e52124a70a18",
            "ticker": "KXHIGHNY-25JAN17-B39.5",
            "count": 125,
            "created_time": "2025-01-17T15:26:20.093723Z",
            "yes_price": 36,
            "no_price": 64,
            "taker_side": "no"
        },
        {
            "trade_id": "8c17dbc5-036a-4f49-9d35-22d9a604e547",
            "ticker": "KXHIGHNY-25JAN17-B39.5",
            "count": 5,
            "created_time": "2025-01-17T15:26:07.325874Z",
            "yes_price": 37,
            "no_price": 63,
            "taker_side": "yes"
        },
        {
            "trade_id": "dc792acc-99ff-40ba-862c-2cdde9f3f2d5",
            "ticker": "KXHIGHNY-25JAN17-B39.5",
            "count": 2,
            "created_time": "2025-01-17T15:22:38.080866Z",
            "yes_price": 38,
            "no_price": 62,
            "taker_side": "yes"
        },
        {
            "trade_id": "7ae47a51-bbd3-413d-99e2-a11ea4f7cd8c",
            "ticker": "KXHIGHNY-25JAN17-B39.5",
            "count": 5,
            "created_time": "2025-01-17T15:14:24.795946Z",
            "yes_price": 38,
            "no_price": 62,
            "taker_side": "yes"
        },
        {
            "trade_id": "da27128d-3874-466a-aea8-0fc515d48883",
            "ticker": "KXHIGHNY-25JAN17-B39.5",
            "count": 18,
            "created_time": "2025-01-17T15:14:20.028821Z",
            "yes_price": 38,
            "no_price": 62,
            "taker_side": "yes"
        },
        {
            "trade_id": "619d8eb2-df4e-4150-bc6a-3f6e21bf2c29",
            "ticker": "KXHIGHNY-25JAN17-B39.5",
            "count": 7,
            "created_time": "2025-01-17T15:14:20.028821Z",
            "yes_price": 38,
            "no_price": 62,
            "taker_side": "yes"
        },
        {
            "trade_id": "322a63c6-90a0-4dc3-b24b-6b3090f04096",
            "ticker": "KXHIGHNY-25JAN17-B39.5",
            "count": 25,
            "created_time": "2025-01-17T15:14:20.028821Z",
            "yes_price": 38,
            "no_price": 62,
            "taker_side": "yes"
        },
        {
            "trade_id": "ca2199d0-0fdd-446e-bca4-cd61932cdefc",
            "ticker": "KXHIGHNY-25JAN17-B39.5",
            "count": 47,
            "created_time": "2025-01-17T15:13:48.061973Z",
            "yes_price": 32,
            "no_price": 68,
            "taker_side": "no"
        },
        {
            "trade_id": "bd22ffcc-7f78-49f1-a2d7-5af0ff91d82e",
            "ticker": "KXHIGHNY-25JAN17-B39.5",
            "count": 25,
            "created_time": "2025-01-17T15:11:28.131625Z",
            "yes_price": 38,
            "no_price": 62,
            "taker_side": "yes"
        },
        {
            "trade_id": "a9ac9c11-2ca1-4f83-9104-51543cb9c409",
            "ticker": "KXHIGHNY-25JAN17-B39.5",
            "count": 5,
            "created_time": "2025-01-17T15:10:49.150883Z",
            "yes_price": 40,
            "no_price": 60,
            "taker_side": "yes"
        },
        {
            "trade_id": "9b0d9448-b49f-4f97-8856-4ec165d92d50",
            "ticker": "KXHIGHNY-25JAN17-B39.5",
            "count": 9,
            "created_time": "2025-01-17T15:10:49.150883Z",
            "yes_price": 38,
            "no_price": 62,
            "taker_side": "yes"
        },
        {
            "trade_id": "199f9927-12af-45a3-b854-3fb4ce3c5572",
            "ticker": "KXHIGHNY-25JAN17-B39.5",
            "count": 10,
            "created_time": "2025-01-17T15:10:49.150883Z",
            "yes_price": 38,
            "no_price": 62,
            "taker_side": "yes"
        },
        {
            "trade_id": "2573d583-89da-4c26-a1cc-f42fc4520b58",
            "ticker": "KXHIGHNY-25JAN17-B39.5",
            "count": 15,
            "created_time": "2025-01-17T15:08:41.26704Z",
            "yes_price": 38,
            "no_price": 62,
            "taker_side": "yes"
        },
        {
            "trade_id": "006868d5-2a38-4200-8f9e-ac8fc0b98582",
            "ticker": "KXHIGHNY-25JAN17-B39.5",
            "count": 20,
            "created_time": "2025-01-17T15:08:41.26704Z",
            "yes_price": 38,
            "no_price": 62,
            "taker_side": "yes"
        },
        {
            "trade_id": "7f65319d-ed7b-4455-a4ac-416bfb37c00a",
            "ticker": "KXHIGHNY-25JAN17-B39.5",
            "count": 50,
            "created_time": "2025-01-17T14:00:36.308472Z",
            "yes_price": 34,
            "no_price": 66,
            "taker_side": "no"
        },
        {
            "trade_id": "befe0ca8-8b10-4007-b489-e4d67074ffb0",
            "ticker": "KXHIGHNY-25JAN17-B39.5",
            "count": 9,
            "created_time": "2025-01-17T13:12:35.106902Z",
            "yes_price": 36,
            "no_price": 64,
            "taker_side": "no"
        },
        {
            "trade_id": "a55be0d4-89bf-438c-a7cf-2e4f65110906",
            "ticker": "KXHIGHNY-25JAN17-B39.5",
            "count": 23,
            "created_time": "2025-01-17T13:12:35.106902Z",
            "yes_price": 35,
            "no_price": 65,
            "taker_side": "no"
        },
        {
            "trade_id": "01b1e8e9-0aca-4582-8798-12c7bd4c884f",
            "ticker": "KXHIGHNY-25JAN17-B39.5",
            "count": 71,
            "created_time": "2025-01-17T13:12:35.106902Z",
            "yes_price": 33,
            "no_price": 67,
            "taker_side": "no"
        },
        {
            "trade_id": "f7a6107c-92fc-42b1-ae9f-a16a57c6e474",
            "ticker": "KXHIGHNY-25JAN17-B39.5",
            "count": 10,
            "created_time": "2025-01-17T13:01:59.065701Z",
            "yes_price": 40,
            "no_price": 60,
            "taker_side": "yes"
        },
        {
            "trade_id": "92f00590-87b5-4426-91e4-be5a44eff3f6",
            "ticker": "KXHIGHNY-25JAN17-B39.5",
            "count": 12,
            "created_time": "2025-01-17T13:01:59.065701Z",
            "yes_price": 40,
            "no_price": 60,
            "taker_side": "yes"
        },
        {
            "trade_id": "688525f0-f11d-4379-87c5-815ea3c95fd2",
            "ticker": "KXHIGHNY-25JAN17-B39.5",
            "count": 40,
            "created_time": "2025-01-17T13:01:59.065701Z",
            "yes_price": 39,
            "no_price": 61,
            "taker_side": "yes"
        },
        {
            "trade_id": "3a3f72e5-cfbc-49fa-a3bc-e797e7f87be8",
            "ticker": "KXHIGHNY-25JAN17-B39.5",
            "count": 60,
            "created_time": "2025-01-17T13:01:59.065701Z",
            "yes_price": 39,
            "no_price": 61,
            "taker_side": "yes"
        },
        {
            "trade_id": "2af8fcf9-388a-4188-99ca-34abd26526e0",
