{
    "KXHIGHNY-25APR24-T68": [
        {
            "trade_id": "62ee9e81-f3b2-4c82-84c4-75d0853c68ed",
            "ticker": "KXHIGHNY-25APR24-T68",
            "count": 93,
            "created_time": "2025-04-24T16:54:28.369353Z",
            "yes_price": 1,
            "no_price": 99,
            "taker_side": "yes"
        },
        {
            "trade_id": "5c69c3af-b8ed-43ee-926b-f857ff7e3cd3",
            "ticker": "KXHIGHNY-25APR24-T68",
            "count": 175,
            "created_time": "2025-04-24T05:04:17.32699Z",
            "yes_price": 1,
            "no_price": 99,
            "taker_side": "no"
        },
        {
            "trade_id": "2cb8e232-a319-4a6a-b257-1a3b2c7207ac",
            "ticker": "KXHIGHNY-25APR24-T68",
            "count": 50,
            "created_time": "2025-04-24T05:04:17.32699Z",
            "yes_price": 1,
            "no_price": 99,
            "taker_side": "no"
        },
        {
            "trade_id": "85bdfd89-b21d-4fc8-bd72-ccb2b8b8d4b2",
            "ticker": "KXHIGHNY-25APR24-T68",
            "count": 150,
            "created_time": "2025-04-24T04:58:25.604638Z",
            "yes_price": 1,
            "no_price": 99,
            "taker_side": "no"
        },
        {
            "trade_id": "fa116dfe-8f3c-4b0c-9073-f860ba3e47c7",
            "ticker": "KXHIGHNY-25APR24-T68",
            "count": 8,
            "created_time": "2025-04-24T03:38:17.56813Z",
            "yes_price": 1,
            "no_price": 99,
            "taker_side": "no"
        },
        {
            "trade_id": "247af6d1-d64f-40b4-9808-8c6e5709654d",
            "ticker": "KXHIGHNY-25APR24-T68",
            "count": 50,
            "created_time": "2025-04-24T01:15:31.627105Z",
            "yes_price": 2,
            "no_price": 98,
            "taker_side": "no"
        },
        {
            "trade_id": "78fd5024-6f7a-472e-9ba0-4cb6a5690f63",
            "ticker": "KXHIGHNY-25APR24-T68",
            "count": 133,
            "created_time": "2025-04-24T00:56:07.786537Z",
            "yes_price": 4,
            "no_price": 96,
            "taker_side": "yes"
        },
        {
            "trade_id": "6325c67a-001a-4946-b058-e14b63660dc7",
            "ticker": "KXHIGHNY-25APR24-T68",
            "count": 200,
            "created_time": "2025-04-24T00:56:07.786537Z",
            "yes_price": 2,
            "no_price": 98,
            "taker_side": "yes"
        }
    ],
    "KXHIGHNY-25APR24-B68.5": [
        {
            "trade_id": "aabc3ed4-2525-4008-9142-afa40db95089",
            "ticker": "KXHIGHNY-25APR24-B68.5",
            "count": 8,
            "created_time": "2025-04-24T12:47:48.301194Z",
            "yes_price": 1,
            "no_price": 99,
            "taker_side": "no"
        },
        {
            "trade_id": "0f398e29-bf37-4ec8-9145-e9d44b38ae84",
            "ticker": "KXHIGHNY-25APR24-B68.5",
            "count": 365,
            "created_time": "2025-04-24T12:37:21.02894Z",
            "yes_price": 1,
            "no_price": 99,
            "taker_side": "no"
        },
        {
            "trade_id": "4a8235b8-2b7a-4643-b357-324332523894",
            "ticker": "KXHIGHNY-25APR24-B68.5",
            "count": 300,
            "created_time": "2025-04-24T12:22:01.482475Z",
            "yes_price": 1,
            "no_price": 99,
            "taker_side": "no"
        },
        {
            "trade_id": "01d51bef-8e46-46de-aef3-48edf07f3462",
            "ticker": "KXHIGHNY-25APR24-B68.5",
            "count": 15,
            "created_time": "2025-04-24T12:18:18.129437Z",
            "yes_price": 1,
            "no_price": 99,
            "taker_side": "no"
        },
        {
            "trade_id": "500442fd-dfaa-429f-b0b5-174591e09625",
            "ticker": "KXHIGHNY-25APR24-B68.5",
            "count": 4,
            "created_time": "2025-04-24T12:14:05.129204Z",
            "yes_price": 1,
            "no_price": 99,
            "taker_side": "no"
        },
        {
            "trade_id": "588207f9-93d6-49fc-b39c-9a8f019b8e68",
            "ticker": "KXHIGHNY-25APR24-B68.5",
            "count": 3,
            "created_time": "2025-04-24T12:13:06.906291Z",
            "yes_price": 1,
            "no_price": 99,
            "taker_side": "no"
        },
        {
            "trade_id": "5ac22317-d6ef-47f3-b91f-275212880c99",
            "ticker": "KXHIGHNY-25APR24-B68.5",
            "count": 13,
            "created_time": "2025-04-24T12:13:05.816967Z",
            "yes_price": 1,
            "no_price": 99,
            "taker_side": "no"
        },
        {
            "trade_id": "9860a43d-a8dc-487b-8aa9-321fe34dbd4c",
            "ticker": "KXHIGHNY-25APR24-B68.5",
            "count": 22,
            "created_time": "2025-04-24T12:12:26.677134Z",
            "yes_price": 1,
            "no_price": 99,
            "taker_side": "no"
        },
        {
            "trade_id": "f6c64ad9-da74-49ae-af72-933b653c3a0c",
            "ticker": "KXHIGHNY-25APR24-B68.5",
            "count": 8,
            "created_time": "2025-04-24T12:10:49.949427Z",
            "yes_price": 1,
            "no_price": 99,
            "taker_side": "no"
        },
        {
            "trade_id": "e20ef12f-9a03-4d6f-a420-eb2574453ca2",
            "ticker": "KXHIGHNY-25APR24-B68.5",
            "count": 13,
            "created_time": "2025-04-24T12:10:49.108377Z",
            "yes_price": 1,
            "no_price": 99,
            "taker_side": "no"
        },
        {
            "trade_id": "3bb736f5-07ee-4f8c-b002-68bf5b433704",
            "ticker": "KXHIGHNY-25APR24-B68.5",
            "count": 8,
            "created_time": "2025-04-24T12:10:31.521514Z",
            "yes_price": 1,
            "no_price": 99,
            "taker_side": "no"
        },
        {
            "trade_id": "f7cff983-281e-4ad0-894b-4d6f3d702626",
            "ticker": "KXHIGHNY-25APR24-B68.5",
            "count": 5,
            "created_time": "2025-04-24T12:10:30.67518Z",
            "yes_price": 1,
            "no_price": 99,
            "taker_side": "no"
        },
        {
            "trade_id": "a75e99f7-dedc-476b-9d20-24f8036ba8aa",
            "ticker": "KXHIGHNY-25APR24-B68.5",
            "count": 15,
            "created_time": "2025-04-24T12:10:29.829576Z",
            "yes_price": 1,
            "no_price": 99,
            "taker_side": "no"
        },
        {
            "trade_id": "8386741a-5b26-4c52-aa7a-ecd7d5de41c7",
            "ticker": "KXHIGHNY-25APR24-B68.5",
            "count": 78,
            "created_time": "2025-04-24T12:08:57.316285Z",
            "yes_price": 1,
            "no_price": 99,
            "taker_side": "no"
        },
        {
            "trade_id": "3a1b87bd-ccc8-42f1-85d3-6f19487c599d",
            "ticker": "KXHIGHNY-25APR24-B68.5",
            "count": 22,
            "created_time": "2025-04-24T12:07:31.577043Z",
            "yes_price": 1,
            "no_price": 99,
            "taker_side": "no"
        },
        {
            "trade_id": "56192ae3-3929-463b-b582-b060ef8be6e0",
            "ticker": "KXHIGHNY-25APR24-B68.5",
            "count": 21,
            "created_time": "2025-04-24T12:07:03.529282Z",
            "yes_price": 1,
            "no_price": 99,
            "taker_side": "no"
        },
        {
            "trade_id": "c66bd4f0-1911-4720-a297-c2960723386d",
            "ticker": "KXHIGHNY-25APR24-B68.5",
            "count": 100,
            "created_time": "2025-04-24T12:03:49.543969Z",
            "yes_price": 3,
            "no_price": 97,
            "taker_side": "yes"
        },
        {
            "trade_id": "a802987a-9033-4dc0-83c2-332c24438472",
            "ticker": "KXHIGHNY-25APR24-B68.5",
            "count": 8,
            "created_time": "2025-04-24T12:03:49.543969Z",
            "yes_price": 5,
            "no_price": 95,
            "taker_side": "yes"
        },
        {
            "trade_id": "914fce40-589f-4434-9b51-a7c855520bd8",
            "ticker": "KXHIGHNY-25APR24-B68.5",
            "count": 41,
            "created_time": "2025-04-24T12:03:49.543969Z",
            "yes_price": 3,
            "no_price": 97,
            "taker_side": "yes"
        },
        {
            "trade_id": "925f6e14-ba2a-4a9d-8133-7a66256896dc",
            "ticker": "KXHIGHNY-25APR24-B68.5",
            "count": 3,
            "created_time": "2025-04-24T12:01:42.650867Z",
            "yes_price": 1,
            "no_price": 99,
            "taker_side": "no"
        },
        {
            "trade_id": "c910fbc8-0307-49e5-8b85-2c1ee2494dd6",
            "ticker": "KXHIGHNY-25APR24-B68.5",
            "count": 4,
            "created_time": "2025-04-24T12:01:42.489471Z",
            "yes_price": 1,
            "no_price": 99,
            "taker_side": "no"
        },
        {
            "trade_id": "6dd2107d-317b-4ec7-af4e-6c9d5016ff86",
            "ticker": "KXHIGHNY-25APR24-B68.5",
            "count": 1,
            "created_time": "2025-04-24T12:00:43.391804Z",
            "yes_price": 1,
            "no_price": 99,
            "taker_side": "no"
        },
        {
            "trade_id": "4eb84dbe-7a0a-45da-be86-e637bcc5fd06",
            "ticker": "KXHIGHNY-25APR24-B68.5",
            "count": 1,
            "created_time": "2025-04-24T12:00:41.797283Z",
            "yes_price": 1,
            "no_price": 99,
            "taker_side": "no"
        },
        {
            "trade_id": "6a11d7e2-b87b-4466-95f3-e71781a63972",
            "ticker": "KXHIGHNY-25APR24-B68.5",
            "count": 1,
            "created_time": "2025-04-24T00:55:19.975994Z",
            "yes_price": 3,
            "no_price": 97,
            "taker_side": "yes"
        },
        {
            "trade_id": "3c858a4c-6a9b-41f2-9516-09038917644d",
            "ticker": "KXHIGHNY-25APR24-B68.5",
            "count": 900,
            "created_time": "2025-04-24T00:55:19.975994Z",
            "yes_price": 2,
            "no_price": 98,
            "taker_side": "yes"
        },
        {
            "trade_id": "ddd91bc9-b839-4a52-9c68-52b60c24670b",
            "ticker": "KXHIGHNY-25APR24-B68.5",
            "count": 43,
            "created_time": "2025-04-23T19:31:00.400439Z",
            "yes_price": 4,
            "no_price": 96,
            "taker_side": "no"
        },
        {
            "trade_id": "b64bfebe-5634-4d99-85cc-840cd2987d14",
            "ticker": "KXHIGHNY-25APR24-B68.5",
            "count": 24,
            "created_time": "2025-04-23T19:24:45.132624Z",
            "yes_price": 4,
            "no_price": 96,
            "taker_side": "no"
        },
        {
            "trade_id": "fecc6505-f195-4819-8201-b4731db4eef3",
            "ticker": "KXHIGHNY-25APR24-B68.5",
            "count": 11,
            "created_time": "2025-04-23T19:21:41.22163Z",
            "yes_price": 4,
            "no_price": 96,
            "taker_side": "no"
        },
        {
            "trade_id": "66783c28-ada1-44df-bf47-c9251f2f96c3",
            "ticker": "KXHIGHNY-25APR24-B68.5",
            "count": 5,
            "created_time": "2025-04-23T19:00:45.491497Z",
            "yes_price": 6,
            "no_price": 94,
            "taker_side": "no"
        },
        {
            "trade_id": "f4c13ee2-ff98-40d0-b9a0-b3789421151a",
            "ticker": "KXHIGHNY-25APR24-B68.5",
            "count": 5,
            "created_time": "2025-04-23T17:39:55.271223Z",
            "yes_price": 7,
            "no_price": 93,
            "taker_side": "no"
        },
        {
            "trade_id": "9121509a-10b6-4033-bb84-d9b86b20fc3f",
            "ticker": "KXHIGHNY-25APR24-B68.5",
            "count": 50,
            "created_time": "2025-04-23T17:39:55.271223Z",
            "yes_price": 8,
            "no_price": 92,
            "taker_side": "no"
        },
        {
            "trade_id": "fb6775aa-1911-446d-aa22-cfc7b696d7cc",
            "ticker": "KXHIGHNY-25APR24-B68.5",
            "count": 31,
            "created_time": "2025-04-23T14:16:09.836481Z",
            "yes_price": 9,
            "no_price": 91,
            "taker_side": "yes"
        },
        {
            "trade_id": "9621ad0f-0f76-4f0e-9859-8862fbea8dbe",
            "ticker": "KXHIGHNY-25APR24-B68.5",
            "count": 45,
            "created_time": "2025-04-23T14:15:53.988039Z",
            "yes_price": 12,
            "no_price": 88,
            "taker_side": "no"
        }
    ],
    "KXHIGHNY-25APR24-B70.5": [
        {
            "trade_id": "e37bc137-91cb-44f1-9b31-e7af8b3c04b2",
            "ticker": "KXHIGHNY-25APR24-B70.5",
            "count": 97,
            "created_time": "2025-04-24T13:49:25.951189Z",
            "yes_price": 1,
            "no_price": 99,
            "taker_side": "no"
        },
        {
            "trade_id": "188c32d6-9f67-412c-9553-13e89bcd14d2",
            "ticker": "KXHIGHNY-25APR24-B70.5",
            "count": 30,
            "created_time": "2025-04-24T13:49:25.951189Z",
            "yes_price": 1,
            "no_price": 99,
            "taker_side": "no"
        },
        {
            "trade_id": "50a2e5d8-c476-47cb-a7f0-d17e65ee4d8c",
            "ticker": "KXHIGHNY-25APR24-B70.5",
            "count": 1,
            "created_time": "2025-04-24T13:40:19.823691Z",
            "yes_price": 1,
            "no_price": 99,
            "taker_side": "no"
        },
        {
            "trade_id": "27300edc-833a-4f86-8936-55138a2cbbf2",
            "ticker": "KXHIGHNY-25APR24-B70.5",
            "count": 1,
            "created_time": "2025-04-24T13:40:01.938975Z",
            "yes_price": 1,
            "no_price": 99,
            "taker_side": "no"
        },
        {
            "trade_id": "84cd00e6-e7e7-4055-9be9-49945c5bd5ee",
            "ticker": "KXHIGHNY-25APR24-B70.5",
            "count": 103,
            "created_time": "2025-04-24T13:32:45.492601Z",
            "yes_price": 1,
            "no_price": 99,
            "taker_side": "no"
        },
        {
            "trade_id": "050100ac-e80e-4bcd-bf0b-dc6e3300df7b",
            "ticker": "KXHIGHNY-25APR24-B70.5",
            "count": 150,
            "created_time": "2025-04-24T13:22:20.385472Z",
            "yes_price": 1,
            "no_price": 99,
            "taker_side": "no"
        },
        {
            "trade_id": "1c328ebd-b10b-4f1c-aa45-2c87e52226c8",
            "ticker": "KXHIGHNY-25APR24-B70.5",
            "count": 4,
            "created_time": "2025-04-24T13:06:44.49482Z",
            "yes_price": 1,
            "no_price": 99,
            "taker_side": "no"
        },
        {
            "trade_id": "b354f028-cbe5-48ea-9d10-578aac0bd28f",
            "ticker": "KXHIGHNY-25APR24-B70.5",
            "count": 9,
            "created_time": "2025-04-24T12:51:41.441943Z",
            "yes_price": 1,
            "no_price": 99,
            "taker_side": "no"
        },
        {
            "trade_id": "20ba72a6-806f-4ce5-86b0-e73d33ec4516",
            "ticker": "KXHIGHNY-25APR24-B70.5",
            "count": 195,
            "created_time": "2025-04-24T12:51:41.441943Z",
            "yes_price": 1,
            "no_price": 99,
            "taker_side": "no"
        },
        {
            "trade_id": "15f01d97-ce25-4bf3-b5f2-885f7df68041",
            "ticker": "KXHIGHNY-25APR24-B70.5",
            "count": 48,
            "created_time": "2025-04-24T12:51:41.441943Z",
            "yes_price": 1,
            "no_price": 99,
            "taker_side": "no"
        },
        {
            "trade_id": "e59cd007-7561-453b-bacc-752227f617bf",
            "ticker": "KXHIGHNY-25APR24-B70.5",
            "count": 300,
            "created_time": "2025-04-24T12:22:09.52785Z",
            "yes_price": 1,
            "no_price": 99,
            "taker_side": "no"
        },
        {
            "trade_id": "4db9253a-05d8-4116-8c53-e8dc23f1441c",
            "ticker": "KXHIGHNY-25APR24-B70.5",
            "count": 15,
            "created_time": "2025-04-24T12:18:18.125313Z",
            "yes_price": 2,
            "no_price": 98,
            "taker_side": "no"
        },
        {
            "trade_id": "df88e5a3-65ee-45c4-94b1-0444fa34c73e",
            "ticker": "KXHIGHNY-25APR24-B70.5",
            "count": 4,
            "created_time": "2025-04-24T12:14:05.129367Z",
            "yes_price": 3,
            "no_price": 97,
            "taker_side": "no"
        },
        {
            "trade_id": "0e8b06e6-f08b-4581-946c-75505d0d6582",
            "ticker": "KXHIGHNY-25APR24-B70.5",
            "count": 3,
            "created_time": "2025-04-24T12:13:06.906643Z",
            "yes_price": 3,
            "no_price": 97,
            "taker_side": "no"
        },
        {
            "trade_id": "fa1abbc6-ddc6-4bfd-9698-cc2619e81922",
            "ticker": "KXHIGHNY-25APR24-B70.5",
            "count": 5,
            "created_time": "2025-04-24T12:13:06.641071Z",
            "yes_price": 4,
            "no_price": 96,
            "taker_side": "yes"
        },
        {
            "trade_id": "e84995fc-5f06-4c89-bf0a-421b1ce5146a",
            "ticker": "KXHIGHNY-25APR24-B70.5",
            "count": 13,
            "created_time": "2025-04-24T12:13:05.819258Z",
            "yes_price": 1,
            "no_price": 99,
            "taker_side": "no"
        },
        {
            "trade_id": "e4c7c6ea-5c1b-48d5-9801-4bb8fbb5b5a9",
            "ticker": "KXHIGHNY-25APR24-B70.5",
            "count": 22,
            "created_time": "2025-04-24T12:12:26.675939Z",
            "yes_price": 1,
            "no_price": 99,
            "taker_side": "no"
        },
        {
            "trade_id": "4f0c020e-1dd2-4901-8b93-7aa16ce1f1e4",
            "ticker": "KXHIGHNY-25APR24-B70.5",
            "count": 8,
            "created_time": "2025-04-24T12:10:49.953611Z",
            "yes_price": 1,
            "no_price": 99,
            "taker_side": "no"
        },
        {
            "trade_id": "6114b7d2-52d8-4702-8539-5686172b85a6",
            "ticker": "KXHIGHNY-25APR24-B70.5",
            "count": 13,
            "created_time": "2025-04-24T12:10:49.105213Z",
            "yes_price": 1,
            "no_price": 99,
            "taker_side": "no"
        },
        {
            "trade_id": "c543a25d-80d6-44f2-8ae4-f84fb9b180d8",
            "ticker": "KXHIGHNY-25APR24-B70.5",
            "count": 8,
            "created_time": "2025-04-24T12:10:31.519733Z",
            "yes_price": 1,
            "no_price": 99,
            "taker_side": "no"
        },
        {
            "trade_id": "353370d1-057c-4f0f-9590-b4cd459bbb75",
            "ticker": "KXHIGHNY-25APR24-B70.5",
            "count": 5,
            "created_time": "2025-04-24T12:10:30.675847Z",
            "yes_price": 1,
            "no_price": 99,
            "taker_side": "no"
        },
        {
            "trade_id": "131da46a-bab6-4df8-be30-d03a6974a124",
            "ticker": "KXHIGHNY-25APR24-B70.5",
            "count": 15,
            "created_time": "2025-04-24T12:10:29.831346Z",
            "yes_price": 1,
            "no_price": 99,
            "taker_side": "no"
        },
        {
            "trade_id": "f511ed9f-d309-4358-af7c-8d2215b37427",
            "ticker": "KXHIGHNY-25APR24-B70.5",
            "count": 78,
            "created_time": "2025-04-24T12:08:57.311912Z",
            "yes_price": 1,
            "no_price": 99,
            "taker_side": "no"
        },
        {
            "trade_id": "73c6e4cc-05c0-46e4-93b5-5c21acefe749",
            "ticker": "KXHIGHNY-25APR24-B70.5",
            "count": 22,
            "created_time": "2025-04-24T12:07:31.577443Z",
            "yes_price": 1,
            "no_price": 99,
            "taker_side": "no"
        },
        {
            "trade_id": "0ea73445-06b2-4773-b30e-620b471cad02",
            "ticker": "KXHIGHNY-25APR24-B70.5",
            "count": 21,
            "created_time": "2025-04-24T12:07:03.529448Z",
            "yes_price": 1,
            "no_price": 99,
            "taker_side": "no"
        },
        {
            "trade_id": "d0ca6f93-0e8f-41f4-a751-977beeb26d56",
            "ticker": "KXHIGHNY-25APR24-B70.5",
            "count": 199,
            "created_time": "2025-04-24T12:05:08.690732Z",
            "yes_price": 2,
            "no_price": 98,
            "taker_side": "no"
        },
        {
            "trade_id": "ba363822-6966-4e7e-8667-80e0b9d1f216",
            "ticker": "KXHIGHNY-25APR24-B70.5",
            "count": 10,
            "created_time": "2025-04-24T12:05:08.690732Z",
            "yes_price": 2,
            "no_price": 98,
            "taker_side": "no"
        },
        {
            "trade_id": "4aee98fd-b51e-4861-a0ec-e8e9e4eb6c6a",
            "ticker": "KXHIGHNY-25APR24-B70.5",
            "count": 1,
            "created_time": "2025-04-24T12:05:08.690732Z",
            "yes_price": 3,
            "no_price": 97,
            "taker_side": "no"
        },
        {
            "trade_id": "8d19d583-13cc-4498-b803-6aa2ac4baa78",
            "ticker": "KXHIGHNY-25APR24-B70.5",
            "count": 26,
            "created_time": "2025-04-24T12:03:23.367483Z",
            "yes_price": 4,
            "no_price": 96,
            "taker_side": "yes"
        },
        {
            "trade_id": "4397658f-e499-47e2-8563-968d79b80fc7",
            "ticker": "KXHIGHNY-25APR24-B70.5",
            "count": 30,
            "created_time": "2025-04-24T12:03:23.367483Z",
            "yes_price": 5,
            "no_price": 95,
            "taker_side": "yes"
        },
        {
            "trade_id": "42f44956-7936-4db4-ba88-354c265d4281",
            "ticker": "KXHIGHNY-25APR24-B70.5",
            "count": 1,
            "created_time": "2025-04-24T12:03:23.367483Z",
            "yes_price": 4,
            "no_price": 96,
            "taker_side": "yes"
        },
        {
            "trade_id": "2c1d7cc7-7523-4537-aead-7ec407a09892",
            "ticker": "KXHIGHNY-25APR24-B70.5",
            "count": 143,
            "created_time": "2025-04-24T12:03:23.367483Z",
            "yes_price": 6,
            "no_price": 94,
            "taker_side": "yes"
        },
        {
            "trade_id": "0f56ab2a-495f-4a19-9943-a031c13549f3",
            "ticker": "KXHIGHNY-25APR24-B70.5",
            "count": 1,
            "created_time": "2025-04-24T12:03:23.367483Z",
            "yes_price": 4,
            "no_price": 96,
            "taker_side": "yes"
        },
        {
            "trade_id": "3ef0ec0e-7b3f-4adb-9f33-326c7bcb791a",
            "ticker": "KXHIGHNY-25APR24-B70.5",
            "count": 3,
            "created_time": "2025-04-24T12:01:42.651666Z",
            "yes_price": 3,
            "no_price": 97,
            "taker_side": "no"
        },
        {
            "trade_id": "9831ffa8-1fe2-4170-bd15-25730d19fa63",
            "ticker": "KXHIGHNY-25APR24-B70.5",
            "count": 4,
            "created_time": "2025-04-24T12:01:42.512243Z",
            "yes_price": 3,
            "no_price": 97,
            "taker_side": "no"
        },
        {
            "trade_id": "6aa2a1b2-560f-4082-9bb6-c20ddd64a821",
            "ticker": "KXHIGHNY-25APR24-B70.5",
            "count": 1,
            "created_time": "2025-04-24T12:00:43.392613Z",
            "yes_price": 3,
            "no_price": 97,
            "taker_side": "no"
        },
        {
            "trade_id": "29c6a179-96e6-45ee-9aba-81f7e1e92c6e",
            "ticker": "KXHIGHNY-25APR24-B70.5",
            "count": 1,
            "created_time": "2025-04-24T12:00:41.795413Z",
            "yes_price": 2,
            "no_price": 98,
            "taker_side": "no"
        },
        {
            "trade_id": "f8923fd2-a001-4fc1-bbac-05e5289e9564",
            "ticker": "KXHIGHNY-25APR24-B70.5",
            "count": 12,
            "created_time": "2025-04-24T06:39:45.893902Z",
            "yes_price": 5,
            "no_price": 95,
            "taker_side": "yes"
        },
        {
            "trade_id": "7daf5748-ae11-4cf3-b035-e895e41d7242",
            "ticker": "KXHIGHNY-25APR24-B70.5",
            "count": 100,
            "created_time": "2025-04-24T06:39:45.893902Z",
            "yes_price": 4,
            "no_price": 96,
            "taker_side": "yes"
        },
        {
            "trade_id": "371ad9f4-35f5-49fb-9c59-6a5e44648f39",
            "ticker": "KXHIGHNY-25APR24-B70.5",
            "count": 1,
            "created_time": "2025-04-24T06:39:45.893902Z",
            "yes_price": 4,
            "no_price": 96,
            "taker_side": "yes"
        },
        {
            "trade_id": "c35f4825-ee0a-4216-8fba-003f4ea784d6",
            "ticker": "KXHIGHNY-25APR24-B70.5",
            "count": 1,
            "created_time": "2025-04-24T06:31:11.912881Z",
            "yes_price": 3,
            "no_price": 97,
            "taker_side": "yes"
        },
        {
            "trade_id": "aead1def-a733-4b80-ad89-92e66097e9e5",
            "ticker": "KXHIGHNY-25APR24-B70.5",
            "count": 2,
            "created_time": "2025-04-24T06:06:08.134347Z",
            "yes_price": 4,
            "no_price": 96,
            "taker_side": "no"
        },
        {
            "trade_id": "89c714d2-53c0-4a65-ab93-c9369c7126b3",
            "ticker": "KXHIGHNY-25APR24-B70.5",
            "count": 22,
            "created_time": "2025-04-24T04:18:31.717506Z",
            "yes_price": 8,
            "no_price": 92,
            "taker_side": "yes"
        },
        {
            "trade_id": "652d703e-2b88-46e1-9f44-6f43a23ad0a4",
            "ticker": "KXHIGHNY-25APR24-B70.5",
            "count": 1,
            "created_time": "2025-04-24T04:18:31.717506Z",
            "yes_price": 7,
            "no_price": 93,
            "taker_side": "yes"
        },
        {
            "trade_id": "f0023547-c9df-44e8-8468-f1ea95ba0e07",
            "ticker": "KXHIGHNY-25APR24-B70.5",
            "count": 2,
            "created_time": "2025-04-24T03:45:48.383238Z",
            "yes_price": 6,
            "no_price": 94,
            "taker_side": "yes"
        },
        {
            "trade_id": "494bba1b-a340-4762-8688-c31bd79e08d4",
            "ticker": "KXHIGHNY-25APR24-B70.5",
            "count": 2,
            "created_time": "2025-04-24T03:39:49.543963Z",
            "yes_price": 4,
            "no_price": 96,
            "taker_side": "yes"
        },
        {
            "trade_id": "3a00f3c0-6216-45ac-871a-009b9177b63a",
            "ticker": "KXHIGHNY-25APR24-B70.5",
            "count": 2,
            "created_time": "2025-04-24T03:39:49.543963Z",
            "yes_price": 5,
            "no_price": 95,
            "taker_side": "yes"
        },
        {
            "trade_id": "d94f7f4c-65b6-4ac8-b735-f7753e871b4b",
            "ticker": "KXHIGHNY-25APR24-B70.5",
            "count": 32,
            "created_time": "2025-04-24T03:39:49.474127Z",
            "yes_price": 3,
            "no_price": 97,
            "taker_side": "yes"
        },
        {
            "trade_id": "f310ae50-1ebf-4ff4-b7fb-fc72fcbd46f1",
            "ticker": "KXHIGHNY-25APR24-B70.5",
            "count": 54,
            "created_time": "2025-04-24T02:26:16.984503Z",
            "yes_price": 8,
            "no_price": 92,
            "taker_side": "yes"
        },
        {
            "trade_id": "768b36e3-8929-4ef3-a2af-93e5a24f1d3d",
            "ticker": "KXHIGHNY-25APR24-B70.5",
            "count": 68,
            "created_time": "2025-04-24T02:26:16.984503Z",
            "yes_price": 4,
            "no_price": 96,
            "taker_side": "yes"
        },
        {
            "trade_id": "325bc026-ea9a-4b8a-8ad8-c45210e4dd4c",
            "ticker": "KXHIGHNY-25APR24-B70.5",
            "count": 50,
            "created_time": "2025-04-24T02:26:16.984503Z",
            "yes_price": 4,
            "no_price": 96,
            "taker_side": "yes"
        },
        {
            "trade_id": "30173806-edd0-4b93-b7d5-2c086b0179cd",
            "ticker": "KXHIGHNY-25APR24-B70.5",
            "count": 240,
            "created_time": "2025-04-24T02:26:16.984503Z",
            "yes_price": 6,
            "no_price": 94,
            "taker_side": "yes"
        },
        {
            "trade_id": "008f8ecd-2ed1-4196-8f76-cf59b1193cc9",
            "ticker": "KXHIGHNY-25APR24-B70.5",
            "count": 46,
            "created_time": "2025-04-24T02:13:17.409148Z",
            "yes_price": 4,
            "no_price": 96,
            "taker_side": "yes"
        },
        {
            "trade_id": "1786e916-4625-46d8-81dc-2014127e7d7e",
            "ticker": "KXHIGHNY-25APR24-B70.5",
            "count": 50,
            "created_time": "2025-04-24T01:42:40.53363Z",
            "yes_price": 4,
            "no_price": 96,
            "taker_side": "no"
        },
        {
            "trade_id": "927d6460-c962-46b0-962a-9c9c87f1adb8",
            "ticker": "KXHIGHNY-25APR24-B70.5",
            "count": 34,
            "created_time": "2025-04-24T01:42:38.852636Z",
            "yes_price": 3,
            "no_price": 97,
            "taker_side": "no"
        },
        {
            "trade_id": "57460b27-651a-4256-a453-094eec8496a9",
            "ticker": "KXHIGHNY-25APR24-B70.5",
            "count": 44,
            "created_time": "2025-04-24T01:42:38.852636Z",
            "yes_price": 3,
            "no_price": 97,
            "taker_side": "no"
        },
        {
            "trade_id": "69618c8b-a4fb-42b1-972b-5c31990e536a",
            "ticker": "KXHIGHNY-25APR24-B70.5",
            "count": 18,
            "created_time": "2025-04-24T01:39:46.813941Z",
            "yes_price": 4,
            "no_price": 96,
            "taker_side": "no"
        },
        {
            "trade_id": "4a2bff42-ab0d-4cc7-9964-649e3c1ff24e",
            "ticker": "KXHIGHNY-25APR24-B70.5",
            "count": 18,
            "created_time": "2025-04-24T01:39:42.964023Z",
            "yes_price": 4,
            "no_price": 96,
            "taker_side": "no"
        },
        {
            "trade_id": "f17b198d-b408-4c64-8666-810d3c7e4a99",
            "ticker": "KXHIGHNY-25APR24-B70.5",
            "count": 9,
            "created_time": "2025-04-24T01:31:38.812347Z",
            "yes_price": 5,
            "no_price": 95,
            "taker_side": "no"
        },
        {
            "trade_id": "5ecdef31-561b-46d6-807d-68cf020836e5",
            "ticker": "KXHIGHNY-25APR24-B70.5",
            "count": 10,
            "created_time": "2025-04-24T00:55:48.470589Z",
            "yes_price": 9,
            "no_price": 91,
            "taker_side": "yes"
        },
        {
            "trade_id": "9419f1fb-0de1-4635-979a-81979860a53d",
            "ticker": "KXHIGHNY-25APR24-B70.5",
            "count": 1,
            "created_time": "2025-04-23T23:08:27.231332Z",
            "yes_price": 9,
            "no_price": 91,
            "taker_side": "yes"
        },
        {
            "trade_id": "452c8691-a5c5-4432-a8bd-085adaa3a22c",
            "ticker": "KXHIGHNY-25APR24-B70.5",
            "count": 79,
            "created_time": "2025-04-23T23:08:27.231332Z",
            "yes_price": 9,
            "no_price": 91,
            "taker_side": "yes"
        },
        {
            "trade_id": "1e1f7535-b7a3-4d91-ab42-224e057e7511",
            "ticker": "KXHIGHNY-25APR24-B70.5",
            "count": 50,
            "created_time": "2025-04-23T23:08:27.231332Z",
            "yes_price": 8,
            "no_price": 92,
            "taker_side": "yes"
        },
        {
            "trade_id": "6b4f3976-4227-4d2f-90e3-d0f57d8bf493",
            "ticker": "KXHIGHNY-25APR24-B70.5",
            "count": 4,
            "created_time": "2025-04-23T21:23:00.559169Z",
            "yes_price": 5,
            "no_price": 95,
            "taker_side": "no"
        },
        {
            "trade_id": "5996aac0-ae16-45ce-b9a2-4930b52cd597",
            "ticker": "KXHIGHNY-25APR24-B70.5",
            "count": 1,
            "created_time": "2025-04-23T20:20:22.749882Z",
            "yes_price": 5,
            "no_price": 95,
            "taker_side": "no"
        }
    ],
    "KXHIGHNY-25APR24-B72.5": [
        {
            "trade_id": "7ff9b815-6608-45cc-86db-298cf47855b0",
            "ticker": "KXHIGHNY-25APR24-B72.5",
            "count": 50,
            "created_time": "2025-04-24T22:27:18.745467Z",
            "yes_price": 1,
            "no_price": 99,
            "taker_side": "yes"
        },
        {
            "trade_id": "9af89505-adb1-4db8-8d41-c218c5c0a8e7",
            "ticker": "KXHIGHNY-25APR24-B72.5",
            "count": 35,
            "created_time": "2025-04-24T21:07:17.006597Z",
            "yes_price": 1,
            "no_price": 99,
            "taker_side": "yes"
        },
        {
            "trade_id": "c46ed7be-ceda-4c96-9558-e0ad3fd63176",
            "ticker": "KXHIGHNY-25APR24-B72.5",
            "count": 3,
            "created_time": "2025-04-24T16:53:30.246796Z",
            "yes_price": 1,
            "no_price": 99,
            "taker_side": "yes"
        },
        {
            "trade_id": "ab41960c-8e0a-499a-8335-579ff8e10784",
            "ticker": "KXHIGHNY-25APR24-B72.5",
            "count": 3,
            "created_time": "2025-04-24T16:23:20.716412Z",
            "yes_price": 2,
            "no_price": 98,
            "taker_side": "yes"
        },
        {
            "trade_id": "b76c23da-eba1-4b9a-bdca-8567ffc9a98e",
            "ticker": "KXHIGHNY-25APR24-B72.5",
            "count": 2,
            "created_time": "2025-04-24T16:22:56.119627Z",
            "yes_price": 1,
            "no_price": 99,
            "taker_side": "no"
        },
        {
            "trade_id": "e3474f5b-f01a-482c-b36a-1292040494e6",
            "ticker": "KXHIGHNY-25APR24-B72.5",
            "count": 1,
            "created_time": "2025-04-24T16:22:11.090891Z",
            "yes_price": 1,
            "no_price": 99,
            "taker_side": "no"
        },
        {
            "trade_id": "d5b02494-2d55-4736-8616-e644690164f2",
            "ticker": "KXHIGHNY-25APR24-B72.5",
            "count": 1,
            "created_time": "2025-04-24T16:20:41.175428Z",
            "yes_price": 1,
            "no_price": 99,
            "taker_side": "no"
        },
        {
            "trade_id": "c5a83507-e5ac-4f26-b5bd-14a9a9685b09",
            "ticker": "KXHIGHNY-25APR24-B72.5",
            "count": 3,
            "created_time": "2025-04-24T16:20:37.214887Z",
            "yes_price": 1,
            "no_price": 99,
            "taker_side": "no"
        },
        {
            "trade_id": "5354e3af-6839-4a23-930f-2c0bcb8a2489",
            "ticker": "KXHIGHNY-25APR24-B72.5",
            "count": 4,
            "created_time": "2025-04-24T16:20:22.53776Z",
            "yes_price": 1,
            "no_price": 99,
            "taker_side": "no"
        },
        {
            "trade_id": "7b5b0ad2-75e4-409c-9155-b96258d8e74e",
            "ticker": "KXHIGHNY-25APR24-B72.5",
            "count": 1,
            "created_time": "2025-04-24T16:20:22.438147Z",
            "yes_price": 1,
            "no_price": 99,
            "taker_side": "yes"
        },
        {
            "trade_id": "dcb38ac5-4f73-4a6f-b3b5-1e03c7cfb9ef",
            "ticker": "KXHIGHNY-25APR24-B72.5",
            "count": 13,
            "created_time": "2025-04-24T16:19:13.339789Z",
            "yes_price": 1,
            "no_price": 99,
            "taker_side": "no"
        },
        {
            "trade_id": "9a5a3cea-6395-4166-a664-48df900c3192",
            "ticker": "KXHIGHNY-25APR24-B72.5",
            "count": 393,
            "created_time": "2025-04-24T16:18:32.209161Z",
            "yes_price": 1,
            "no_price": 99,
            "taker_side": "no"
        },
        {
            "trade_id": "7014a200-eb8c-4cdd-981d-c1625a435f0d",
            "ticker": "KXHIGHNY-25APR24-B72.5",
            "count": 16,
            "created_time": "2025-04-24T16:18:32.209161Z",
            "yes_price": 1,
            "no_price": 99,
            "taker_side": "no"
        },
        {
            "trade_id": "57386ac1-cef5-45b0-8fd2-9ded137d0384",
            "ticker": "KXHIGHNY-25APR24-B72.5",
            "count": 500,
            "created_time": "2025-04-24T16:18:32.209161Z",
            "yes_price": 1,
            "no_price": 99,
            "taker_side": "no"
        },
        {
            "trade_id": "27011108-ff49-4966-823d-bcf1c9ac17fb",
            "ticker": "KXHIGHNY-25APR24-B72.5",
            "count": 2,
            "created_time": "2025-04-24T16:18:27.604157Z",
            "yes_price": 3,
            "no_price": 97,
            "taker_side": "no"
        },
        {
            "trade_id": "623cabf9-3245-4ada-ba1d-0793b97ad374",
            "ticker": "KXHIGHNY-25APR24-B72.5",
            "count": 1,
            "created_time": "2025-04-24T16:17:56.664405Z",
            "yes_price": 3,
            "no_price": 97,
            "taker_side": "no"
        },
        {
            "trade_id": "a469775b-a8d8-4b65-a1f7-0f5859890390",
            "ticker": "KXHIGHNY-25APR24-B72.5",
            "count": 15,
            "created_time": "2025-04-24T16:12:13.864098Z",
            "yes_price": 1,
            "no_price": 99,
            "taker_side": "no"
        },
        {
            "trade_id": "6cb39f6e-b782-4a91-8b25-d9541933f2e9",
            "ticker": "KXHIGHNY-25APR24-B72.5",
            "count": 9,
            "created_time": "2025-04-24T16:12:13.864098Z",
            "yes_price": 4,
            "no_price": 96,
            "taker_side": "no"
        },
        {
            "trade_id": "57d7eb2f-1b9e-4a2a-afe8-ec9cc7f78a5d",
            "ticker": "KXHIGHNY-25APR24-B72.5",
            "count": 46,
            "created_time": "2025-04-24T16:12:13.864098Z",
            "yes_price": 1,
            "no_price": 99,
            "taker_side": "no"
        },
        {
            "trade_id": "2480b910-5a04-492b-af87-894fa110a81c",
            "ticker": "KXHIGHNY-25APR24-B72.5",
            "count": 107,
            "created_time": "2025-04-24T16:12:13.864098Z",
            "yes_price": 1,
            "no_price": 99,
            "taker_side": "no"
        },
        {
            "trade_id": "09e3e9d0-60c4-4599-a634-e2bf7f949a00",
            "ticker": "KXHIGHNY-25APR24-B72.5",
            "count": 12,
            "created_time": "2025-04-24T16:12:13.864098Z",
            "yes_price": 3,
            "no_price": 97,
            "taker_side": "no"
        },
        {
            "trade_id": "fb5f1388-0054-4f61-9b8d-dbb460c71e02",
            "ticker": "KXHIGHNY-25APR24-B72.5",
            "count": 26,
            "created_time": "2025-04-24T16:05:50.683267Z",
            "yes_price": 4,
            "no_price": 96,
            "taker_side": "yes"
        },
        {
            "trade_id": "fcbd30dc-421b-44de-a09d-d1608a77a4f7",
            "ticker": "KXHIGHNY-25APR24-B72.5",
            "count": 250,
            "created_time": "2025-04-24T16:05:42.666194Z",
            "yes_price": 2,
            "no_price": 98,
            "taker_side": "yes"
        },
        {
            "trade_id": "d4faca5b-9da2-4014-bd75-bde7f9a3e7cf",
            "ticker": "KXHIGHNY-25APR24-B72.5",
            "count": 500,
            "created_time": "2025-04-24T16:05:42.666194Z",
            "yes_price": 3,
            "no_price": 97,
            "taker_side": "yes"
        },
        {
            "trade_id": "90336139-0ee3-4e55-be98-16eee9cfe6cd",
            "ticker": "KXHIGHNY-25APR24-B72.5",
            "count": 434,
            "created_time": "2025-04-24T16:05:42.666194Z",
            "yes_price": 4,
            "no_price": 96,
            "taker_side": "yes"
        },
        {
            "trade_id": "7bd06f13-ac08-4512-ad38-770302922e98",
            "ticker": "KXHIGHNY-25APR24-B72.5",
            "count": 96,
            "created_time": "2025-04-24T16:05:42.666194Z",
            "yes_price": 2,
            "no_price": 98,
            "taker_side": "yes"
        },
        {
            "trade_id": "14f80023-eb5e-4273-a380-04b49d0389c2",
            "ticker": "KXHIGHNY-25APR24-B72.5",
            "count": 250,
            "created_time": "2025-04-24T16:05:42.666194Z",
            "yes_price": 3,
            "no_price": 97,
            "taker_side": "yes"
        },
        {
            "trade_id": "521ea09a-1a1e-4607-9f08-3989374a6d56",
            "ticker": "KXHIGHNY-25APR24-B72.5",
            "count": 500,
            "created_time": "2025-04-24T16:00:14.903305Z",
            "yes_price": 2,
            "no_price": 98,
            "taker_side": "yes"
        },
        {
            "trade_id": "9c3f4449-b83c-4fef-a384-975b786aa2d7",
            "ticker": "KXHIGHNY-25APR24-B72.5",
            "count": 43,
            "created_time": "2025-04-24T15:54:00.033784Z",
            "yes_price": 1,
            "no_price": 99,
            "taker_side": "no"
        },
        {
            "trade_id": "9389491e-ef59-414b-8e98-3dff503a71fa",
            "ticker": "KXHIGHNY-25APR24-B72.5",
            "count": 9,
            "created_time": "2025-04-24T15:54:00.033784Z",
            "yes_price": 2,
            "no_price": 98,
            "taker_side": "no"
        },
        {
            "trade_id": "93c8776f-48f7-4ac4-8702-d7d0466033c5",
            "ticker": "KXHIGHNY-25APR24-B72.5",
            "count": 1,
            "created_time": "2025-04-24T15:53:22.497718Z",
            "yes_price": 6,
            "no_price": 94,
            "taker_side": "yes"
        },
        {
            "trade_id": "97c6e6e6-bc3d-4757-a65b-ddc33aea00fe",
            "ticker": "KXHIGHNY-25APR24-B72.5",
            "count": 2,
            "created_time": "2025-04-24T15:49:16.81406Z",
            "yes_price": 5,
            "no_price": 95,
            "taker_side": "no"
        },
        {
            "trade_id": "257f9999-fd70-47e8-8caf-478b7c205e75",
            "ticker": "KXHIGHNY-25APR24-B72.5",
            "count": 1,
            "created_time": "2025-04-24T15:48:41.68614Z",
            "yes_price": 6,
            "no_price": 94,
            "taker_side": "no"
        },
        {
            "trade_id": "cc4a7f87-c364-4d7e-9a22-3b56eddb7cde",
            "ticker": "KXHIGHNY-25APR24-B72.5",
            "count": 1,
            "created_time": "2025-04-24T15:47:36.19285Z",
            "yes_price": 6,
            "no_price": 94,
            "taker_side": "no"
        },
        {
            "trade_id": "c3b2eccb-3c53-4bb2-996b-725d2ae67675",
            "ticker": "KXHIGHNY-25APR24-B72.5",
            "count": 1,
            "created_time": "2025-04-24T15:47:32.638834Z",
            "yes_price": 7,
            "no_price": 93,
            "taker_side": "no"
        },
        {
            "trade_id": "6f9141d6-0a0b-4a94-aa41-659da12d856f",
            "ticker": "KXHIGHNY-25APR24-B72.5",
            "count": 1,
            "created_time": "2025-04-24T15:47:32.092608Z",
            "yes_price": 8,
            "no_price": 92,
            "taker_side": "no"
        },
        {
            "trade_id": "7b415b22-938b-4ffb-a37e-2cab594dfcd6",
            "ticker": "KXHIGHNY-25APR24-B72.5",
            "count": 2,
            "created_time": "2025-04-24T15:47:29.100154Z",
            "yes_price": 2,
            "no_price": 98,
            "taker_side": "no"
        },
        {
            "trade_id": "f94d0685-bc59-46a4-ab3a-36e1d5e025d8",
            "ticker": "KXHIGHNY-25APR24-B72.5",
            "count": 1,
            "created_time": "2025-04-24T15:47:12.391356Z",
            "yes_price": 10,
            "no_price": 90,
            "taker_side": "yes"
        },
        {
            "trade_id": "db364d67-b14e-40ea-9411-815ec7dbff65",
            "ticker": "KXHIGHNY-25APR24-B72.5",
            "count": 1,
            "created_time": "2025-04-24T15:47:12.391356Z",
            "yes_price": 9,
            "no_price": 91,
            "taker_side": "yes"
        },
        {
            "trade_id": "d7aec9b1-7be3-4181-9022-83a1ab2648bb",
            "ticker": "KXHIGHNY-25APR24-B72.5",
            "count": 1,
            "created_time": "2025-04-24T15:47:12.391356Z",
            "yes_price": 8,
            "no_price": 92,
            "taker_side": "yes"
        },
        {
            "trade_id": "d104ea8f-0449-48ed-ac9c-26e6481527c2",
            "ticker": "KXHIGHNY-25APR24-B72.5",
            "count": 3,
            "created_time": "2025-04-24T15:47:12.391356Z",
            "yes_price": 5,
            "no_price": 95,
            "taker_side": "yes"
        },
        {
            "trade_id": "cbcafa21-6763-4687-8a69-57dc83373236",
            "ticker": "KXHIGHNY-25APR24-B72.5",
            "count": 15,
            "created_time": "2025-04-24T15:47:12.391356Z",
            "yes_price": 3,
            "no_price": 97,
            "taker_side": "yes"
        },
        {
            "trade_id": "a7c6fb91-d524-45b1-855e-048d10b2bf91",
            "ticker": "KXHIGHNY-25APR24-B72.5",
            "count": 1,
            "created_time": "2025-04-24T15:47:12.391356Z",
            "yes_price": 7,
            "no_price": 93,
            "taker_side": "yes"
        },
        {
            "trade_id": "7adbbb27-61a4-4d57-be2a-b91661200407",
            "ticker": "KXHIGHNY-25APR24-B72.5",
            "count": 6,
            "created_time": "2025-04-24T15:47:12.391356Z",
            "yes_price": 13,
            "no_price": 87,
            "taker_side": "yes"
        },
        {
            "trade_id": "761799e5-1a63-4255-bd7b-1d561f4f16c0",
            "ticker": "KXHIGHNY-25APR24-B72.5",
            "count": 5,
            "created_time": "2025-04-24T15:47:12.391356Z",
            "yes_price": 12,
            "no_price": 88,
            "taker_side": "yes"
        },
        {
            "trade_id": "518f796b-541d-4813-9446-461a811992eb",
            "ticker": "KXHIGHNY-25APR24-B72.5",
            "count": 17,
            "created_time": "2025-04-24T15:47:12.391356Z",
            "yes_price": 13,
            "no_price": 87,
            "taker_side": "yes"
        },
        {
            "trade_id": "4d5ef96f-138c-475f-a33e-ddbc245708c9",
            "ticker": "KXHIGHNY-25APR24-B72.5",
            "count": 31,
            "created_time": "2025-04-24T15:47:12.391356Z",
            "yes_price": 14,
            "no_price": 86,
            "taker_side": "yes"
        },
        {
            "trade_id": "46c664fb-6a3f-4ddd-9aa4-7b77978b8be5",
            "ticker": "KXHIGHNY-25APR24-B72.5",
            "count": 1,
            "created_time": "2025-04-24T15:47:12.391356Z",
            "yes_price": 11,
            "no_price": 89,
            "taker_side": "yes"
        },
        {
            "trade_id": "33c4822f-0d2a-49d7-a6db-79adbaceec31",
            "ticker": "KXHIGHNY-25APR24-B72.5",
            "count": 5,
            "created_time": "2025-04-24T15:47:12.391356Z",
            "yes_price": 4,
            "no_price": 96,
            "taker_side": "yes"
        },
        {
            "trade_id": "1b5498d3-f378-4ced-b5da-59d5ca9a4324",
            "ticker": "KXHIGHNY-25APR24-B72.5",
            "count": 2,
            "created_time": "2025-04-24T15:47:12.391356Z",
            "yes_price": 6,
            "no_price": 94,
            "taker_side": "yes"
        },
        {
            "trade_id": "add6e299-6650-40cf-9ff6-77815ceb1f52",
            "ticker": "KXHIGHNY-25APR24-B72.5",
            "count": 2,
            "created_time": "2025-04-24T15:47:01.622521Z",
            "yes_price": 1,
            "no_price": 99,
            "taker_side": "no"
        },
        {
            "trade_id": "a7526d15-44d0-4942-8386-bbc405268b04",
            "ticker": "KXHIGHNY-25APR24-B72.5",
            "count": 1,
            "created_time": "2025-04-24T15:46:27.338668Z",
            "yes_price": 1,
            "no_price": 99,
            "taker_side": "no"
        },
        {
            "trade_id": "0cd0505e-5d3e-4b31-9015-43572199a694",
            "ticker": "KXHIGHNY-25APR24-B72.5",
            "count": 1,
            "created_time": "2025-04-24T15:46:19.461112Z",
            "yes_price": 1,
            "no_price": 99,
            "taker_side": "no"
        },
        {
            "trade_id": "96e6feed-2030-4403-8e0b-cdbe7a279813",
            "ticker": "KXHIGHNY-25APR24-B72.5",
            "count": 2,
            "created_time": "2025-04-24T15:46:17.636957Z",
            "yes_price": 1,
            "no_price": 99,
            "taker_side": "no"
        },
        {
            "trade_id": "9ff8e9f5-03b4-4ce6-8269-e4f97a5ceddb",
            "ticker": "KXHIGHNY-25APR24-B72.5",
            "count": 1,
            "created_time": "2025-04-24T15:46:16.94514Z",
            "yes_price": 1,
            "no_price": 99,
            "taker_side": "no"
        },
        {
            "trade_id": "88643ad8-47ad-4a5e-946f-8544a220f161",
            "ticker": "KXHIGHNY-25APR24-B72.5",
            "count": 46,
            "created_time": "2025-04-24T15:44:33.381457Z",
            "yes_price": 2,
            "no_price": 98,
            "taker_side": "yes"
        },
        {
            "trade_id": "124bae78-a8ad-4bdb-914f-794c04f29682",
            "ticker": "KXHIGHNY-25APR24-B72.5",
            "count": 91,
            "created_time": "2025-04-24T14:28:46.14005Z",
            "yes_price": 1,
            "no_price": 99,
            "taker_side": "no"
        },
        {
            "trade_id": "9648456d-6b3a-4087-99b7-8a2c4a5dda7f",
            "ticker": "KXHIGHNY-25APR24-B72.5",
            "count": 4,
            "created_time": "2025-04-24T14:18:40.40208Z",
            "yes_price": 1,
            "no_price": 99,
            "taker_side": "no"
        },
        {
            "trade_id": "7d0ce3e0-42d1-4110-9849-5271f25744d5",
            "ticker": "KXHIGHNY-25APR24-B72.5",
            "count": 475,
            "created_time": "2025-04-24T14:18:40.40208Z",
            "yes_price": 1,
            "no_price": 99,
            "taker_side": "no"
        },
        {
            "trade_id": "12f61d45-1ebe-436c-8285-197ee50545ca",
            "ticker": "KXHIGHNY-25APR24-B72.5",
            "count": 1501,
            "created_time": "2025-04-24T14:18:40.40208Z",
            "yes_price": 1,
            "no_price": 99,
            "taker_side": "no"
        },
        {
            "trade_id": "11c796d6-06da-46cb-a74d-d6fb1604b448",
            "ticker": "KXHIGHNY-25APR24-B72.5",
            "count": 16,
            "created_time": "2025-04-24T14:16:23.820356Z",
            "yes_price": 1,
            "no_price": 99,
            "taker_side": "no"
        },
        {
            "trade_id": "f6d6888b-6456-450a-a1ad-6c2cf41a6a1d",
            "ticker": "KXHIGHNY-25APR24-B72.5",
            "count": 500,
            "created_time": "2025-04-24T14:04:54.433734Z",
            "yes_price": 2,
            "no_price": 98,
            "taker_side": "yes"
        },
        {
            "trade_id": "e2b15fbc-6c54-4d47-b84e-502d0fa37308",
            "ticker": "KXHIGHNY-25APR24-B72.5",
            "count": 300,
            "created_time": "2025-04-24T14:04:54.433734Z",
            "yes_price": 3,
            "no_price": 97,
            "taker_side": "yes"
        },
        {
            "trade_id": "aacadbc6-d588-4ace-b5cd-645c359d51e8",
            "ticker": "KXHIGHNY-25APR24-B72.5",
            "count": 392,
            "created_time": "2025-04-24T14:04:54.433734Z",
            "yes_price": 3,
            "no_price": 97,
            "taker_side": "yes"
        },
        {
            "trade_id": "95e13e2f-7418-4e9e-81b7-02df5edd5a1c",
            "ticker": "KXHIGHNY-25APR24-B72.5",
            "count": 500,
            "created_time": "2025-04-24T14:04:54.433734Z",
            "yes_price": 2,
            "no_price": 98,
            "taker_side": "yes"
        },
        {
            "trade_id": "0386b869-f5c0-4783-abd6-cdb28f900ad7",
            "ticker": "KXHIGHNY-25APR24-B72.5",
            "count": 200,
            "created_time": "2025-04-24T14:04:54.433734Z",
            "yes_price": 3,
            "no_price": 97,
            "taker_side": "yes"
        },
        {
            "trade_id": "f84854f3-3e75-431b-b3e0-6345376e79e9",
            "ticker": "KXHIGHNY-25APR24-B72.5",
            "count": 29,
            "created_time": "2025-04-24T13:54:51.535173Z",
            "yes_price": 1,
            "no_price": 99,
            "taker_side": "no"
        },
        {
            "trade_id": "dc7ea19d-c9ae-49cf-9390-e932db3a22f7",
            "ticker": "KXHIGHNY-25APR24-B72.5",
            "count": 22,
            "created_time": "2025-04-24T13:54:51.535173Z",
            "yes_price": 1,
            "no_price": 99,
            "taker_side": "no"
        },
        {
            "trade_id": "28e619d7-b469-4775-adb9-52edc3b8bd8f",
            "ticker": "KXHIGHNY-25APR24-B72.5",
            "count": 99,
            "created_time": "2025-04-24T13:54:51.535173Z",
            "yes_price": 1,
            "no_price": 99,
            "taker_side": "no"
        },
        {
            "trade_id": "eb03d64f-31ee-4851-810a-e191070ad5ba",
            "ticker": "KXHIGHNY-25APR24-B72.5",
            "count": 59,
            "created_time": "2025-04-24T13:46:37.326473Z",
            "yes_price": 4,
            "no_price": 96,
            "taker_side": "yes"
        },
        {
            "trade_id": "e553e86f-976e-4ab6-bdbb-d3a03b551319",
            "ticker": "KXHIGHNY-25APR24-B72.5",
            "count": 123,
            "created_time": "2025-04-24T13:46:37.326473Z",
            "yes_price": 6,
            "no_price": 94,
            "taker_side": "yes"
        },
        {
            "trade_id": "dd509353-b2f9-4abb-a284-ce860964171e",
            "ticker": "KXHIGHNY-25APR24-B72.5",
            "count": 18,
            "created_time": "2025-04-24T13:46:37.326473Z",
            "yes_price": 3,
            "no_price": 97,
            "taker_side": "yes"
        },
        {
            "trade_id": "5e7834d1-5ef7-482f-997a-beebb3762d24",
            "ticker": "KXHIGHNY-25APR24-B72.5",
            "count": 9,
            "created_time": "2025-04-24T13:46:35.711482Z",
            "yes_price": 3,
            "no_price": 97,
            "taker_side": "yes"
        },
        {
            "trade_id": "84b663eb-5c49-4b54-8e58-2b56fa73c9d1",
            "ticker": "KXHIGHNY-25APR24-B72.5",
            "count": 4,
            "created_time": "2025-04-24T13:45:31.334054Z",
            "yes_price": 4,
            "no_price": 96,
            "taker_side": "yes"
        },
        {
            "trade_id": "bba1a937-9d96-4192-a38f-c165a4b7fd65",
            "ticker": "KXHIGHNY-25APR24-B72.5",
            "count": 40,
            "created_time": "2025-04-24T13:42:52.372669Z",
            "yes_price": 5,
            "no_price": 95,
            "taker_side": "no"
        },
        {
            "trade_id": "657abcb9-898f-4810-a352-9cb57470a9c6",
            "ticker": "KXHIGHNY-25APR24-B72.5",
            "count": 59,
            "created_time": "2025-04-24T13:42:49.993948Z",
            "yes_price": 5,
            "no_price": 95,
            "taker_side": "no"
        },
        {
            "trade_id": "30d3dcd7-0ff8-4206-b83e-cd1817b696e4",
            "ticker": "KXHIGHNY-25APR24-B72.5",
            "count": 1,
            "created_time": "2025-04-24T13:40:19.8174Z",
            "yes_price": 5,
            "no_price": 95,
            "taker_side": "no"
        },
        {
            "trade_id": "66c5c2f9-35fd-46f2-9d4e-6fa6f0d5abb5",
            "ticker": "KXHIGHNY-25APR24-B72.5",
            "count": 1,
            "created_time": "2025-04-24T13:40:01.933134Z",
            "yes_price": 5,
            "no_price": 95,
            "taker_side": "no"
        },
        {
            "trade_id": "39403d07-ec47-46b4-8b55-c7ffa996f835",
            "ticker": "KXHIGHNY-25APR24-B72.5",
            "count": 119,
            "created_time": "2025-04-24T13:39:58.683212Z",
            "yes_price": 5,
            "no_price": 95,
            "taker_side": "no"
        },
        {
            "trade_id": "3af6971a-5e48-4f61-91ba-45a2a0632a8e",
            "ticker": "KXHIGHNY-25APR24-B72.5",
            "count": 59,
            "created_time": "2025-04-24T13:39:53.760116Z",
            "yes_price": 5,
            "no_price": 95,
            "taker_side": "no"
        },
        {
            "trade_id": "55a89d0c-889f-4e09-bcd7-5b5969bc89f1",
            "ticker": "KXHIGHNY-25APR24-B72.5",
            "count": 7,
            "created_time": "2025-04-24T13:39:37.208098Z",
            "yes_price": 5,
            "no_price": 95,
            "taker_side": "no"
        },
        {
            "trade_id": "d92001b1-fb06-4955-a633-8a032afcd45c",
            "ticker": "KXHIGHNY-25APR24-B72.5",
            "count": 1,
            "created_time": "2025-04-24T13:38:40.646335Z",
            "yes_price": 4,
            "no_price": 96,
            "taker_side": "yes"
        },
        {
            "trade_id": "6e959421-8201-4990-9519-f11154810422",
            "ticker": "KXHIGHNY-25APR24-B72.5",
            "count": 108,
            "created_time": "2025-04-24T13:38:40.646335Z",
            "yes_price": 5,
            "no_price": 95,
            "taker_side": "yes"
        },
        {
            "trade_id": "28583067-ee18-46b4-98c2-0a3e32f62188",
            "ticker": "KXHIGHNY-25APR24-B72.5",
            "count": 5,
            "created_time": "2025-04-24T13:38:40.646335Z",
            "yes_price": 5,
            "no_price": 95,
            "taker_side": "yes"
        },
        {
            "trade_id": "f9464d8a-403e-4e6a-ab94-848d4ac8201b",
            "ticker": "KXHIGHNY-25APR24-B72.5",
            "count": 58,
            "created_time": "2025-04-24T13:38:07.246917Z",
            "yes_price": 4,
            "no_price": 96,
            "taker_side": "yes"
        },
        {
            "trade_id": "a1c02cc5-2b37-4932-a7b9-d47bdc486a7a",
            "ticker": "KXHIGHNY-25APR24-B72.5",
            "count": 475,
            "created_time": "2025-04-24T13:38:07.246917Z",
            "yes_price": 5,
            "no_price": 95,
            "taker_side": "yes"
        },
        {
            "trade_id": "3dea3d2b-8913-450a-a5e5-f50b84af1c48",
            "ticker": "KXHIGHNY-25APR24-B72.5",
            "count": 58,
            "created_time": "2025-04-24T13:38:07.246917Z",
            "yes_price": 3,
            "no_price": 97,
            "taker_side": "yes"
        },
        {
            "trade_id": "30ab37ec-a356-43f1-b88f-e2cd65ac5adf",
            "ticker": "KXHIGHNY-25APR24-B72.5",
            "count": 1,
            "created_time": "2025-04-24T13:38:07.246917Z",
            "yes_price": 4,
            "no_price": 96,
            "taker_side": "yes"
        },
        {
            "trade_id": "214f0b1b-9029-4c36-934b-9c5ded2516c9",
            "ticker": "KXHIGHNY-25APR24-B72.5",
            "count": 8,
            "created_time": "2025-04-24T13:38:07.246917Z",
            "yes_price": 4,
            "no_price": 96,
            "taker_side": "yes"
        },
        {
            "trade_id": "fdb47cd9-696f-4a5a-ace1-5fedd39551b9",
            "ticker": "KXHIGHNY-25APR24-B72.5",
            "count": 36,
            "created_time": "2025-04-24T13:12:08.016707Z",
            "yes_price": 2,
            "no_price": 98,
            "taker_side": "yes"
        },
        {
            "trade_id": "cae1b733-6aec-4c55-8dcc-5880e23ec4a7",
            "ticker": "KXHIGHNY-25APR24-B72.5",
            "count": 4,
            "created_time": "2025-04-24T13:06:44.495673Z",
            "yes_price": 2,
            "no_price": 98,
            "taker_side": "no"
        },
        {
            "trade_id": "4c54347b-033e-4590-9300-b561e814437c",
            "ticker": "KXHIGHNY-25APR24-B72.5",
            "count": 77,
            "created_time": "2025-04-24T12:56:55.978136Z",
            "yes_price": 1,
            "no_price": 99,
            "taker_side": "no"
        },
        {
            "trade_id": "201dd3de-5064-4125-88ea-8e959898510e",
            "ticker": "KXHIGHNY-25APR24-B72.5",
            "count": 23,
            "created_time": "2025-04-24T12:56:48.230992Z",
            "yes_price": 2,
            "no_price": 98,
            "taker_side": "no"
        },
        {
            "trade_id": "181f74a6-3f54-40ba-98c9-3125f8ab2807",
            "ticker": "KXHIGHNY-25APR24-B72.5",
            "count": 15,
            "created_time": "2025-04-24T12:18:18.124235Z",
            "yes_price": 2,
            "no_price": 98,
            "taker_side": "no"
        },
        {
            "trade_id": "e467326e-6475-4d7a-bbd1-aa0612c270e3",
            "ticker": "KXHIGHNY-25APR24-B72.5",
            "count": 23,
            "created_time": "2025-04-24T12:15:37.005455Z",
            "yes_price": 3,
            "no_price": 97,
            "taker_side": "no"
        },
        {
            "trade_id": "987f5594-e3ab-4bc9-8329-4abcad597d1f",
            "ticker": "KXHIGHNY-25APR24-B72.5",
            "count": 9,
            "created_time": "2025-04-24T12:15:02.493767Z",
            "yes_price": 5,
            "no_price": 95,
            "taker_side": "yes"
        },
        {
            "trade_id": "b4f5eb11-6f97-44b9-9c34-f282cd26d5ce",
            "ticker": "KXHIGHNY-25APR24-B72.5",
            "count": 162,
            "created_time": "2025-04-24T12:14:19.971571Z",
            "yes_price": 5,
            "no_price": 95,
            "taker_side": "yes"
        },
        {
            "trade_id": "ab71406c-d706-4e0d-8006-c01ce3ee2692",
            "ticker": "KXHIGHNY-25APR24-B72.5",
            "count": 38,
            "created_time": "2025-04-24T12:14:19.971571Z",
            "yes_price": 3,
            "no_price": 97,
            "taker_side": "yes"
        },
        {
            "trade_id": "c862ffd9-f1f5-4200-8f1c-2f10115d8532",
            "ticker": "KXHIGHNY-25APR24-B72.5",
            "count": 4,
            "created_time": "2025-04-24T12:14:05.12865Z",
            "yes_price": 2,
            "no_price": 98,
            "taker_side": "no"
        },
        {
            "trade_id": "9247129f-71e2-4462-b77f-31cf903ea374",
            "ticker": "KXHIGHNY-25APR24-B72.5",
            "count": 3,
            "created_time": "2025-04-24T12:13:06.905723Z",
            "yes_price": 2,
            "no_price": 98,
            "taker_side": "no"
        },
        {
            "trade_id": "64cb759d-ba67-4bb7-8aff-8e4dc6af9e8e",
            "ticker": "KXHIGHNY-25APR24-B72.5",
            "count": 39,
            "created_time": "2025-04-24T12:13:06.441393Z",
            "yes_price": 3,
            "no_price": 97,
            "taker_side": "yes"
        },
        {
            "trade_id": "c3b9237b-5107-4bb0-9dfd-d7b196f12593",
            "ticker": "KXHIGHNY-25APR24-B72.5",
            "count": 8,
            "created_time": "2025-04-24T12:13:05.817982Z",
            "yes_price": 2,
            "no_price": 98,
            "taker_side": "no"
        },
        {
            "trade_id": "170659b0-7204-43e0-b8c3-360e1fc877ad",
            "ticker": "KXHIGHNY-25APR24-B72.5",
            "count": 5,
            "created_time": "2025-04-24T12:13:05.817982Z",
            "yes_price": 2,
            "no_price": 98,
            "taker_side": "no"
        },
        {
            "trade_id": "587bbe06-5fe9-4dbc-a932-399b0597d105",
            "ticker": "KXHIGHNY-25APR24-B72.5",
            "count": 22,
            "created_time": "2025-04-24T12:12:26.675583Z",
            "yes_price": 2,
            "no_price": 98,
            "taker_side": "no"
        },
        {
            "trade_id": "294b8213-9d3f-409f-ac1c-0a766c2a26d4",
            "ticker": "KXHIGHNY-25APR24-B72.5",
            "count": 8,
            "created_time": "2025-04-24T12:10:49.951184Z",
            "yes_price": 2,
            "no_price": 98,
            "taker_side": "no"
        },
        {
            "trade_id": "407eb13b-ac30-4676-9d53-33a60ed85997",
            "ticker": "KXHIGHNY-25APR24-B72.5",
            "count": 13,
            "created_time": "2025-04-24T12:10:49.106406Z",
            "yes_price": 2,
            "no_price": 98,
            "taker_side": "no"
        },
        {
            "trade_id": "0b5881ef-8f12-4fb0-ba72-037d02c72e52",
            "ticker": "KXHIGHNY-25APR24-B72.5",
            "count": 8,
            "created_time": "2025-04-24T12:10:31.523259Z",
            "yes_price": 2,
            "no_price": 98,
            "taker_side": "no"
        },
        {
            "trade_id": "de8aea7f-c28b-415a-9340-1c44474c4485",
            "ticker": "KXHIGHNY-25APR24-B72.5",
            "count": 5,
            "created_time": "2025-04-24T12:10:30.674826Z",
            "yes_price": 2,
            "no_price": 98,
            "taker_side": "no"
        },
        {
            "trade_id": "0d765667-648d-4565-bf09-3b4ad242b5ed",
            "ticker": "KXHIGHNY-25APR24-B72.5",
            "count": 15,
            "created_time": "2025-04-24T12:10:29.826159Z",
            "yes_price": 2,
            "no_price": 98,
            "taker_side": "no"
        },
        {
            "trade_id": "d83d3c6e-59dc-414a-bacb-7cb7b7cf058e",
            "ticker": "KXHIGHNY-25APR24-B72.5",
            "count": 78,
            "created_time": "2025-04-24T12:08:57.338571Z",
            "yes_price": 2,
            "no_price": 98,
            "taker_side": "no"
        },
        {
            "trade_id": "824dcd5c-9371-4d54-bd49-41a2e6adaa68",
            "ticker": "KXHIGHNY-25APR24-B72.5",
            "count": 22,
            "created_time": "2025-04-24T12:07:31.570385Z",
            "yes_price": 2,
            "no_price": 98,
            "taker_side": "no"
        },
        {
            "trade_id": "8bcac155-bdce-4c27-971b-9ae585e5ece5",
            "ticker": "KXHIGHNY-25APR24-B72.5",
            "count": 21,
            "created_time": "2025-04-24T12:07:03.529038Z",
            "yes_price": 2,
            "no_price": 98,
            "taker_side": "no"
        },
        {
            "trade_id": "698580db-9bb6-4f3d-988d-6c694231a0d2",
            "ticker": "KXHIGHNY-25APR24-B72.5",
            "count": 17,
            "created_time": "2025-04-24T12:06:42.447063Z",
            "yes_price": 3,
            "no_price": 97,
            "taker_side": "no"
        },
        {
            "trade_id": "40c21caa-7487-4479-8abb-b4b840e29740",
            "ticker": "KXHIGHNY-25APR24-B72.5",
            "count": 13,
            "created_time": "2025-04-24T12:06:42.447063Z",
            "yes_price": 3,
            "no_price": 97,
            "taker_side": "no"
        },
        {
            "trade_id": "a9f4d705-9a86-40c1-b08f-db33bed80fc4",
            "ticker": "KXHIGHNY-25APR24-B72.5",
            "count": 6,
            "created_time": "2025-04-24T12:04:36.752796Z",
            "yes_price": 6,
            "no_price": 94,
            "taker_side": "yes"
        },
        {
            "trade_id": "798f3995-97c1-4c23-adb3-51a607f7ebd8",
            "ticker": "KXHIGHNY-25APR24-B72.5",
            "count": 7,
            "created_time": "2025-04-24T12:04:36.752796Z",
            "yes_price": 4,
            "no_price": 96,
            "taker_side": "yes"
        },
        {
            "trade_id": "3e3936d2-3505-4665-b04e-418070541b69",
            "ticker": "KXHIGHNY-25APR24-B72.5",
            "count": 100,
            "created_time": "2025-04-24T12:04:36.752796Z",
            "yes_price": 4,
            "no_price": 96,
            "taker_side": "yes"
        },
        {
            "trade_id": "fe854bcd-dc63-4990-aba1-aeb1bf4e24af",
            "ticker": "KXHIGHNY-25APR24-B72.5",
            "count": 7,
            "created_time": "2025-04-24T12:04:34.37935Z",
            "yes_price": 4,
            "no_price": 96,
            "taker_side": "yes"
        },
        {
            "trade_id": "47e1077b-c0e9-4ac5-9840-f031b863a680",
            "ticker": "KXHIGHNY-25APR24-B72.5",
            "count": 10,
            "created_time": "2025-04-24T12:04:06.609601Z",
            "yes_price": 3,
            "no_price": 97,
            "taker_side": "yes"
        },
        {
            "trade_id": "296a7888-ad72-4062-8bb5-db4dd90e1e12",
            "ticker": "KXHIGHNY-25APR24-B72.5",
            "count": 10,
            "created_time": "2025-04-24T12:04:06.609601Z",
            "yes_price": 4,
            "no_price": 96,
            "taker_side": "yes"
        },
        {
            "trade_id": "1a63f2c5-7fd5-401a-8a9e-4445acdec45b",
            "ticker": "KXHIGHNY-25APR24-B72.5",
            "count": 5,
            "created_time": "2025-04-24T12:03:48.719545Z",
            "yes_price": 3,
            "no_price": 97,
            "taker_side": "no"
        },
        {
            "trade_id": "c95ae8b6-fd6d-4a93-b64d-b4e7dff9494d",
            "ticker": "KXHIGHNY-25APR24-B72.5",
            "count": 4,
            "created_time": "2025-04-24T12:03:43.964531Z",
            "yes_price": 5,
            "no_price": 95,
            "taker_side": "no"
        },
        {
            "trade_id": "9df74534-bcaf-4f12-805c-7db001f49bc8",
            "ticker": "KXHIGHNY-25APR24-B72.5",
            "count": 3,
            "created_time": "2025-04-24T12:03:43.964531Z",
            "yes_price": 8,
            "no_price": 92,
            "taker_side": "no"
        },
        {
            "trade_id": "9d002737-9d85-4a04-a25f-6951405124a7",
            "ticker": "KXHIGHNY-25APR24-B72.5",
            "count": 20,
            "created_time": "2025-04-24T12:03:43.964531Z",
            "yes_price": 7,
            "no_price": 93,
            "taker_side": "no"
        },
        {
            "trade_id": "6d64475a-8dad-42dd-a8d9-784a70f54bc1",
            "ticker": "KXHIGHNY-25APR24-B72.5",
            "count": 1,
            "created_time": "2025-04-24T12:03:43.964531Z",
            "yes_price": 7,
            "no_price": 93,
            "taker_side": "no"
        },
        {
            "trade_id": "3e691f73-47dc-4cf9-ae6a-a45be9978624",
            "ticker": "KXHIGHNY-25APR24-B72.5",
            "count": 50,
            "created_time": "2025-04-24T12:03:43.964531Z",
            "yes_price": 4,
            "no_price": 96,
            "taker_side": "no"
        },
        {
            "trade_id": "ce6e0503-9a7d-48dd-8037-f0858e730f9b",
            "ticker": "KXHIGHNY-25APR24-B72.5",
            "count": 2,
            "created_time": "2025-04-24T12:01:44.705672Z",
            "yes_price": 9,
            "no_price": 91,
            "taker_side": "no"
        },
        {
            "trade_id": "c6672d32-33bb-4fb4-b4b2-380b97bcdde8",
            "ticker": "KXHIGHNY-25APR24-B72.5",
            "count": 11,
            "created_time": "2025-04-24T12:01:44.705672Z",
            "yes_price": 9,
            "no_price": 91,
            "taker_side": "no"
        },
        {
            "trade_id": "24a6f376-f4c3-43a6-b9a6-fcd447594686",
            "ticker": "KXHIGHNY-25APR24-B72.5",
            "count": 4,
            "created_time": "2025-04-24T12:01:43.59132Z",
            "yes_price": 10,
            "no_price": 90,
            "taker_side": "yes"
        },
        {
            "trade_id": "67525894-e4cf-4f60-996d-cb086df4921e",
            "ticker": "KXHIGHNY-25APR24-B72.5",
            "count": 3,
            "created_time": "2025-04-24T12:01:42.651133Z",
            "yes_price": 9,
            "no_price": 91,
            "taker_side": "no"
        },
        {
            "trade_id": "406e8321-ab02-456a-825e-a3bad00bfae3",
            "ticker": "KXHIGHNY-25APR24-B72.5",
            "count": 4,
            "created_time": "2025-04-24T12:01:42.484533Z",
            "yes_price": 9,
            "no_price": 91,
            "taker_side": "no"
        },
        {
            "trade_id": "05c0b9c1-dd77-49be-8bd5-afc65386afed",
            "ticker": "KXHIGHNY-25APR24-B72.5",
            "count": 4,
            "created_time": "2025-04-24T12:01:08.470366Z",
            "yes_price": 8,
            "no_price": 92,
            "taker_side": "yes"
        },
        {
            "trade_id": "c11a78da-f01e-4b1b-9934-0cbf8ce896b3",
            "ticker": "KXHIGHNY-25APR24-B72.5",
            "count": 6,
            "created_time": "2025-04-24T12:01:02.213838Z",
            "yes_price": 11,
            "no_price": 89,
            "taker_side": "no"
        },
        {
            "trade_id": "36fd1a79-12d6-45c9-9107-c472117bef26",
            "ticker": "KXHIGHNY-25APR24-B72.5",
            "count": 174,
            "created_time": "2025-04-24T12:01:02.213838Z",
            "yes_price": 14,
            "no_price": 86,
            "taker_side": "no"
        },
        {
            "trade_id": "0e0b11f0-6054-449c-9c1e-632d3b51561f",
            "ticker": "KXHIGHNY-25APR24-B72.5",
            "count": 24,
            "created_time": "2025-04-24T12:01:02.213838Z",
            "yes_price": 10,
            "no_price": 90,
            "taker_side": "no"
        },
        {
            "trade_id": "061fba15-3471-44a8-8ba8-8dd1401d5e86",
            "ticker": "KXHIGHNY-25APR24-B72.5",
            "count": 17,
            "created_time": "2025-04-24T12:01:02.213838Z",
            "yes_price": 12,
            "no_price": 88,
            "taker_side": "no"
        },
        {
            "trade_id": "4f0c7105-1439-49aa-acb8-351fed201eaf",
            "ticker": "KXHIGHNY-25APR24-B72.5",
            "count": 14,
            "created_time": "2025-04-24T12:01:02.152398Z",
            "yes_price": 14,
            "no_price": 86,
            "taker_side": "no"
        },
        {
            "trade_id": "365bbb13-8dfd-478b-84c0-116b6a71a09a",
            "ticker": "KXHIGHNY-25APR24-B72.5",
            "count": 118,
            "created_time": "2025-04-24T12:00:50.812376Z",
            "yes_price": 14,
            "no_price": 86,
            "taker_side": "no"
        },
        {
            "trade_id": "f92ba797-3c8d-4128-8616-b1647563737f",
            "ticker": "KXHIGHNY-25APR24-B72.5",
            "count": 1,
            "created_time": "2025-04-24T12:00:45.285124Z",
            "yes_price": 16,
            "no_price": 84,
            "taker_side": "no"
        },
        {
            "trade_id": "d71b3e8a-b9c8-4612-81ed-e1dcf5fdebb2",
            "ticker": "KXHIGHNY-25APR24-B72.5",
            "count": 115,
            "created_time": "2025-04-24T12:00:45.285124Z",
            "yes_price": 14,
            "no_price": 86,
            "taker_side": "no"
        },
        {
            "trade_id": "a48944cc-9360-4d2f-9cf1-35f97117fef5",
            "ticker": "KXHIGHNY-25APR24-B72.5",
            "count": 1,
            "created_time": "2025-04-24T12:00:45.285124Z",
            "yes_price": 15,
            "no_price": 85,
            "taker_side": "no"
        },
        {
            "trade_id": "541089fa-ed44-4f62-ac70-b38737a5d844",
            "ticker": "KXHIGHNY-25APR24-B72.5",
            "count": 1,
            "created_time": "2025-04-24T12:00:43.385728Z",
            "yes_price": 17,
            "no_price": 83,
            "taker_side": "no"
        },
        {
            "trade_id": "6d0adc19-402c-41e3-80da-cc20e3d1aa2c",
            "ticker": "KXHIGHNY-25APR24-B72.5",
            "count": 1,
            "created_time": "2025-04-24T12:00:41.817328Z",
            "yes_price": 14,
            "no_price": 86,
            "taker_side": "no"
        },
        {
            "trade_id": "687531fa-7327-4acd-b252-3ad7f141def8",
            "ticker": "KXHIGHNY-25APR24-B72.5",
            "count": 78,
            "created_time": "2025-04-24T12:00:40.313672Z",
            "yes_price": 14,
            "no_price": 86,
            "taker_side": "no"
        },
        {
            "trade_id": "aa811fbc-d108-40be-b962-608e7ed93f23",
            "ticker": "KXHIGHNY-25APR24-B72.5",
            "count": 25,
            "created_time": "2025-04-24T06:32:51.060201Z",
            "yes_price": 21,
            "no_price": 79,
            "taker_side": "yes"
        },
        {
            "trade_id": "9479092e-57be-4d46-800f-86fad7d51a2f",
            "ticker": "KXHIGHNY-25APR24-B72.5",
            "count": 1,
            "created_time": "2025-04-24T06:32:51.060201Z",
            "yes_price": 18,
            "no_price": 82,
            "taker_side": "yes"
        },
        {
            "trade_id": "7b234b5c-1c10-4a44-bff2-efc4ec5a537c",
            "ticker": "KXHIGHNY-25APR24-B72.5",
            "count": 2,
            "created_time": "2025-04-24T06:32:51.060201Z",
            "yes_price": 20,
            "no_price": 80,
            "taker_side": "yes"
        },
        {
            "trade_id": "1c50edb9-e722-4709-8fb1-1eaf83ca18b1",
            "ticker": "KXHIGHNY-25APR24-B72.5",
            "count": 19,
            "created_time": "2025-04-24T06:32:51.060201Z",
            "yes_price": 18,
            "no_price": 82,
            "taker_side": "yes"
        },
        {
            "trade_id": "a6b4e07e-1986-4525-ac5d-2c74bf37533b",
            "ticker": "KXHIGHNY-25APR24-B72.5",
            "count": 30,
            "created_time": "2025-04-24T06:31:08.105982Z",
            "yes_price": 16,
            "no_price": 84,
            "taker_side": "no"
        },
        {
            "trade_id": "41c3777f-bcba-479d-a3e5-2edd8660a7c6",
            "ticker": "KXHIGHNY-25APR24-B72.5",
            "count": 1,
            "created_time": "2025-04-24T06:18:50.075656Z",
            "yes_price": 19,
            "no_price": 81,
            "taker_side": "yes"
        },
        {
            "trade_id": "de2eee4f-694f-465e-a0bb-e194bc5dc259",
            "ticker": "KXHIGHNY-25APR24-B72.5",
            "count": 1,
            "created_time": "2025-04-24T06:09:43.187814Z",
            "yes_price": 20,
            "no_price": 80,
            "taker_side": "yes"
        },
        {
            "trade_id": "9858379f-747a-49cf-a4bf-3b6c0c929be5",
            "ticker": "KXHIGHNY-25APR24-B72.5",
            "count": 1,
            "created_time": "2025-04-24T06:08:16.304478Z",
            "yes_price": 21,
            "no_price": 79,
            "taker_side": "no"
        },
        {
            "trade_id": "6d354677-4425-4ed6-8137-d0e7db683044",
            "ticker": "KXHIGHNY-25APR24-B72.5",
            "count": 1,
            "created_time": "2025-04-24T05:31:42.037566Z",
            "yes_price": 22,
            "no_price": 78,
            "taker_side": "yes"
        },
        {
            "trade_id": "a92a4974-3a86-4588-8935-8a9359a5095e",
            "ticker": "KXHIGHNY-25APR24-B72.5",
            "count": 23,
            "created_time": "2025-04-24T05:07:16.402811Z",
            "yes_price": 18,
            "no_price": 82,
            "taker_side": "no"
        },
        {
            "trade_id": "0dfed0ae-302d-440d-92cd-396a9813be81",
            "ticker": "KXHIGHNY-25APR24-B72.5",
            "count": 1,
            "created_time": "2025-04-24T05:07:16.402811Z",
            "yes_price": 19,
            "no_price": 81,
            "taker_side": "no"
        },
        {
            "trade_id": "ea50424b-12e9-4aeb-ad19-e16a0c899f71",
            "ticker": "KXHIGHNY-25APR24-B72.5",
            "count": 7,
            "created_time": "2025-04-24T04:59:27.670083Z",
            "yes_price": 20,
            "no_price": 80,
            "taker_side": "no"
        },
        {
            "trade_id": "b1e7e2c3-bcdb-431d-93cd-d1ad9a51e603",
            "ticker": "KXHIGHNY-25APR24-B72.5",
            "count": 1,
            "created_time": "2025-04-24T04:59:27.670083Z",
            "yes_price": 19,
            "no_price": 81,
            "taker_side": "no"
        },
        {
            "trade_id": "9424aa8c-b257-4d56-86ab-f36d745902b3",
            "ticker": "KXHIGHNY-25APR24-B72.5",
            "count": 2,
            "created_time": "2025-04-24T04:59:27.670083Z",
            "yes_price": 20,
            "no_price": 80,
            "taker_side": "no"
        },
        {
            "trade_id": "64d00bfc-2105-488d-8f58-d98a82d48f73",
            "ticker": "KXHIGHNY-25APR24-B72.5",
            "count": 79,
            "created_time": "2025-04-24T04:59:27.670083Z",
            "yes_price": 19,
            "no_price": 81,
            "taker_side": "no"
        },
        {
            "trade_id": "bf7b8e38-7c03-480a-9ab5-8101f64b69c6",
            "ticker": "KXHIGHNY-25APR24-B72.5",
            "count": 5,
            "created_time": "2025-04-24T04:30:33.849115Z",
            "yes_price": 21,
            "no_price": 79,
            "taker_side": "yes"
        },
        {
            "trade_id": "9dbd51fa-02d2-425b-9305-4e7b71fb35a4",
            "ticker": "KXHIGHNY-25APR24-B72.5",
            "count": 7,
            "created_time": "2025-04-24T04:30:33.849115Z",
            "yes_price": 25,
            "no_price": 75,
            "taker_side": "yes"
        },
        {
            "trade_id": "982c9eea-6c0f-4a96-b7dc-8e05e25211f6",
            "ticker": "KXHIGHNY-25APR24-B72.5",
            "count": 3,
            "created_time": "2025-04-24T04:30:33.849115Z",
            "yes_price": 21,
            "no_price": 79,
            "taker_side": "yes"
        },
        {
            "trade_id": "957629f8-579d-4d36-81aa-414cced8e814",
            "ticker": "KXHIGHNY-25APR24-B72.5",
            "count": 35,
            "created_time": "2025-04-24T04:30:33.849115Z",
            "yes_price": 26,
            "no_price": 74,
            "taker_side": "yes"
        },
        {
            "trade_id": "1396c3c9-1fc5-4e28-8202-4e8e7fa5d6d0",
            "ticker": "KXHIGHNY-25APR24-B72.5",
            "count": 50,
            "created_time": "2025-04-24T04:30:33.849115Z",
            "yes_price": 22,
            "no_price": 78,
            "taker_side": "yes"
        },
        {
            "trade_id": "4868f71d-6cce-44af-8987-89380939f5d2",
            "ticker": "KXHIGHNY-25APR24-B72.5",
            "count": 2,
            "created_time": "2025-04-24T04:24:42.645125Z",
            "yes_price": 20,
            "no_price": 80,
            "taker_side": "no"
        },
        {
            "trade_id": "f2d95471-1f64-43a8-b607-c13c4e7afbef",
            "ticker": "KXHIGHNY-25APR24-B72.5",
            "count": 5,
            "created_time": "2025-04-24T04:17:44.500691Z",
            "yes_price": 21,
            "no_price": 79,
            "taker_side": "no"
        },
        {
            "trade_id": "d83070b8-469a-427d-bf8b-2cabbe77534b",
            "ticker": "KXHIGHNY-25APR24-B72.5",
            "count": 1,
            "created_time": "2025-04-24T04:17:44.500691Z",
            "yes_price": 21,
            "no_price": 79,
            "taker_side": "no"
        },
        {
            "trade_id": "c17636a3-2054-4a14-897a-058f939b4be7",
            "ticker": "KXHIGHNY-25APR24-B72.5",
            "count": 1,
            "created_time": "2025-04-24T04:17:44.500691Z",
            "yes_price": 22,
            "no_price": 78,
            "taker_side": "no"
        },
        {
            "trade_id": "0d6a8d32-164f-4143-99cc-cd1068d53d9c",
            "ticker": "KXHIGHNY-25APR24-B72.5",
            "count": 43,
            "created_time": "2025-04-24T04:17:44.500691Z",
            "yes_price": 20,
            "no_price": 80,
            "taker_side": "no"
        },
        {
            "trade_id": "d1b6acb3-3d13-4149-bfa3-bc1cd3596430",
            "ticker": "KXHIGHNY-25APR24-B72.5",
            "count": 19,
            "created_time": "2025-04-24T04:14:33.811564Z",
            "yes_price": 25,
            "no_price": 75,
            "taker_side": "yes"
        },
        {
            "trade_id": "e14c2fc1-9764-4122-bbd7-a376558a6c4b",
            "ticker": "KXHIGHNY-25APR24-B72.5",
            "count": 50,
            "created_time": "2025-04-24T04:11:34.660739Z",
            "yes_price": 25,
            "no_price": 75,
            "taker_side": "yes"
        },
        {
            "trade_id": "49c4650b-52d6-46f7-a807-7ea7470fedd3",
            "ticker": "KXHIGHNY-25APR24-B72.5",
            "count": 2,
            "created_time": "2025-04-24T04:11:34.660739Z",
            "yes_price": 24,
            "no_price": 76,
            "taker_side": "yes"
        },
        {
            "trade_id": "381b727d-a098-4810-aaff-bb4d26617399",
            "ticker": "KXHIGHNY-25APR24-B72.5",
            "count": 1,
            "created_time": "2025-04-24T04:11:34.660739Z",
            "yes_price": 24,
            "no_price": 76,
            "taker_side": "yes"
        },
        {
            "trade_id": "10d79ed2-9ccd-44fe-9f22-6d07280f41fd",
            "ticker": "KXHIGHNY-25APR24-B72.5",
            "count": 35,
            "created_time": "2025-04-24T04:11:34.660739Z",
            "yes_price": 26,
            "no_price": 74,
            "taker_side": "yes"
        },
        {
            "trade_id": "fccbb2ac-067e-47dd-b588-b9a62af67b70",
            "ticker": "KXHIGHNY-25APR24-B72.5",
            "count": 1,
            "created_time": "2025-04-24T04:04:40.270473Z",
            "yes_price": 23,
            "no_price": 77,
            "taker_side": "yes"
        },
        {
            "trade_id": "245711b9-901b-43c8-bb77-54173080d774",
            "ticker": "KXHIGHNY-25APR24-B72.5",
            "count": 1,
            "created_time": "2025-04-24T03:56:34.730653Z",
            "yes_price": 21,
            "no_price": 79,
            "taker_side": "no"
        },
        {
            "trade_id": "bf0e4802-35a7-4ea9-ad0d-80c2b814d4d2",
            "ticker": "KXHIGHNY-25APR24-B72.5",
            "count": 1,
            "created_time": "2025-04-24T03:48:52.042209Z",
            "yes_price": 23,
            "no_price": 77,
            "taker_side": "yes"
        },
        {
            "trade_id": "beb8ee0a-b351-41a7-bf19-e00176673264",
            "ticker": "KXHIGHNY-25APR24-B72.5",
            "count": 2,
            "created_time": "2025-04-24T03:47:04.960147Z",
            "yes_price": 23,
            "no_price": 77,
            "taker_side": "no"
        },
        {
            "trade_id": "45195863-f7fb-4148-a028-ca25f5b6733e",
            "ticker": "KXHIGHNY-25APR24-B72.5",
            "count": 48,
            "created_time": "2025-04-24T03:47:04.960147Z",
            "yes_price": 22,
            "no_price": 78,
            "taker_side": "no"
        },
        {
            "trade_id": "c45151e5-e4cc-4a56-91e9-0864ce69a436",
            "ticker": "KXHIGHNY-25APR24-B72.5",
            "count": 1,
            "created_time": "2025-04-24T03:45:48.554163Z",
            "yes_price": 22,
            "no_price": 78,
            "taker_side": "yes"
        },
        {
            "trade_id": "c1bba3e2-8097-40e4-9076-3e960a5a4fe2",
            "ticker": "KXHIGHNY-25APR24-B72.5",
            "count": 3,
            "created_time": "2025-04-24T03:45:48.554163Z",
            "yes_price": 22,
            "no_price": 78,
            "taker_side": "yes"
        },
        {
            "trade_id": "653675e4-f7dc-4c03-b3dc-ef747b8403e6",
            "ticker": "KXHIGHNY-25APR24-B72.5",
            "count": 7,
            "created_time": "2025-04-24T03:45:48.554163Z",
            "yes_price": 22,
            "no_price": 78,
            "taker_side": "yes"
        },
        {
            "trade_id": "40af71e6-f160-45d9-84cc-fe7579296d4b",
            "ticker": "KXHIGHNY-25APR24-B72.5",
            "count": 1,
            "created_time": "2025-04-24T03:42:58.772533Z",
            "yes_price": 21,
            "no_price": 79,
            "taker_side": "yes"
        },
        {
            "trade_id": "f1014681-991d-4f48-b3e8-1f3f80a77e7c",
            "ticker": "KXHIGHNY-25APR24-B72.5",
            "count": 1,
            "created_time": "2025-04-24T03:39:49.624169Z",
            "yes_price": 17,
            "no_price": 83,
            "taker_side": "yes"
        },
        {
            "trade_id": "ecd8ab2b-904a-4582-86d4-c0073368b512",
            "ticker": "KXHIGHNY-25APR24-B72.5",
            "count": 1,
            "created_time": "2025-04-24T03:39:49.624169Z",
            "yes_price": 19,
            "no_price": 81,
            "taker_side": "yes"
        },
        {
            "trade_id": "eb946ab0-2c64-4a12-81ce-f43b88521ee4",
            "ticker": "KXHIGHNY-25APR24-B72.5",
            "count": 1,
            "created_time": "2025-04-24T03:39:49.624169Z",
            "yes_price": 18,
            "no_price": 82,
            "taker_side": "yes"
        },
        {
            "trade_id": "77d61dbf-5ae3-4bcf-a103-281737d25764",
            "ticker": "KXHIGHNY-25APR24-B72.5",
            "count": 1,
            "created_time": "2025-04-24T03:39:49.624169Z",
            "yes_price": 20,
            "no_price": 80,
            "taker_side": "yes"
        },
        {
            "trade_id": "b772b917-2a06-456e-b9d3-832ef891b815",
            "ticker": "KXHIGHNY-25APR24-B72.5",
            "count": 3,
            "created_time": "2025-04-24T03:33:47.282064Z",
            "yes_price": 15,
            "no_price": 85,
            "taker_side": "yes"
        },
        {
            "trade_id": "0fba51d2-2388-4265-8a54-af2d418eacb2",
            "ticker": "KXHIGHNY-25APR24-B72.5",
            "count": 1,
            "created_time": "2025-04-24T03:33:47.282064Z",
            "yes_price": 16,
            "no_price": 84,
            "taker_side": "yes"
        },
        {
            "trade_id": "0ef406f6-2025-45d6-bde6-653e6772c36f",
            "ticker": "KXHIGHNY-25APR24-B72.5",
            "count": 25,
            "created_time": "2025-04-24T03:32:16.650049Z",
            "yes_price": 14,
            "no_price": 86,
            "taker_side": "no"
        },
        {
            "trade_id": "128bf7b3-378d-435a-b262-341119928a93",
            "ticker": "KXHIGHNY-25APR24-B72.5",
            "count": 7,
            "created_time": "2025-04-24T03:31:34.044728Z",
            "yes_price": 15,
            "no_price": 85,
            "taker_side": "no"
        },
        {
            "trade_id": "e0c56625-8f91-43d6-80d6-af68b7c6dfc2",
            "ticker": "KXHIGHNY-25APR24-B72.5",
            "count": 3,
            "created_time": "2025-04-24T03:11:36.448457Z",
            "yes_price": 13,
            "no_price": 87,
            "taker_side": "no"
        },
        {
            "trade_id": "b5fc988b-4aac-42cf-8c3c-ebf512d7cf97",
            "ticker": "KXHIGHNY-25APR24-B72.5",
            "count": 62,
            "created_time": "2025-04-24T03:11:36.448457Z",
            "yes_price": 16,
            "no_price": 84,
            "taker_side": "no"
        },
        {
            "trade_id": "6bf55829-739b-464c-9eb4-5c5fd88280eb",
            "ticker": "KXHIGHNY-25APR24-B72.5",
            "count": 85,
            "created_time": "2025-04-24T03:11:36.448457Z",
            "yes_price": 17,
            "no_price": 83,
            "taker_side": "no"
        },
        {
            "trade_id": "63963363-7262-4daf-91e1-69854701cd13",
            "ticker": "KXHIGHNY-25APR24-B72.5",
            "count": 1,
            "created_time": "2025-04-24T02:52:36.22564Z",
            "yes_price": 17,
            "no_price": 83,
            "taker_side": "no"
        },
        {
            "trade_id": "05d2248c-27b1-4c11-bdd8-d022b08451e2",
            "ticker": "KXHIGHNY-25APR24-B72.5",
            "count": 14,
            "created_time": "2025-04-24T02:16:49.241277Z",
            "yes_price": 17,
            "no_price": 83,
            "taker_side": "no"
        },
        {
            "trade_id": "986f5394-c62c-43c0-a44d-9f56c9fccd35",
            "ticker": "KXHIGHNY-25APR24-B72.5",
            "count": 38,
            "created_time": "2025-04-24T02:09:23.622105Z",
            "yes_price": 20,
            "no_price": 80,
            "taker_side": "yes"
        },
        {
            "trade_id": "0cae405f-ab54-4caf-8bd7-5a03ae067744",
            "ticker": "KXHIGHNY-25APR24-B72.5",
            "count": 9,
            "created_time": "2025-04-24T02:09:23.622105Z",
            "yes_price": 19,
            "no_price": 81,
            "taker_side": "yes"
        },
        {
            "trade_id": "45e0df73-3011-4f55-81c5-cf66cdd6e5f8",
            "ticker": "KXHIGHNY-25APR24-B72.5",
            "count": 1,
            "created_time": "2025-04-24T02:07:57.764099Z",
            "yes_price": 19,
            "no_price": 81,
            "taker_side": "yes"
        },
        {
            "trade_id": "6f588627-8189-4b2a-8b64-a14a55ff1112",
            "ticker": "KXHIGHNY-25APR24-B72.5",
            "count": 10,
            "created_time": "2025-04-24T01:47:24.749556Z",
            "yes_price": 18,
            "no_price": 82,
            "taker_side": "yes"
        },
        {
            "trade_id": "635cc306-7739-4e7b-aefe-2362ca52c2cf",
            "ticker": "KXHIGHNY-25APR24-B72.5",
            "count": 90,
            "created_time": "2025-04-24T01:47:24.749556Z",
            "yes_price": 19,
            "no_price": 81,
            "taker_side": "yes"
        },
        {
            "trade_id": "eab6e239-dd48-4a90-a373-8405f2003d0e",
            "ticker": "KXHIGHNY-25APR24-B72.5",
            "count": 10,
            "created_time": "2025-04-24T01:42:45.993541Z",
            "yes_price": 20,
            "no_price": 80,
            "taker_side": "no"
        },
        {
            "trade_id": "54aa1abb-6398-4052-9d49-ecf965fda066",
            "ticker": "KXHIGHNY-25APR24-B72.5",
            "count": 36,
            "created_time": "2025-04-24T01:31:48.393361Z",
            "yes_price": 27,
            "no_price": 73,
            "taker_side": "yes"
        },
        {
            "trade_id": "2ac42715-31be-4e0b-943b-386cbd37c455",
            "ticker": "KXHIGHNY-25APR24-B72.5",
            "count": 22,
            "created_time": "2025-04-24T01:27:35.56539Z",
            "yes_price": 25,
            "no_price": 75,
            "taker_side": "yes"
        },
        {
            "trade_id": "56f65180-0d26-4aaa-ac8b-81188513802c",
            "ticker": "KXHIGHNY-25APR24-B72.5",
            "count": 18,
            "created_time": "2025-04-24T01:24:34.585862Z",
            "yes_price": 25,
            "no_price": 75,
            "taker_side": "yes"
        },
        {
            "trade_id": "a00a248a-486a-4278-8354-b1b0a292ac6e",
            "ticker": "KXHIGHNY-25APR24-B72.5",
            "count": 100,
            "created_time": "2025-04-24T01:24:29.195603Z",
            "yes_price": 24,
            "no_price": 76,
            "taker_side": "no"
        },
        {
            "trade_id": "ac45caae-07c1-4bfd-821c-64b6ca7d4fec",
            "ticker": "KXHIGHNY-25APR24-B72.5",
            "count": 4,
            "created_time": "2025-04-24T01:21:42.873564Z",
            "yes_price": 25,
            "no_price": 75,
            "taker_side": "yes"
        },
        {
            "trade_id": "433b7122-856b-4987-9857-8dc10a53e770",
            "ticker": "KXHIGHNY-25APR24-B72.5",
            "count": 13,
            "created_time": "2025-04-24T01:19:02.729384Z",
            "yes_price": 26,
            "no_price": 74,
            "taker_side": "no"
        },
        {
            "trade_id": "6344974b-951b-4371-abd7-940e49fb10ac",
            "ticker": "KXHIGHNY-25APR24-B72.5",
            "count": 1,
            "created_time": "2025-04-24T01:18:43.003821Z",
            "yes_price": 26,
            "no_price": 74,
            "taker_side": "yes"
        },
        {
            "trade_id": "35f6e8cd-57a7-427b-bce3-98c1d2989aa9",
            "ticker": "KXHIGHNY-25APR24-B72.5",
            "count": 41,
            "created_time": "2025-04-24T01:18:23.867754Z",
            "yes_price": 26,
            "no_price": 74,
            "taker_side": "no"
        },
        {
            "trade_id": "a5b8af51-9d8d-48ba-82a0-f593487cbc72",
            "ticker": "KXHIGHNY-25APR24-B72.5",
            "count": 1,
            "created_time": "2025-04-24T01:12:53.670348Z",
            "yes_price": 29,
            "no_price": 71,
            "taker_side": "yes"
        },
        {
            "trade_id": "fa06115f-a41b-41ad-86c5-75c47461770a",
            "ticker": "KXHIGHNY-25APR24-B72.5",
            "count": 5,
            "created_time": "2025-04-24T01:00:17.854727Z",
            "yes_price": 31,
            "no_price": 69,
            "taker_side": "yes"
        },
        {
            "trade_id": "a5d857a4-37df-4d94-97d5-d6a8bbae6ef6",
            "ticker": "KXHIGHNY-25APR24-B72.5",
            "count": 1,
            "created_time": "2025-04-24T01:00:17.854727Z",
            "yes_price": 31,
            "no_price": 69,
            "taker_side": "yes"
        },
        {
            "trade_id": "042fb3ee-7e85-43b6-bd31-792964974ad0",
            "ticker": "KXHIGHNY-25APR24-B72.5",
            "count": 20,
            "created_time": "2025-04-24T00:58:32.255646Z",
            "yes_price": 26,
            "no_price": 74,
            "taker_side": "no"
        },
        {
            "trade_id": "97b31172-b7e6-41aa-8272-6c54a5747556",
            "ticker": "KXHIGHNY-25APR24-B72.5",
            "count": 1,
            "created_time": "2025-04-24T00:53:21.910658Z",
            "yes_price": 31,
            "no_price": 69,
            "taker_side": "yes"
        },
        {
            "trade_id": "c136a10a-1eaa-43fb-b6af-03460fbc3e81",
            "ticker": "KXHIGHNY-25APR24-B72.5",
            "count": 1,
            "created_time": "2025-04-24T00:29:40.461028Z",
            "yes_price": 30,
            "no_price": 70,
            "taker_side": "yes"
        },
        {
            "trade_id": "3d91277e-ce5a-4978-b74d-cbc93d45f04e",
            "ticker": "KXHIGHNY-25APR24-B72.5",
            "count": 5,
            "created_time": "2025-04-24T00:27:25.379848Z",
            "yes_price": 27,
            "no_price": 73,
            "taker_side": "no"
        },
        {
            "trade_id": "879b6499-2794-468b-9316-2d4021105bb6",
            "ticker": "KXHIGHNY-25APR24-B72.5",
            "count": 8,
            "created_time": "2025-04-23T23:35:18.430364Z",
            "yes_price": 26,
            "no_price": 74,
            "taker_side": "no"
        },
        {
            "trade_id": "40fe0d61-43cf-4a18-a3d3-3940c2a03ebb",
            "ticker": "KXHIGHNY-25APR24-B72.5",
            "count": 2,
            "created_time": "2025-04-23T23:35:18.430364Z",
            "yes_price": 27,
            "no_price": 73,
            "taker_side": "no"
        },
        {
            "trade_id": "16ae9e59-2769-49b1-b71d-9fafa13c7bd9",
            "ticker": "KXHIGHNY-25APR24-B72.5",
            "count": 6,
            "created_time": "2025-04-23T22:29:45.504371Z",
            "yes_price": 31,
            "no_price": 69,
            "taker_side": "yes"
        },
        {
            "trade_id": "5863f259-5e8c-4981-bfaa-d4fecd59ac10",
            "ticker": "KXHIGHNY-25APR24-B72.5",
            "count": 1,
            "created_time": "2025-04-23T22:21:34.352919Z",
            "yes_price": 30,
            "no_price": 70,
            "taker_side": "yes"
        },
        {
            "trade_id": "3c3b7e08-50ac-4838-a652-8da48a3e4e54",
            "ticker": "KXHIGHNY-25APR24-B72.5",
            "count": 2,
            "created_time": "2025-04-23T22:21:34.352919Z",
            "yes_price": 30,
            "no_price": 70,
            "taker_side": "yes"
        },
        {
