{
    "KXHIGHAUS-24NOV06-T74": [
        {
            "trade_id": "b1daa082-0310-4dcb-b6c1-926717bdc81c",
            "ticker": "KXHIGHAUS-24NOV06-T74",
            "count": 2244,
            "created_time": "2024-11-07T01:28:00.499527Z",
            "yes_price": 1,
            "no_price": 99,
            "taker_side": "yes"
        },
        {
            "trade_id": "dd72fe67-0584-40e7-a59b-212516d780b5",
            "ticker": "KXHIGHAUS-24NOV06-T74",
            "count": 258,
            "created_time": "2024-11-07T00:02:49.538312Z",
            "yes_price": 1,
            "no_price": 99,
            "taker_side": "yes"
        },
        {
            "trade_id": "dd234ce1-926b-4584-ae72-5454614fc6de",
            "ticker": "KXHIGHAUS-24NOV06-T74",
            "count": 10,
            "created_time": "2024-11-07T00:02:49.538312Z",
            "yes_price": 1,
            "no_price": 99,
            "taker_side": "yes"
        },
        {
            "trade_id": "7ec15496-2af7-410a-9908-22831a20e58d",
            "ticker": "KXHIGHAUS-24NOV06-T74",
            "count": 4407,
            "created_time": "2024-11-07T00:02:49.538312Z",
            "yes_price": 1,
            "no_price": 99,
            "taker_side": "yes"
        },
        {
            "trade_id": "b694cfcb-3837-460e-9068-833a556dd750",
            "ticker": "KXHIGHAUS-24NOV06-T74",
            "count": 122,
            "created_time": "2024-11-06T15:56:08.410528Z",
            "yes_price": 1,
            "no_price": 99,
            "taker_side": "yes"
        },
        {
            "trade_id": "b10503a8-a74f-4f7f-89fb-4da95db4f957",
            "ticker": "KXHIGHAUS-24NOV06-T74",
            "count": 21,
            "created_time": "2024-11-06T15:56:08.410528Z",
            "yes_price": 3,
            "no_price": 97,
            "taker_side": "yes"
        },
        {
            "trade_id": "3bcec474-2f5f-45e1-a81e-de8f47289bbf",
            "ticker": "KXHIGHAUS-24NOV06-T74",
            "count": 44,
            "created_time": "2024-11-06T13:10:50.870973Z",
            "yes_price": 1,
            "no_price": 99,
            "taker_side": "no"
        },
        {
            "trade_id": "dc33af62-c1ad-43f5-b46a-cf9cb0953421",
            "ticker": "KXHIGHAUS-24NOV06-T74",
            "count": 1,
            "created_time": "2024-11-06T13:00:42.842572Z",
            "yes_price": 2,
            "no_price": 98,
            "taker_side": "no"
        },
        {
            "trade_id": "13e46a4d-795b-4f01-bf74-7ff2f54fd352",
            "ticker": "KXHIGHAUS-24NOV06-T74",
            "count": 4,
            "created_time": "2024-11-06T13:00:41.644085Z",
            "yes_price": 2,
            "no_price": 98,
            "taker_side": "no"
        },
        {
            "trade_id": "c66a6c25-84a6-4ed4-a593-3d36783da0d1",
            "ticker": "KXHIGHAUS-24NOV06-T74",
            "count": 1,
            "created_time": "2024-11-06T12:49:20.372406Z",
            "yes_price": 1,
            "no_price": 99,
            "taker_side": "no"
        },
        {
            "trade_id": "2d630f58-0f11-41c7-aa5e-ea76dfa0079d",
            "ticker": "KXHIGHAUS-24NOV06-T74",
            "count": 5,
            "created_time": "2024-11-06T12:46:13.886435Z",
            "yes_price": 2,
            "no_price": 98,
            "taker_side": "no"
        },
        {
            "trade_id": "93ef902a-91c1-4251-8a0a-4249d2a78674",
            "ticker": "KXHIGHAUS-24NOV06-T74",
            "count": 5,
            "created_time": "2024-11-06T12:44:26.032865Z",
            "yes_price": 2,
            "no_price": 98,
            "taker_side": "no"
        },
        {
            "trade_id": "4d2e19ef-5266-4a65-b26a-7ac38cf0494f",
            "ticker": "KXHIGHAUS-24NOV06-T74",
            "count": 5,
            "created_time": "2024-11-06T12:04:21.490703Z",
            "yes_price": 2,
            "no_price": 98,
            "taker_side": "no"
        },
        {
            "trade_id": "ee682cd3-193b-41d4-9c7c-c66c42715b84",
            "ticker": "KXHIGHAUS-24NOV06-T74",
            "count": 1,
            "created_time": "2024-11-06T09:44:38.995702Z",
            "yes_price": 1,
            "no_price": 99,
            "taker_side": "yes"
        },
        {
            "trade_id": "e419de3c-9981-462d-8d6c-4c2cffb42d1a",
            "ticker": "KXHIGHAUS-24NOV06-T74",
            "count": 1,
            "created_time": "2024-11-06T09:44:38.995702Z",
            "yes_price": 3,
            "no_price": 97,
            "taker_side": "yes"
        },
        {
            "trade_id": "c9e80823-cd3f-4ea6-a330-20fdc83c6b41",
            "ticker": "KXHIGHAUS-24NOV06-T74",
            "count": 26,
            "created_time": "2024-11-06T09:44:38.995702Z",
            "yes_price": 1,
            "no_price": 99,
            "taker_side": "yes"
        },
        {
            "trade_id": "af350f74-f459-42c3-9ebb-ffa6e983e4b0",
            "ticker": "KXHIGHAUS-24NOV06-T74",
            "count": 1,
            "created_time": "2024-11-06T09:44:38.995702Z",
            "yes_price": 5,
            "no_price": 95,
            "taker_side": "yes"
        },
        {
            "trade_id": "8e828a35-6465-483b-965c-17086cf2ce71",
            "ticker": "KXHIGHAUS-24NOV06-T74",
            "count": 5,
            "created_time": "2024-11-06T09:44:38.995702Z",
            "yes_price": 2,
            "no_price": 98,
            "taker_side": "yes"
        },
        {
            "trade_id": "36e482fb-1dda-4a1e-b987-024dbac3b221",
            "ticker": "KXHIGHAUS-24NOV06-T74",
            "count": 28,
            "created_time": "2024-11-06T09:44:38.995702Z",
            "yes_price": 15,
            "no_price": 85,
            "taker_side": "yes"
        },
        {
            "trade_id": "3c6f8bfd-8076-4ea4-89fb-754220ec1cfd",
            "ticker": "KXHIGHAUS-24NOV06-T74",
            "count": 1,
            "created_time": "2024-11-06T06:02:05.034124Z",
            "yes_price": 1,
            "no_price": 99,
            "taker_side": "yes"
        },
        {
            "trade_id": "566255a9-7cb6-4d84-a377-6815ec5506af",
            "ticker": "KXHIGHAUS-24NOV06-T74",
            "count": 12,
            "created_time": "2024-11-06T03:45:07.28147Z",
            "yes_price": 1,
            "no_price": 99,
            "taker_side": "no"
        },
        {
            "trade_id": "c5bd83da-30e2-4930-a1d4-7fa8890d2b0f",
            "ticker": "KXHIGHAUS-24NOV06-T74",
            "count": 5,
            "created_time": "2024-11-06T03:45:07.177108Z",
            "yes_price": 1,
            "no_price": 99,
            "taker_side": "no"
        },
        {
            "trade_id": "8c1482f4-f237-4b9e-be2e-183cd2f364c8",
            "ticker": "KXHIGHAUS-24NOV06-T74",
            "count": 5,
            "created_time": "2024-11-06T02:07:24.922474Z",
            "yes_price": 2,
            "no_price": 98,
            "taker_side": "no"
        },
        {
            "trade_id": "e82d1a5b-e839-4592-9657-1b671282ab5b",
            "ticker": "KXHIGHAUS-24NOV06-T74",
            "count": 5,
            "created_time": "2024-11-06T01:52:59.260126Z",
            "yes_price": 1,
            "no_price": 99,
            "taker_side": "no"
        },
        {
            "trade_id": "30ba57b9-9661-430c-a064-bf39c5ab7408",
            "ticker": "KXHIGHAUS-24NOV06-T74",
            "count": 5,
            "created_time": "2024-11-06T01:52:59.236274Z",
            "yes_price": 1,
            "no_price": 99,
            "taker_side": "no"
        },
        {
            "trade_id": "e581a927-0f5b-4a36-8e15-0c36ce87eac2",
            "ticker": "KXHIGHAUS-24NOV06-T74",
            "count": 5,
            "created_time": "2024-11-06T01:46:50.785722Z",
            "yes_price": 2,
            "no_price": 98,
            "taker_side": "no"
        },
        {
            "trade_id": "dad8249b-66a3-414e-8850-d929f783a45a",
            "ticker": "KXHIGHAUS-24NOV06-T74",
            "count": 5,
            "created_time": "2024-11-05T22:38:55.003616Z",
            "yes_price": 1,
            "no_price": 99,
            "taker_side": "no"
        },
        {
            "trade_id": "e0fcd243-8275-4f88-89c2-75682bc65681",
            "ticker": "KXHIGHAUS-24NOV06-T74",
            "count": 18,
            "created_time": "2024-11-05T22:38:54.979712Z",
            "yes_price": 1,
            "no_price": 99,
            "taker_side": "no"
        }
    ],
    "KXHIGHAUS-24NOV06-B74.5": [
        {
            "trade_id": "1cece236-9880-4d16-87b7-7592f7b97f2a",
            "ticker": "KXHIGHAUS-24NOV06-B74.5",
            "count": 187,
            "created_time": "2024-11-07T05:56:01.401677Z",
            "yes_price": 1,
            "no_price": 99,
            "taker_side": "yes"
        },
        {
            "trade_id": "25b43090-5c56-4daa-b9f4-3038412476d4",
            "ticker": "KXHIGHAUS-24NOV06-B74.5",
            "count": 935,
            "created_time": "2024-11-07T00:03:26.074196Z",
            "yes_price": 1,
            "no_price": 99,
            "taker_side": "yes"
        },
        {
            "trade_id": "6fa5c108-9a37-41b9-98aa-32dae2c33c91",
            "ticker": "KXHIGHAUS-24NOV06-B74.5",
            "count": 29,
            "created_time": "2024-11-06T23:32:05.350122Z",
            "yes_price": 1,
            "no_price": 99,
            "taker_side": "yes"
        },
        {
            "trade_id": "e35b89e9-110f-405e-8e90-0576a1a1cb77",
            "ticker": "KXHIGHAUS-24NOV06-B74.5",
            "count": 1028,
            "created_time": "2024-11-06T19:23:04.640716Z",
            "yes_price": 1,
            "no_price": 99,
            "taker_side": "yes"
        },
        {
            "trade_id": "abb08d63-06ef-43c9-bd18-f43930c49e96",
            "ticker": "KXHIGHAUS-24NOV06-B74.5",
            "count": 18,
            "created_time": "2024-11-06T19:14:23.484887Z",
            "yes_price": 1,
            "no_price": 99,
            "taker_side": "yes"
        },
        {
            "trade_id": "7c158316-7adb-4707-b1f7-f0d20fa7f1ba",
            "ticker": "KXHIGHAUS-24NOV06-B74.5",
            "count": 18,
            "created_time": "2024-11-06T19:14:23.484887Z",
            "yes_price": 1,
            "no_price": 99,
            "taker_side": "yes"
        },
        {
            "trade_id": "2789c02d-c74f-4313-a706-70c065c70916",
            "ticker": "KXHIGHAUS-24NOV06-B74.5",
            "count": 113,
            "created_time": "2024-11-06T19:14:23.484887Z",
            "yes_price": 1,
            "no_price": 99,
            "taker_side": "yes"
        },
        {
            "trade_id": "061e6414-df17-4523-91c6-d087faa0a7fe",
            "ticker": "KXHIGHAUS-24NOV06-B74.5",
            "count": 11,
            "created_time": "2024-11-06T16:53:30.63561Z",
            "yes_price": 8,
            "no_price": 92,
            "taker_side": "yes"
        },
        {
            "trade_id": "97bcca8c-b58b-4387-891a-043984d2fbc1",
            "ticker": "KXHIGHAUS-24NOV06-B74.5",
            "count": 6,
            "created_time": "2024-11-06T16:40:10.61232Z",
            "yes_price": 7,
            "no_price": 93,
            "taker_side": "yes"
        },
        {
            "trade_id": "c3da0d4d-d942-4417-9080-394b4021f2af",
            "ticker": "KXHIGHAUS-24NOV06-B74.5",
            "count": 100,
            "created_time": "2024-11-06T16:11:05.377009Z",
            "yes_price": 8,
            "no_price": 92,
            "taker_side": "yes"
        },
        {
            "trade_id": "a1ca032c-7b0c-40a6-b94c-bf24caa3ffd8",
            "ticker": "KXHIGHAUS-24NOV06-B74.5",
            "count": 17,
            "created_time": "2024-11-06T16:11:05.377009Z",
            "yes_price": 8,
            "no_price": 92,
            "taker_side": "yes"
        },
        {
            "trade_id": "8800f5cd-e919-49b2-9b4e-2df589b69c44",
            "ticker": "KXHIGHAUS-24NOV06-B74.5",
            "count": 56,
            "created_time": "2024-11-06T16:11:05.377009Z",
            "yes_price": 7,
            "no_price": 93,
            "taker_side": "yes"
        },
        {
            "trade_id": "62378d4f-d121-43ac-8f3c-bc2d39845591",
            "ticker": "KXHIGHAUS-24NOV06-B74.5",
            "count": 26,
            "created_time": "2024-11-06T16:11:05.377009Z",
            "yes_price": 8,
            "no_price": 92,
            "taker_side": "yes"
        },
        {
            "trade_id": "b0ea442b-7395-4902-af52-1a43609fdd81",
            "ticker": "KXHIGHAUS-24NOV06-B74.5",
            "count": 13,
            "created_time": "2024-11-06T16:06:13.241605Z",
            "yes_price": 8,
            "no_price": 92,
            "taker_side": "yes"
        },
        {
            "trade_id": "5de4b8ad-8c8b-4647-b936-aeda83b5994b",
            "ticker": "KXHIGHAUS-24NOV06-B74.5",
            "count": 52,
            "created_time": "2024-11-06T16:06:13.241605Z",
            "yes_price": 7,
            "no_price": 93,
            "taker_side": "yes"
        },
        {
            "trade_id": "2ff92c7f-82f2-45d9-9025-c43d1359a6e7",
            "ticker": "KXHIGHAUS-24NOV06-B74.5",
            "count": 13,
            "created_time": "2024-11-06T15:58:31.178852Z",
            "yes_price": 7,
            "no_price": 93,
            "taker_side": "yes"
        },
        {
            "trade_id": "82b0697c-5084-4b1f-8eb3-cbdcc53f1533",
            "ticker": "KXHIGHAUS-24NOV06-B74.5",
            "count": 28,
            "created_time": "2024-11-06T15:55:26.105174Z",
            "yes_price": 7,
            "no_price": 93,
            "taker_side": "yes"
        },
        {
            "trade_id": "a925f41b-187a-4a05-984c-b3d87e24e1bb",
            "ticker": "KXHIGHAUS-24NOV06-B74.5",
            "count": 3,
            "created_time": "2024-11-06T15:46:51.643305Z",
            "yes_price": 8,
            "no_price": 92,
            "taker_side": "yes"
        },
        {
            "trade_id": "a6941c59-2c60-4aa7-a61c-407a8ed5c49e",
            "ticker": "KXHIGHAUS-24NOV06-B74.5",
            "count": 67,
            "created_time": "2024-11-06T15:46:51.643305Z",
            "yes_price": 8,
            "no_price": 92,
            "taker_side": "yes"
        },
        {
            "trade_id": "1a424fd6-6b3a-4a06-8d5b-683beea38bb6",
            "ticker": "KXHIGHAUS-24NOV06-B74.5",
            "count": 53,
            "created_time": "2024-11-06T15:46:51.643305Z",
            "yes_price": 7,
            "no_price": 93,
            "taker_side": "yes"
        },
        {
            "trade_id": "fc68e962-4ee4-40ef-a0f6-6ca5efa510a1",
            "ticker": "KXHIGHAUS-24NOV06-B74.5",
            "count": 15,
            "created_time": "2024-11-06T15:38:45.527251Z",
            "yes_price": 1,
            "no_price": 99,
            "taker_side": "no"
        },
        {
            "trade_id": "453da39e-d64d-4ffd-b458-f451a1d2808a",
            "ticker": "KXHIGHAUS-24NOV06-B74.5",
            "count": 32,
            "created_time": "2024-11-06T15:38:45.527251Z",
            "yes_price": 1,
            "no_price": 99,
            "taker_side": "no"
        },
        {
            "trade_id": "e9fe530b-fcd8-4967-9190-69e6c6a98993",
            "ticker": "KXHIGHAUS-24NOV06-B74.5",
            "count": 97,
            "created_time": "2024-11-06T15:38:44.689964Z",
            "yes_price": 8,
            "no_price": 92,
            "taker_side": "yes"
        },
        {
            "trade_id": "1781e409-cbca-473e-914b-f91ceb98b86b",
            "ticker": "KXHIGHAUS-24NOV06-B74.5",
            "count": 23,
            "created_time": "2024-11-06T15:38:44.689964Z",
            "yes_price": 7,
            "no_price": 93,
            "taker_side": "yes"
        },
        {
            "trade_id": "62fb15df-189f-4478-9c62-748cb399867c",
            "ticker": "KXHIGHAUS-24NOV06-B74.5",
            "count": 3,
            "created_time": "2024-11-06T15:33:02.144965Z",
            "yes_price": 1,
            "no_price": 99,
            "taker_side": "no"
        },
        {
            "trade_id": "4c0e6c76-28a3-4953-8efd-91cd3151e199",
            "ticker": "KXHIGHAUS-24NOV06-B74.5",
            "count": 25,
            "created_time": "2024-11-06T15:30:58.937638Z",
            "yes_price": 1,
            "no_price": 99,
            "taker_side": "no"
        },
        {
            "trade_id": "5e03bd11-e2c0-4654-a8b6-fe78568007c7",
            "ticker": "KXHIGHAUS-24NOV06-B74.5",
            "count": 36,
            "created_time": "2024-11-06T14:56:16.111532Z",
            "yes_price": 2,
            "no_price": 98,
            "taker_side": "no"
        },
        {
            "trade_id": "07e07ad7-f4b6-43ff-a9a2-d6aadba2b1a4",
            "ticker": "KXHIGHAUS-24NOV06-B74.5",
            "count": 34,
            "created_time": "2024-11-06T14:40:23.90407Z",
            "yes_price": 2,
            "no_price": 98,
            "taker_side": "no"
        },
        {
            "trade_id": "2eb8ae6b-7467-4c42-af86-bdc5e176fa73",
            "ticker": "KXHIGHAUS-24NOV06-B74.5",
            "count": 11,
            "created_time": "2024-11-06T14:31:29.63418Z",
            "yes_price": 2,
            "no_price": 98,
            "taker_side": "no"
        },
        {
            "trade_id": "41f4f609-f56a-4094-8858-307aad78a3bb",
            "ticker": "KXHIGHAUS-24NOV06-B74.5",
            "count": 20,
            "created_time": "2024-11-06T14:26:26.142446Z",
            "yes_price": 2,
            "no_price": 98,
            "taker_side": "no"
        },
        {
            "trade_id": "95bf3910-9f9d-49a7-9b8d-39a568648475",
            "ticker": "KXHIGHAUS-24NOV06-B74.5",
            "count": 12,
            "created_time": "2024-11-06T14:24:09.421322Z",
            "yes_price": 1,
            "no_price": 99,
            "taker_side": "no"
        },
        {
            "trade_id": "7781dc15-4e0d-4b9b-9d1a-e0d950134944",
            "ticker": "KXHIGHAUS-24NOV06-B74.5",
            "count": 12,
            "created_time": "2024-11-06T14:24:09.419082Z",
            "yes_price": 1,
            "no_price": 99,
            "taker_side": "no"
        },
        {
            "trade_id": "ea073506-c4e3-42de-a8f1-87466a63d607",
            "ticker": "KXHIGHAUS-24NOV06-B74.5",
            "count": 12,
            "created_time": "2024-11-06T14:13:28.768351Z",
            "yes_price": 1,
            "no_price": 99,
            "taker_side": "no"
        },
        {
            "trade_id": "d7729740-47a0-47e8-83bb-ffdd190074e4",
            "ticker": "KXHIGHAUS-24NOV06-B74.5",
            "count": 70,
            "created_time": "2024-11-06T13:55:20.652779Z",
            "yes_price": 1,
            "no_price": 99,
            "taker_side": "no"
        },
        {
            "trade_id": "4b25187e-6e8f-4a6c-a3df-b5ad9477f216",
            "ticker": "KXHIGHAUS-24NOV06-B74.5",
            "count": 50,
            "created_time": "2024-11-06T13:55:20.652779Z",
            "yes_price": 1,
            "no_price": 99,
            "taker_side": "no"
        },
        {
            "trade_id": "f7800f94-ec81-406f-be04-60d09b142281",
            "ticker": "KXHIGHAUS-24NOV06-B74.5",
            "count": 67,
            "created_time": "2024-11-06T13:53:58.205084Z",
            "yes_price": 4,
            "no_price": 96,
            "taker_side": "no"
        },
        {
            "trade_id": "f07800bd-8740-4222-bb35-d21ab0003671",
            "ticker": "KXHIGHAUS-24NOV06-B74.5",
            "count": 3,
            "created_time": "2024-11-06T13:48:33.537278Z",
            "yes_price": 4,
            "no_price": 96,
            "taker_side": "no"
        },
        {
            "trade_id": "a56af4f3-80f6-48ef-bc6b-000267528ba8",
            "ticker": "KXHIGHAUS-24NOV06-B74.5",
            "count": 21,
            "created_time": "2024-11-06T13:44:32.989698Z",
            "yes_price": 4,
            "no_price": 96,
            "taker_side": "no"
        },
        {
            "trade_id": "cbbd7e0f-bc88-4495-bb65-fb50268b5b4e",
            "ticker": "KXHIGHAUS-24NOV06-B74.5",
            "count": 9,
            "created_time": "2024-11-06T13:44:20.934711Z",
            "yes_price": 4,
            "no_price": 96,
            "taker_side": "no"
        },
        {
            "trade_id": "d210cb7a-9a82-40f4-af54-70f6ee296003",
            "ticker": "KXHIGHAUS-24NOV06-B74.5",
            "count": 7,
            "created_time": "2024-11-06T13:22:28.057771Z",
            "yes_price": 7,
            "no_price": 93,
            "taker_side": "no"
        },
        {
            "trade_id": "29118169-40f7-42e1-b5ec-211f16ba7e90",
            "ticker": "KXHIGHAUS-24NOV06-B74.5",
            "count": 44,
            "created_time": "2024-11-06T13:10:50.860703Z",
            "yes_price": 6,
            "no_price": 94,
            "taker_side": "no"
        },
        {
            "trade_id": "a61837e8-2dfc-415f-9dc4-54ba6264ce0c",
            "ticker": "KXHIGHAUS-24NOV06-B74.5",
            "count": 181,
            "created_time": "2024-11-06T13:10:48.624456Z",
            "yes_price": 10,
            "no_price": 90,
            "taker_side": "no"
        },
        {
            "trade_id": "a40f86f3-d914-4d29-8be7-7fff6c61912c",
            "ticker": "KXHIGHAUS-24NOV06-B74.5",
            "count": 4,
            "created_time": "2024-11-06T13:00:42.612471Z",
            "yes_price": 10,
            "no_price": 90,
            "taker_side": "no"
        },
        {
            "trade_id": "0553f499-4b6a-4740-98d0-097debfc327d",
            "ticker": "KXHIGHAUS-24NOV06-B74.5",
            "count": 4,
            "created_time": "2024-11-06T13:00:42.059788Z",
            "yes_price": 10,
            "no_price": 90,
            "taker_side": "no"
        },
        {
            "trade_id": "a7527453-bc78-4fd9-98a5-cd23a0371b7e",
            "ticker": "KXHIGHAUS-24NOV06-B74.5",
            "count": 19,
            "created_time": "2024-11-06T12:56:22.698296Z",
            "yes_price": 18,
            "no_price": 82,
            "taker_side": "yes"
        },
        {
            "trade_id": "cfbff5f6-d223-4937-aaa4-2dfe2a16eb14",
            "ticker": "KXHIGHAUS-24NOV06-B74.5",
            "count": 60,
            "created_time": "2024-11-06T12:52:51.061622Z",
            "yes_price": 18,
            "no_price": 82,
            "taker_side": "yes"
        },
        {
            "trade_id": "6587cbe6-13a6-4393-8e56-0b7e45c3ff5a",
            "ticker": "KXHIGHAUS-24NOV06-B74.5",
            "count": 1,
            "created_time": "2024-11-06T12:49:20.17701Z",
            "yes_price": 10,
            "no_price": 90,
            "taker_side": "no"
        },
        {
            "trade_id": "804fc3e6-81c4-473e-9c27-5163ed8df531",
            "ticker": "KXHIGHAUS-24NOV06-B74.5",
            "count": 5,
            "created_time": "2024-11-06T12:46:13.651336Z",
            "yes_price": 10,
            "no_price": 90,
            "taker_side": "no"
        },
        {
            "trade_id": "e10563e6-0542-44a4-bf5a-add85963a11c",
            "ticker": "KXHIGHAUS-24NOV06-B74.5",
            "count": 5,
            "created_time": "2024-11-06T12:44:25.817909Z",
            "yes_price": 10,
            "no_price": 90,
            "taker_side": "no"
        },
        {
            "trade_id": "d4233c2a-d9d2-402d-be79-aa9f85311048",
            "ticker": "KXHIGHAUS-24NOV06-B74.5",
            "count": 5,
            "created_time": "2024-11-06T12:04:21.504191Z",
            "yes_price": 7,
            "no_price": 93,
            "taker_side": "no"
        },
        {
            "trade_id": "0ebc55b3-2c0b-4b28-8612-fcf702a00b09",
            "ticker": "KXHIGHAUS-24NOV06-B74.5",
            "count": 7,
            "created_time": "2024-11-06T09:14:14.922201Z",
            "yes_price": 6,
            "no_price": 94,
            "taker_side": "no"
        },
        {
            "trade_id": "944b908e-fbe6-4376-a883-3cdc21dbe50a",
            "ticker": "KXHIGHAUS-24NOV06-B74.5",
            "count": 95,
            "created_time": "2024-11-06T08:24:16.124575Z",
            "yes_price": 6,
            "no_price": 94,
            "taker_side": "no"
        },
        {
            "trade_id": "28f81889-234a-48b8-97f4-7d17bf963950",
            "ticker": "KXHIGHAUS-24NOV06-B74.5",
            "count": 5,
            "created_time": "2024-11-06T08:24:16.124575Z",
            "yes_price": 7,
            "no_price": 93,
            "taker_side": "no"
        },
        {
            "trade_id": "fa29c62d-0b73-43f3-8345-8df32ff3433b",
            "ticker": "KXHIGHAUS-24NOV06-B74.5",
            "count": 5,
            "created_time": "2024-11-06T08:13:16.099783Z",
            "yes_price": 7,
            "no_price": 93,
            "taker_side": "no"
        },
        {
            "trade_id": "ea20435c-e76d-4386-ba8a-36fdacc23d6b",
            "ticker": "KXHIGHAUS-24NOV06-B74.5",
            "count": 5,
            "created_time": "2024-11-06T07:24:37.139887Z",
            "yes_price": 7,
            "no_price": 93,
            "taker_side": "no"
        },
        {
            "trade_id": "1c0baded-2d9b-493f-ac3f-db9a58f2d0c0",
            "ticker": "KXHIGHAUS-24NOV06-B74.5",
            "count": 3,
            "created_time": "2024-11-06T07:13:50.170936Z",
            "yes_price": 7,
            "no_price": 93,
            "taker_side": "no"
        },
        {
            "trade_id": "592158a1-a11e-44cf-9fd8-36b1cb092358",
            "ticker": "KXHIGHAUS-24NOV06-B74.5",
            "count": 7,
            "created_time": "2024-11-06T07:03:34.560456Z",
            "yes_price": 6,
            "no_price": 94,
            "taker_side": "no"
        },
        {
            "trade_id": "4273e40e-2e75-450d-98e6-7fe7fc4b0aab",
            "ticker": "KXHIGHAUS-24NOV06-B74.5",
            "count": 5,
            "created_time": "2024-11-06T06:55:38.395949Z",
            "yes_price": 6,
            "no_price": 94,
            "taker_side": "no"
        },
        {
            "trade_id": "9504edd3-040f-48b0-9d99-4d97e152ec65",
            "ticker": "KXHIGHAUS-24NOV06-B74.5",
            "count": 4,
            "created_time": "2024-11-06T06:38:43.835005Z",
            "yes_price": 6,
            "no_price": 94,
            "taker_side": "no"
        },
        {
            "trade_id": "f36fa2ff-71fc-4441-8cf0-901d33af7ac7",
            "ticker": "KXHIGHAUS-24NOV06-B74.5",
            "count": 5,
            "created_time": "2024-11-06T06:37:54.392533Z",
            "yes_price": 7,
            "no_price": 93,
            "taker_side": "no"
        },
        {
            "trade_id": "190715e9-6610-49b8-9a43-dcf51fcd45c0",
            "ticker": "KXHIGHAUS-24NOV06-B74.5",
            "count": 5,
            "created_time": "2024-11-06T06:01:21.209746Z",
            "yes_price": 6,
            "no_price": 94,
            "taker_side": "no"
        },
        {
            "trade_id": "9a07f04c-bd45-4b17-9807-ba5899ed9b1c",
            "ticker": "KXHIGHAUS-24NOV06-B74.5",
            "count": 39,
            "created_time": "2024-11-06T03:45:07.300781Z",
            "yes_price": 6,
            "no_price": 94,
            "taker_side": "no"
        },
        {
            "trade_id": "61ccd7d1-2e70-4834-b73f-e11f9813c7ca",
            "ticker": "KXHIGHAUS-24NOV06-B74.5",
            "count": 5,
            "created_time": "2024-11-06T03:45:07.190975Z",
            "yes_price": 6,
            "no_price": 94,
            "taker_side": "no"
        },
        {
            "trade_id": "f1e55319-629f-4abb-a2fa-2f52410ca2fb",
            "ticker": "KXHIGHAUS-24NOV06-B74.5",
            "count": 5,
            "created_time": "2024-11-06T02:07:25.102073Z",
            "yes_price": 13,
            "no_price": 87,
            "taker_side": "no"
        },
        {
            "trade_id": "88a5d380-ee6e-4a21-8c08-f27408fbb520",
            "ticker": "KXHIGHAUS-24NOV06-B74.5",
            "count": 5,
            "created_time": "2024-11-06T02:07:24.94843Z",
            "yes_price": 13,
            "no_price": 87,
            "taker_side": "no"
        },
        {
            "trade_id": "565d8543-78f4-4693-a9ff-6ca613733a44",
            "ticker": "KXHIGHAUS-24NOV06-B74.5",
            "count": 5,
            "created_time": "2024-11-06T01:52:59.267679Z",
            "yes_price": 13,
            "no_price": 87,
            "taker_side": "no"
        },
        {
            "trade_id": "35a442f0-2f48-45ae-a624-b60846e3596f",
            "ticker": "KXHIGHAUS-24NOV06-B74.5",
            "count": 5,
            "created_time": "2024-11-06T01:52:59.254964Z",
            "yes_price": 13,
            "no_price": 87,
            "taker_side": "no"
        },
        {
            "trade_id": "7336aeca-8c93-4a80-ab5e-189aba915ba4",
            "ticker": "KXHIGHAUS-24NOV06-B74.5",
            "count": 5,
            "created_time": "2024-11-06T01:46:50.825109Z",
            "yes_price": 13,
            "no_price": 87,
            "taker_side": "no"
        },
        {
            "trade_id": "b0d07a5b-1de1-4438-9f09-1bc8677608c8",
            "ticker": "KXHIGHAUS-24NOV06-B74.5",
            "count": 18,
            "created_time": "2024-11-05T22:38:54.99209Z",
            "yes_price": 16,
            "no_price": 84,
            "taker_side": "no"
        },
        {
            "trade_id": "136c22e8-af08-4e54-88ed-69aab4e7f35e",
            "ticker": "KXHIGHAUS-24NOV06-B74.5",
            "count": 5,
            "created_time": "2024-11-05T22:38:54.989584Z",
            "yes_price": 16,
            "no_price": 84,
            "taker_side": "no"
        },
        {
            "trade_id": "36c4e9c6-9750-41dd-ad70-8c60e9b1a30e",
            "ticker": "KXHIGHAUS-24NOV06-B74.5",
            "count": 8,
            "created_time": "2024-11-05T21:04:28.443635Z",
            "yes_price": 15,
            "no_price": 85,
            "taker_side": "yes"
        }
    ],
    "KXHIGHAUS-24NOV06-B76.5": [
        {
            "trade_id": "e1af80ac-40ce-47db-8061-74d50addbe0f",
            "ticker": "KXHIGHAUS-24NOV06-B76.5",
            "count": 187,
            "created_time": "2024-11-07T05:54:05.43332Z",
            "yes_price": 1,
            "no_price": 99,
            "taker_side": "yes"
        },
        {
            "trade_id": "cac1f040-51c0-4fdc-bb5e-9f4e85fac5a5",
            "ticker": "KXHIGHAUS-24NOV06-B76.5",
            "count": 2,
            "created_time": "2024-11-07T05:25:29.739375Z",
            "yes_price": 1,
            "no_price": 99,
            "taker_side": "yes"
        },
        {
            "trade_id": "1d9f59d4-3790-428b-8c56-e8672cda3458",
            "ticker": "KXHIGHAUS-24NOV06-B76.5",
            "count": 2,
            "created_time": "2024-11-07T05:24:37.493267Z",
            "yes_price": 1,
            "no_price": 99,
            "taker_side": "yes"
        },
        {
            "trade_id": "71bb7ea5-ef62-4265-9731-80266e4c6361",
            "ticker": "KXHIGHAUS-24NOV06-B76.5",
            "count": 93,
            "created_time": "2024-11-07T05:16:53.948283Z",
            "yes_price": 3,
            "no_price": 97,
            "taker_side": "yes"
        },
        {
            "trade_id": "ef43d42c-e904-4392-910f-9d06b060ffa3",
            "ticker": "KXHIGHAUS-24NOV06-B76.5",
            "count": 113,
            "created_time": "2024-11-07T05:15:25.397041Z",
            "yes_price": 1,
            "no_price": 99,
            "taker_side": "yes"
        },
        {
            "trade_id": "c71c33c7-41de-4b15-9ee2-ed97fdc38d18",
            "ticker": "KXHIGHAUS-24NOV06-B76.5",
            "count": 200,
            "created_time": "2024-11-07T05:15:25.397041Z",
            "yes_price": 1,
            "no_price": 99,
            "taker_side": "yes"
        },
        {
            "trade_id": "7ac8bfdb-48d5-4900-a777-770ccf57479c",
            "ticker": "KXHIGHAUS-24NOV06-B76.5",
            "count": 207,
            "created_time": "2024-11-07T05:15:25.397041Z",
            "yes_price": 3,
            "no_price": 97,
            "taker_side": "yes"
        },
        {
            "trade_id": "6f5b05eb-55da-40f6-b762-cbc8c6183f00",
            "ticker": "KXHIGHAUS-24NOV06-B76.5",
            "count": 187,
            "created_time": "2024-11-07T04:18:41.923198Z",
            "yes_price": 1,
            "no_price": 99,
            "taker_side": "yes"
        },
        {
            "trade_id": "e788c46f-e800-493f-9758-780f892fefca",
            "ticker": "KXHIGHAUS-24NOV06-B76.5",
            "count": 8,
            "created_time": "2024-11-07T02:39:35.917592Z",
            "yes_price": 2,
            "no_price": 98,
            "taker_side": "no"
        },
        {
            "trade_id": "9f960795-5283-43cb-888d-41959bb3cd82",
            "ticker": "KXHIGHAUS-24NOV06-B76.5",
            "count": 300,
            "created_time": "2024-11-07T02:39:18.213734Z",
            "yes_price": 2,
            "no_price": 98,
            "taker_side": "no"
        },
        {
            "trade_id": "3dc8a607-3c59-4613-911f-1dbc6b033497",
            "ticker": "KXHIGHAUS-24NOV06-B76.5",
            "count": 450,
            "created_time": "2024-11-07T02:38:45.475376Z",
            "yes_price": 2,
            "no_price": 98,
            "taker_side": "no"
        },
        {
            "trade_id": "95f5e173-faf3-470d-9bff-1ea75740739c",
            "ticker": "KXHIGHAUS-24NOV06-B76.5",
            "count": 758,
            "created_time": "2024-11-07T02:38:29.676846Z",
            "yes_price": 3,
            "no_price": 97,
            "taker_side": "yes"
        },
        {
            "trade_id": "3ec586e1-b10b-4149-b8a9-aac67c5e4996",
            "ticker": "KXHIGHAUS-24NOV06-B76.5",
            "count": 366,
            "created_time": "2024-11-07T02:36:48.291947Z",
            "yes_price": 2,
            "no_price": 98,
            "taker_side": "yes"
        },
        {
            "trade_id": "3d76a9c4-4420-42e4-b1d8-434089c61238",
            "ticker": "KXHIGHAUS-24NOV06-B76.5",
            "count": 1,
            "created_time": "2024-11-06T23:41:54.277903Z",
            "yes_price": 2,
            "no_price": 98,
            "taker_side": "yes"
        },
        {
            "trade_id": "11dff945-4860-4cc2-b567-b0b08170a4aa",
            "ticker": "KXHIGHAUS-24NOV06-B76.5",
            "count": 1,
            "created_time": "2024-11-06T23:41:54.277903Z",
            "yes_price": 3,
            "no_price": 97,
            "taker_side": "yes"
        },
        {
            "trade_id": "ddaf6b96-04dd-4c8f-acb1-711c05847c81",
            "ticker": "KXHIGHAUS-24NOV06-B76.5",
            "count": 31,
            "created_time": "2024-11-06T22:09:56.683457Z",
            "yes_price": 3,
            "no_price": 97,
            "taker_side": "yes"
        },
        {
            "trade_id": "0f30afb1-4e53-4764-8690-864b49cb0fe2",
            "ticker": "KXHIGHAUS-24NOV06-B76.5",
            "count": 752,
            "created_time": "2024-11-06T22:01:29.651172Z",
            "yes_price": 1,
            "no_price": 99,
            "taker_side": "no"
        },
        {
            "trade_id": "303b2da3-f360-459d-a945-0687d965e53c",
            "ticker": "KXHIGHAUS-24NOV06-B76.5",
            "count": 20,
            "created_time": "2024-11-06T21:57:07.565239Z",
            "yes_price": 1,
            "no_price": 99,
            "taker_side": "no"
        },
        {
            "trade_id": "e4c762d6-9901-40fa-8a5f-7d8421269073",
            "ticker": "KXHIGHAUS-24NOV06-B76.5",
            "count": 17,
            "created_time": "2024-11-06T21:54:52.072987Z",
            "yes_price": 1,
            "no_price": 99,
            "taker_side": "no"
        },
        {
            "trade_id": "b3511901-8b11-4a01-a54a-361b1851b34b",
            "ticker": "KXHIGHAUS-24NOV06-B76.5",
            "count": 299,
            "created_time": "2024-11-06T21:52:56.351417Z",
            "yes_price": 1,
            "no_price": 99,
            "taker_side": "no"
        },
        {
            "trade_id": "17161f7b-3711-46a2-9491-6faed0d78954",
            "ticker": "KXHIGHAUS-24NOV06-B76.5",
            "count": 22,
            "created_time": "2024-11-06T21:44:25.741847Z",
            "yes_price": 1,
            "no_price": 99,
            "taker_side": "no"
        },
        {
            "trade_id": "5082b5eb-5222-4523-82e3-fda615724294",
            "ticker": "KXHIGHAUS-24NOV06-B76.5",
            "count": 6,
            "created_time": "2024-11-06T21:42:02.376579Z",
            "yes_price": 1,
            "no_price": 99,
            "taker_side": "no"
        },
        {
            "trade_id": "c773133b-4469-4648-be26-7fb6e4957240",
            "ticker": "KXHIGHAUS-24NOV06-B76.5",
            "count": 81,
            "created_time": "2024-11-06T21:33:59.025681Z",
            "yes_price": 3,
            "no_price": 97,
            "taker_side": "yes"
        },
        {
            "trade_id": "5455976f-6cde-4634-8734-7d89d5b1b941",
            "ticker": "KXHIGHAUS-24NOV06-B76.5",
            "count": 1,
            "created_time": "2024-11-06T21:33:59.025681Z",
            "yes_price": 2,
            "no_price": 98,
            "taker_side": "yes"
        },
        {
            "trade_id": "37666573-7597-4342-b295-e84b30ddea6d",
            "ticker": "KXHIGHAUS-24NOV06-B76.5",
            "count": 219,
            "created_time": "2024-11-06T21:33:59.025681Z",
            "yes_price": 1,
            "no_price": 99,
            "taker_side": "yes"
        },
        {
            "trade_id": "ae65b17a-3db0-483a-aada-7c97fc5013bc",
            "ticker": "KXHIGHAUS-24NOV06-B76.5",
            "count": 14,
            "created_time": "2024-11-06T21:33:53.38708Z",
            "yes_price": 1,
            "no_price": 99,
            "taker_side": "yes"
        },
        {
            "trade_id": "24b5f4ff-87f1-4d7f-9f56-d8ca8ba68ecb",
            "ticker": "KXHIGHAUS-24NOV06-B76.5",
            "count": 467,
            "created_time": "2024-11-06T21:21:08.596096Z",
            "yes_price": 1,
            "no_price": 99,
            "taker_side": "yes"
        },
        {
            "trade_id": "7ea21b20-b6e3-40a2-b86d-47a2f0152387",
            "ticker": "KXHIGHAUS-24NOV06-B76.5",
            "count": 500,
            "created_time": "2024-11-06T20:46:26.038684Z",
            "yes_price": 1,
            "no_price": 99,
            "taker_side": "yes"
        },
        {
            "trade_id": "4fa80695-ec2e-4453-817f-c5f9de2be18e",
            "ticker": "KXHIGHAUS-24NOV06-B76.5",
            "count": 200,
            "created_time": "2024-11-06T20:46:26.038684Z",
            "yes_price": 3,
            "no_price": 97,
            "taker_side": "yes"
        },
        {
            "trade_id": "4ac52f6a-f6cd-4b50-9fd4-5a62ae351b84",
            "ticker": "KXHIGHAUS-24NOV06-B76.5",
            "count": 24,
            "created_time": "2024-11-06T20:46:26.038684Z",
            "yes_price": 1,
            "no_price": 99,
            "taker_side": "yes"
        },
        {
            "trade_id": "47b21756-fc0f-44a6-897d-841ab63be877",
            "ticker": "KXHIGHAUS-24NOV06-B76.5",
            "count": 150,
            "created_time": "2024-11-06T20:46:26.038684Z",
            "yes_price": 3,
            "no_price": 97,
            "taker_side": "yes"
        },
        {
            "trade_id": "099ea5a4-68d7-4969-890e-49b3c7c7f441",
            "ticker": "KXHIGHAUS-24NOV06-B76.5",
            "count": 1035,
            "created_time": "2024-11-06T20:46:26.038684Z",
            "yes_price": 3,
            "no_price": 97,
            "taker_side": "yes"
        },
        {
            "trade_id": "6780ee63-442e-49b6-affa-33343a4521d6",
            "ticker": "KXHIGHAUS-24NOV06-B76.5",
            "count": 88,
            "created_time": "2024-11-06T20:41:40.515911Z",
            "yes_price": 1,
            "no_price": 99,
            "taker_side": "yes"
        },
        {
            "trade_id": "cab581fd-a0d9-4475-a46a-712f4d9ec3a4",
            "ticker": "KXHIGHAUS-24NOV06-B76.5",
            "count": 16,
            "created_time": "2024-11-06T20:41:01.810288Z",
            "yes_price": 1,
            "no_price": 99,
            "taker_side": "yes"
        },
        {
            "trade_id": "9d82299e-cb3b-4983-bede-5b075940a984",
            "ticker": "KXHIGHAUS-24NOV06-B76.5",
            "count": 170,
            "created_time": "2024-11-06T20:41:01.810288Z",
            "yes_price": 1,
            "no_price": 99,
            "taker_side": "yes"
        },
        {
            "trade_id": "03cb2522-948b-496d-b1dc-58613557698f",
            "ticker": "KXHIGHAUS-24NOV06-B76.5",
            "count": 187,
            "created_time": "2024-11-06T20:31:23.887113Z",
            "yes_price": 1,
            "no_price": 99,
            "taker_side": "yes"
        },
        {
            "trade_id": "b2e18014-e98a-4f3c-9534-1a75e005b514",
            "ticker": "KXHIGHAUS-24NOV06-B76.5",
            "count": 935,
            "created_time": "2024-11-06T20:29:23.709456Z",
            "yes_price": 1,
            "no_price": 99,
            "taker_side": "yes"
        },
        {
            "trade_id": "d8a1dd10-0b60-4d46-bc60-9629d271013c",
            "ticker": "KXHIGHAUS-24NOV06-B76.5",
            "count": 935,
            "created_time": "2024-11-06T20:29:04.383402Z",
            "yes_price": 1,
            "no_price": 99,
            "taker_side": "yes"
        },
        {
            "trade_id": "3c9802f0-9b86-49d8-9497-5b33fad3132e",
            "ticker": "KXHIGHAUS-24NOV06-B76.5",
            "count": 935,
            "created_time": "2024-11-06T20:28:45.697715Z",
            "yes_price": 1,
            "no_price": 99,
            "taker_side": "yes"
        },
        {
            "trade_id": "b84ab84b-3fcd-470d-b27e-306eb7af344e",
            "ticker": "KXHIGHAUS-24NOV06-B76.5",
            "count": 93,
            "created_time": "2024-11-06T20:26:47.266087Z",
            "yes_price": 1,
            "no_price": 99,
            "taker_side": "yes"
        },
        {
            "trade_id": "063b7172-6ded-495e-a9e6-84cac841cfc9",
            "ticker": "KXHIGHAUS-24NOV06-B76.5",
            "count": 97,
            "created_time": "2024-11-06T20:12:16.399187Z",
            "yes_price": 1,
            "no_price": 99,
            "taker_side": "yes"
        },
        {
            "trade_id": "7d86ac7a-6567-4bf2-91ef-a8dd2ca39f6e",
            "ticker": "KXHIGHAUS-24NOV06-B76.5",
            "count": 467,
            "created_time": "2024-11-06T20:10:31.791718Z",
            "yes_price": 1,
            "no_price": 99,
            "taker_side": "yes"
        },
        {
            "trade_id": "f8952f72-9037-426b-96fe-e0f053f34606",
            "ticker": "KXHIGHAUS-24NOV06-B76.5",
            "count": 350,
            "created_time": "2024-11-06T20:08:25.878229Z",
            "yes_price": 1,
            "no_price": 99,
            "taker_side": "yes"
        },
        {
            "trade_id": "78b9fc2e-046c-413a-9780-c67664b9680d",
            "ticker": "KXHIGHAUS-24NOV06-B76.5",
            "count": 467,
            "created_time": "2024-11-06T20:07:48.415599Z",
            "yes_price": 1,
            "no_price": 99,
            "taker_side": "yes"
        },
        {
            "trade_id": "5d08b46e-cf83-4907-9865-fd1e3f9c5117",
            "ticker": "KXHIGHAUS-24NOV06-B76.5",
            "count": 1870,
            "created_time": "2024-11-06T20:07:03.037219Z",
            "yes_price": 1,
            "no_price": 99,
            "taker_side": "yes"
        },
        {
            "trade_id": "93f6144f-14c9-4a2f-a156-e667a11d1ed0",
            "ticker": "KXHIGHAUS-24NOV06-B76.5",
            "count": 93,
            "created_time": "2024-11-06T20:03:11.257232Z",
            "yes_price": 1,
            "no_price": 99,
            "taker_side": "yes"
        },
        {
            "trade_id": "605bec6c-7385-4350-8c9f-7b11040bca06",
            "ticker": "KXHIGHAUS-24NOV06-B76.5",
            "count": 467,
            "created_time": "2024-11-06T19:58:32.407741Z",
            "yes_price": 1,
            "no_price": 99,
            "taker_side": "yes"
        },
        {
            "trade_id": "613a88a3-150d-4bfa-af67-2d1f3b62b124",
            "ticker": "KXHIGHAUS-24NOV06-B76.5",
            "count": 935,
            "created_time": "2024-11-06T19:55:30.753875Z",
            "yes_price": 1,
            "no_price": 99,
            "taker_side": "yes"
        },
        {
            "trade_id": "23cb102b-b4bc-4de4-9b65-d4210af4f17f",
            "ticker": "KXHIGHAUS-24NOV06-B76.5",
            "count": 187,
            "created_time": "2024-11-06T19:54:53.544062Z",
            "yes_price": 1,
            "no_price": 99,
            "taker_side": "yes"
        },
        {
            "trade_id": "bd2a4081-77c3-415f-86bb-4479b65b19a6",
            "ticker": "KXHIGHAUS-24NOV06-B76.5",
            "count": 46,
            "created_time": "2024-11-06T19:50:13.210256Z",
            "yes_price": 1,
            "no_price": 99,
            "taker_side": "yes"
        },
        {
            "trade_id": "3fadfb00-a4e9-47a1-8181-3a6f61f0d220",
            "ticker": "KXHIGHAUS-24NOV06-B76.5",
            "count": 935,
            "created_time": "2024-11-06T19:45:38.606452Z",
            "yes_price": 1,
            "no_price": 99,
            "taker_side": "yes"
        },
        {
            "trade_id": "ebe1c385-7e92-4251-9079-232a723f51f4",
            "ticker": "KXHIGHAUS-24NOV06-B76.5",
            "count": 467,
            "created_time": "2024-11-06T19:43:24.176571Z",
            "yes_price": 1,
            "no_price": 99,
            "taker_side": "yes"
        },
        {
            "trade_id": "3cd8c351-9cc7-4116-80fc-b42e111359eb",
            "ticker": "KXHIGHAUS-24NOV06-B76.5",
            "count": 467,
            "created_time": "2024-11-06T19:42:59.640836Z",
            "yes_price": 1,
            "no_price": 99,
            "taker_side": "yes"
        },
        {
            "trade_id": "dd252d2e-d2f5-4ce0-9eed-6c1c4e661ed3",
            "ticker": "KXHIGHAUS-24NOV06-B76.5",
            "count": 935,
            "created_time": "2024-11-06T19:42:56.428493Z",
            "yes_price": 1,
            "no_price": 99,
            "taker_side": "yes"
        },
        {
            "trade_id": "adbde703-41f5-4834-9762-a50867b01d27",
            "ticker": "KXHIGHAUS-24NOV06-B76.5",
            "count": 935,
            "created_time": "2024-11-06T19:41:19.040319Z",
            "yes_price": 1,
            "no_price": 99,
            "taker_side": "yes"
        },
        {
            "trade_id": "1c062e0e-3144-4368-8654-165b854b6790",
            "ticker": "KXHIGHAUS-24NOV06-B76.5",
            "count": 86,
            "created_time": "2024-11-06T19:38:04.409035Z",
            "yes_price": 1,
            "no_price": 99,
            "taker_side": "yes"
        },
        {
            "trade_id": "fe23a0ea-b0b4-4f67-a5ab-6a50f28d2f38",
            "ticker": "KXHIGHAUS-24NOV06-B76.5",
            "count": 333,
            "created_time": "2024-11-06T19:36:57.376597Z",
            "yes_price": 1,
            "no_price": 99,
            "taker_side": "yes"
        },
        {
            "trade_id": "2b9957cf-8dad-424d-9f5e-8445eb853360",
            "ticker": "KXHIGHAUS-24NOV06-B76.5",
            "count": 280,
            "created_time": "2024-11-06T19:35:54.814175Z",
            "yes_price": 1,
            "no_price": 99,
            "taker_side": "yes"
        },
        {
            "trade_id": "040c6e01-db40-4a42-8fa7-64f06b7bbb66",
            "ticker": "KXHIGHAUS-24NOV06-B76.5",
            "count": 723,
            "created_time": "2024-11-06T19:35:48.409337Z",
            "yes_price": 1,
            "no_price": 99,
            "taker_side": "yes"
        },
        {
            "trade_id": "0fedb564-c78d-413c-b0e6-9f722e5a6044",
            "ticker": "KXHIGHAUS-24NOV06-B76.5",
            "count": 295,
            "created_time": "2024-11-06T19:34:22.483042Z",
            "yes_price": 1,
            "no_price": 99,
            "taker_side": "yes"
        },
        {
            "trade_id": "4de4c631-ac17-4eab-969e-0d90d5dcaeee",
            "ticker": "KXHIGHAUS-24NOV06-B76.5",
            "count": 363,
            "created_time": "2024-11-06T19:32:03.81048Z",
            "yes_price": 1,
            "no_price": 99,
            "taker_side": "no"
        },
        {
            "trade_id": "6e477f10-6fab-432a-ba8f-393d24c21812",
            "ticker": "KXHIGHAUS-24NOV06-B76.5",
            "count": 19,
            "created_time": "2024-11-06T19:28:04.495242Z",
            "yes_price": 1,
            "no_price": 99,
            "taker_side": "no"
        },
        {
            "trade_id": "19c4a94b-eeef-452a-87fc-76515112ddd2",
            "ticker": "KXHIGHAUS-24NOV06-B76.5",
            "count": 10,
            "created_time": "2024-11-06T19:28:04.495242Z",
            "yes_price": 3,
            "no_price": 97,
            "taker_side": "no"
        },
        {
            "trade_id": "569c9f27-dc2d-447b-81ef-59feef70ebe0",
            "ticker": "KXHIGHAUS-24NOV06-B76.5",
            "count": 100,
            "created_time": "2024-11-06T19:27:48.132412Z",
            "yes_price": 3,
            "no_price": 97,
            "taker_side": "no"
        },
        {
            "trade_id": "ec5fc83c-440c-4031-ba9f-17012435c6d4",
            "ticker": "KXHIGHAUS-24NOV06-B76.5",
            "count": 22,
            "created_time": "2024-11-06T19:26:07.656689Z",
            "yes_price": 4,
            "no_price": 96,
            "taker_side": "no"
        },
        {
            "trade_id": "d8d997e1-0f53-457f-8ddb-fa4f203da8c8",
            "ticker": "KXHIGHAUS-24NOV06-B76.5",
            "count": 2,
            "created_time": "2024-11-06T19:25:36.622558Z",
            "yes_price": 4,
            "no_price": 96,
            "taker_side": "no"
        },
        {
            "trade_id": "5b668c8f-d612-49c6-87aa-d52cc104a486",
            "ticker": "KXHIGHAUS-24NOV06-B76.5",
            "count": 68,
            "created_time": "2024-11-06T19:20:54.788392Z",
            "yes_price": 2,
            "no_price": 98,
            "taker_side": "no"
        },
        {
            "trade_id": "f607215d-c119-4933-97be-79f80b29da90",
            "ticker": "KXHIGHAUS-24NOV06-B76.5",
            "count": 68,
            "created_time": "2024-11-06T19:20:31.349418Z",
            "yes_price": 2,
            "no_price": 98,
            "taker_side": "no"
        },
        {
            "trade_id": "0acf6224-4e03-426e-87bc-fa653ebda23a",
            "ticker": "KXHIGHAUS-24NOV06-B76.5",
            "count": 76,
            "created_time": "2024-11-06T19:19:13.009768Z",
            "yes_price": 5,
            "no_price": 95,
            "taker_side": "no"
        },
        {
            "trade_id": "a392dc35-39e0-439f-a9ab-37bac83a9d13",
            "ticker": "KXHIGHAUS-24NOV06-B76.5",
            "count": 23,
            "created_time": "2024-11-06T19:17:37.727121Z",
            "yes_price": 5,
            "no_price": 95,
            "taker_side": "no"
        },
        {
            "trade_id": "8239a7b9-620f-4509-b580-489480d867d7",
            "ticker": "KXHIGHAUS-24NOV06-B76.5",
            "count": 62,
            "created_time": "2024-11-06T19:16:35.156439Z",
            "yes_price": 35,
            "no_price": 65,
            "taker_side": "yes"
        },
        {
            "trade_id": "5d787cc1-88b6-45b9-b42b-019b3318e611",
            "ticker": "KXHIGHAUS-24NOV06-B76.5",
            "count": 205,
            "created_time": "2024-11-06T19:16:35.156439Z",
            "yes_price": 36,
            "no_price": 64,
            "taker_side": "yes"
        },
        {
            "trade_id": "8a8079f1-2f1a-41db-8396-d0647568da7c",
            "ticker": "KXHIGHAUS-24NOV06-B76.5",
            "count": 9,
            "created_time": "2024-11-06T19:15:37.398566Z",
            "yes_price": 34,
            "no_price": 66,
            "taker_side": "yes"
        },
        {
            "trade_id": "9b0cbbfe-f8f7-4cda-be94-210dee5620bb",
            "ticker": "KXHIGHAUS-24NOV06-B76.5",
            "count": 22,
            "created_time": "2024-11-06T19:14:32.268849Z",
            "yes_price": 43,
            "no_price": 57,
            "taker_side": "yes"
        },
        {
            "trade_id": "692f277c-bb92-4e18-be43-975933dc2628",
            "ticker": "KXHIGHAUS-24NOV06-B76.5",
            "count": 107,
            "created_time": "2024-11-06T19:08:45.538637Z",
            "yes_price": 46,
            "no_price": 54,
            "taker_side": "no"
        },
        {
            "trade_id": "87adc537-7097-40d7-88e2-447e688d5150",
            "ticker": "KXHIGHAUS-24NOV06-B76.5",
            "count": 20,
            "created_time": "2024-11-06T19:08:45.528269Z",
            "yes_price": 46,
            "no_price": 54,
            "taker_side": "no"
        },
        {
            "trade_id": "277ae7ae-e918-4e4b-944d-a9119738aedc",
            "ticker": "KXHIGHAUS-24NOV06-B76.5",
            "count": 3,
            "created_time": "2024-11-06T19:08:15.291555Z",
            "yes_price": 49,
            "no_price": 51,
            "taker_side": "yes"
        },
        {
            "trade_id": "d5f04918-b9d2-42e0-afac-7d1823ce5147",
            "ticker": "KXHIGHAUS-24NOV06-B76.5",
            "count": 13,
            "created_time": "2024-11-06T19:07:53.664876Z",
            "yes_price": 3,
            "no_price": 97,
            "taker_side": "no"
        },
        {
            "trade_id": "4c668add-07f2-46ac-937a-e1aa1a6c25fa",
            "ticker": "KXHIGHAUS-24NOV06-B76.5",
            "count": 55,
            "created_time": "2024-11-06T19:07:53.664876Z",
            "yes_price": 4,
            "no_price": 96,
            "taker_side": "no"
        },
        {
            "trade_id": "88a4f128-ec45-46c7-94fd-c826c8213292",
            "ticker": "KXHIGHAUS-24NOV06-B76.5",
            "count": 17,
            "created_time": "2024-11-06T19:07:47.563271Z",
            "yes_price": 39,
            "no_price": 61,
            "taker_side": "yes"
        },
        {
            "trade_id": "811c5745-0abb-4572-87f2-8b4963c0a5d3",
            "ticker": "KXHIGHAUS-24NOV06-B76.5",
            "count": 10,
            "created_time": "2024-11-06T19:00:54.234422Z",
            "yes_price": 23,
            "no_price": 77,
            "taker_side": "no"
        },
        {
            "trade_id": "661e6ac2-646f-4bfd-a179-7b8cb4c0c70f",
            "ticker": "KXHIGHAUS-24NOV06-B76.5",
            "count": 2,
            "created_time": "2024-11-06T19:00:54.234422Z",
            "yes_price": 6,
            "no_price": 94,
            "taker_side": "no"
        },
        {
            "trade_id": "1672807d-ac76-4a7e-9c16-370837716f1b",
            "ticker": "KXHIGHAUS-24NOV06-B76.5",
            "count": 51,
            "created_time": "2024-11-06T19:00:54.234422Z",
            "yes_price": 13,
            "no_price": 87,
            "taker_side": "no"
        },
        {
            "trade_id": "0584bf6e-f607-4575-a27f-5497dd5813f9",
            "ticker": "KXHIGHAUS-24NOV06-B76.5",
            "count": 217,
            "created_time": "2024-11-06T19:00:54.234422Z",
            "yes_price": 10,
            "no_price": 90,
            "taker_side": "no"
        },
        {
            "trade_id": "00850532-3143-492f-a024-bc443800e500",
            "ticker": "KXHIGHAUS-24NOV06-B76.5",
            "count": 15,
            "created_time": "2024-11-06T19:00:54.234422Z",
            "yes_price": 25,
            "no_price": 75,
            "taker_side": "no"
        },
        {
            "trade_id": "e2844d0e-6010-4fcd-9d5b-f60f951ba45a",
            "ticker": "KXHIGHAUS-24NOV06-B76.5",
            "count": 73,
            "created_time": "2024-11-06T18:57:37.817464Z",
            "yes_price": 50,
            "no_price": 50,
            "taker_side": "yes"
        },
        {
            "trade_id": "b7c73d58-218f-4453-b3db-40730060b1a6",
            "ticker": "KXHIGHAUS-24NOV06-B76.5",
            "count": 25,
            "created_time": "2024-11-06T18:57:37.817464Z",
            "yes_price": 49,
            "no_price": 51,
            "taker_side": "yes"
        },
        {
            "trade_id": "acabf336-a8bb-4039-854f-bae0464deec3",
            "ticker": "KXHIGHAUS-24NOV06-B76.5",
            "count": 54,
            "created_time": "2024-11-06T18:57:37.817464Z",
            "yes_price": 25,
            "no_price": 75,
            "taker_side": "yes"
        },
        {
            "trade_id": "9c15c83a-65ec-478d-9402-b36764a6b7af",
            "ticker": "KXHIGHAUS-24NOV06-B76.5",
            "count": 55,
            "created_time": "2024-11-06T18:57:37.817464Z",
            "yes_price": 32,
            "no_price": 68,
            "taker_side": "yes"
        },
        {
            "trade_id": "5a8def49-ba54-4337-9d19-f0b88fbd3b8a",
            "ticker": "KXHIGHAUS-24NOV06-B76.5",
            "count": 30,
            "created_time": "2024-11-06T18:57:37.817464Z",
            "yes_price": 31,
            "no_price": 69,
            "taker_side": "yes"
        },
        {
            "trade_id": "52ab42ed-312e-4e38-ad7f-b26557d1ef9e",
            "ticker": "KXHIGHAUS-24NOV06-B76.5",
            "count": 21,
            "created_time": "2024-11-06T18:57:37.817464Z",
            "yes_price": 26,
            "no_price": 74,
            "taker_side": "yes"
        },
        {
            "trade_id": "84c5f19a-38bb-4438-9a24-0b4af02378ee",
            "ticker": "KXHIGHAUS-24NOV06-B76.5",
            "count": 32,
            "created_time": "2024-11-06T18:51:34.271494Z",
            "yes_price": 26,
            "no_price": 74,
            "taker_side": "yes"
        },
        {
            "trade_id": "59dae4a9-3d6e-4fae-8876-1593f6db6d93",
            "ticker": "KXHIGHAUS-24NOV06-B76.5",
            "count": 25,
            "created_time": "2024-11-06T18:51:34.271494Z",
            "yes_price": 24,
            "no_price": 76,
            "taker_side": "yes"
        },
        {
            "trade_id": "2ff38400-c8e6-4f52-973c-1e931da8d50c",
            "ticker": "KXHIGHAUS-24NOV06-B76.5",
            "count": 53,
            "created_time": "2024-11-06T18:51:34.271494Z",
            "yes_price": 23,
            "no_price": 77,
            "taker_side": "yes"
        },
        {
            "trade_id": "3ed62353-dee0-4495-ad22-dffa2201721c",
            "ticker": "KXHIGHAUS-24NOV06-B76.5",
            "count": 20,
            "created_time": "2024-11-06T18:49:51.286818Z",
            "yes_price": 23,
            "no_price": 77,
            "taker_side": "yes"
        },
        {
            "trade_id": "5ef8902c-e8eb-486d-941f-83f8c145b766",
            "ticker": "KXHIGHAUS-24NOV06-B76.5",
            "count": 50,
            "created_time": "2024-11-06T18:44:39.470468Z",
            "yes_price": 4,
            "no_price": 96,
            "taker_side": "no"
        },
        {
            "trade_id": "2734a494-3f19-4659-8951-bf0ae399821d",
            "ticker": "KXHIGHAUS-24NOV06-B76.5",
            "count": 287,
            "created_time": "2024-11-06T18:43:25.953585Z",
            "yes_price": 5,
            "no_price": 95,
            "taker_side": "no"
        },
        {
            "trade_id": "88abbf3f-c78b-4b5a-8e0f-ebdac49b89da",
            "ticker": "KXHIGHAUS-24NOV06-B76.5",
            "count": 217,
            "created_time": "2024-11-06T18:38:25.674318Z",
            "yes_price": 4,
            "no_price": 96,
            "taker_side": "no"
        },
        {
            "trade_id": "4e47601a-d67d-42f1-a6f8-77073c15505e",
            "ticker": "KXHIGHAUS-24NOV06-B76.5",
            "count": 74,
            "created_time": "2024-11-06T18:38:25.674318Z",
            "yes_price": 6,
            "no_price": 94,
            "taker_side": "no"
        },
        {
            "trade_id": "c969772a-1e72-43b4-b539-e9faab9ecd7f",
            "ticker": "KXHIGHAUS-24NOV06-B76.5",
            "count": 70,
            "created_time": "2024-11-06T18:34:05.359701Z",
            "yes_price": 9,
            "no_price": 91,
            "taker_side": "yes"
        },
        {
            "trade_id": "50432223-0a5d-4d55-9f24-9d7bd5d4d41b",
            "ticker": "KXHIGHAUS-24NOV06-B76.5",
            "count": 25,
            "created_time": "2024-11-06T18:34:05.359701Z",
            "yes_price": 11,
            "no_price": 89,
            "taker_side": "yes"
        },
        {
            "trade_id": "8c5e9685-53a9-4f9d-bd8d-29c82ad0a013",
            "ticker": "KXHIGHAUS-24NOV06-B76.5",
            "count": 1,
            "created_time": "2024-11-06T18:31:38.155489Z",
            "yes_price": 5,
            "no_price": 95,
            "taker_side": "no"
        },
        {
            "trade_id": "05105d1f-d8c3-43de-b06e-4c382df4c162",
            "ticker": "KXHIGHAUS-24NOV06-B76.5",
            "count": 19,
            "created_time": "2024-11-06T18:31:38.155489Z",
            "yes_price": 4,
            "no_price": 96,
            "taker_side": "no"
        },
        {
            "trade_id": "69ed6613-b993-4b30-b2de-3b5fa2611af1",
            "ticker": "KXHIGHAUS-24NOV06-B76.5",
            "count": 199,
            "created_time": "2024-11-06T18:30:31.598465Z",
            "yes_price": 5,
            "no_price": 95,
            "taker_side": "no"
        },
        {
            "trade_id": "5d5e1550-1c83-45e3-a6f7-ae270ba7bdb8",
            "ticker": "KXHIGHAUS-24NOV06-B76.5",
            "count": 51,
            "created_time": "2024-11-06T18:30:31.598465Z",
            "yes_price": 10,
            "no_price": 90,
            "taker_side": "no"
        },
        {
            "trade_id": "09c866f1-7c88-4f5d-ad50-43b958340c86",
            "ticker": "KXHIGHAUS-24NOV06-B76.5",
            "count": 100,
            "created_time": "2024-11-06T18:30:31.598465Z",
            "yes_price": 10,
            "no_price": 90,
            "taker_side": "no"
        },
        {
            "trade_id": "6218a135-1bad-4d2f-9db3-c7cea71f443c",
            "ticker": "KXHIGHAUS-24NOV06-B76.5",
            "count": 100,
            "created_time": "2024-11-06T18:18:59.132154Z",
            "yes_price": 10,
            "no_price": 90,
            "taker_side": "no"
        },
        {
            "trade_id": "12987dd0-6e4a-4364-b4f8-3c9a4d491ea4",
            "ticker": "KXHIGHAUS-24NOV06-B76.5",
            "count": 57,
            "created_time": "2024-11-06T18:18:59.132154Z",
            "yes_price": 3,
            "no_price": 97,
            "taker_side": "no"
        },
        {
            "trade_id": "0ebca17f-fd00-40bd-bd64-1c2e3ffdc9a3",
            "ticker": "KXHIGHAUS-24NOV06-B76.5",
            "count": 60,
            "created_time": "2024-11-06T18:18:59.132154Z",
            "yes_price": 11,
            "no_price": 89,
            "taker_side": "no"
        },
        {
            "trade_id": "a4b29b9c-192b-4c73-8fbf-12a380d4fda6",
            "ticker": "KXHIGHAUS-24NOV06-B76.5",
            "count": 15,
            "created_time": "2024-11-06T18:18:46.090475Z",
            "yes_price": 65,
            "no_price": 35,
            "taker_side": "yes"
        },
        {
            "trade_id": "bdda05df-f2b6-44fa-bf5f-71b1d4212a47",
            "ticker": "KXHIGHAUS-24NOV06-B76.5",
            "count": 50,
            "created_time": "2024-11-06T18:17:57.885713Z",
            "yes_price": 71,
            "no_price": 29,
            "taker_side": "yes"
        },
        {
            "trade_id": "92eec7b5-2c06-4d62-8188-3745ce402f77",
            "ticker": "KXHIGHAUS-24NOV06-B76.5",
            "count": 3,
            "created_time": "2024-11-06T18:17:57.885713Z",
            "yes_price": 73,
            "no_price": 27,
            "taker_side": "yes"
        },
        {
            "trade_id": "82134898-b280-4fdc-ac90-0c43c4e086ae",
            "ticker": "KXHIGHAUS-24NOV06-B76.5",
            "count": 54,
            "created_time": "2024-11-06T18:17:57.885713Z",
            "yes_price": 26,
            "no_price": 74,
            "taker_side": "yes"
        },
        {
            "trade_id": "67a8ac93-fe2d-4424-9857-201e51d8302d",
            "ticker": "KXHIGHAUS-24NOV06-B76.5",
            "count": 14,
            "created_time": "2024-11-06T18:17:57.885713Z",
            "yes_price": 27,
            "no_price": 73,
            "taker_side": "yes"
        },
        {
            "trade_id": "56b8aa4a-7728-4e25-b62e-74a5d8847086",
            "ticker": "KXHIGHAUS-24NOV06-B76.5",
            "count": 40,
            "created_time": "2024-11-06T18:17:57.885713Z",
            "yes_price": 40,
            "no_price": 60,
            "taker_side": "yes"
        },
        {
            "trade_id": "41b11a03-7e0d-437b-847c-7c228e35e74e",
            "ticker": "KXHIGHAUS-24NOV06-B76.5",
            "count": 50,
            "created_time": "2024-11-06T18:17:57.885713Z",
            "yes_price": 50,
            "no_price": 50,
            "taker_side": "yes"
        },
        {
            "trade_id": "0d78bead-a518-4bad-ad41-3e3e48a1808b",
            "ticker": "KXHIGHAUS-24NOV06-B76.5",
            "count": 60,
            "created_time": "2024-11-06T18:16:28.965966Z",
            "yes_price": 26,
            "no_price": 74,
            "taker_side": "yes"
        },
        {
            "trade_id": "9fa0d64f-998d-4faa-8af8-9468782c7cac",
            "ticker": "KXHIGHAUS-24NOV06-B76.5",
            "count": 20,
            "created_time": "2024-11-06T18:16:28.231346Z",
            "yes_price": 26,
            "no_price": 74,
            "taker_side": "no"
        },
        {
            "trade_id": "0959ce00-2d2c-450c-8f94-606b13825987",
            "ticker": "KXHIGHAUS-24NOV06-B76.5",
            "count": 236,
            "created_time": "2024-11-06T18:16:15.182744Z",
            "yes_price": 27,
            "no_price": 73,
            "taker_side": "no"
        },
        {
            "trade_id": "b5e11d3b-2247-496a-a765-efdbf7843f32",
            "ticker": "KXHIGHAUS-24NOV06-B76.5",
            "count": 5,
            "created_time": "2024-11-06T18:15:48.392492Z",
            "yes_price": 49,
            "no_price": 51,
            "taker_side": "yes"
        },
        {
            "trade_id": "0549b794-cf2c-4ca3-a3e1-d4ca12cf4d7a",
            "ticker": "KXHIGHAUS-24NOV06-B76.5",
            "count": 49,
            "created_time": "2024-11-06T18:10:52.428023Z",
            "yes_price": 59,
            "no_price": 41,
            "taker_side": "yes"
        },
        {
            "trade_id": "c5d9d42e-2813-401a-aae3-498c30fc38f6",
            "ticker": "KXHIGHAUS-24NOV06-B76.5",
            "count": 36,
            "created_time": "2024-11-06T18:10:07.401963Z",
            "yes_price": 59,
            "no_price": 41,
            "taker_side": "yes"
        },
        {
            "trade_id": "0cc32438-bb27-45f5-90b4-f09833539ff8",
            "ticker": "KXHIGHAUS-24NOV06-B76.5",
            "count": 16,
            "created_time": "2024-11-06T18:09:51.953807Z",
            "yes_price": 59,
            "no_price": 41,
            "taker_side": "yes"
        },
        {
            "trade_id": "b5f19f22-cac3-438c-b108-85202a8aa2f8",
            "ticker": "KXHIGHAUS-24NOV06-B76.5",
            "count": 4,
            "created_time": "2024-11-06T18:08:35.746884Z",
            "yes_price": 55,
            "no_price": 45,
            "taker_side": "no"
        },
        {
            "trade_id": "3a16cc18-9cd6-4ba2-b591-d0e15d149e43",
            "ticker": "KXHIGHAUS-24NOV06-B76.5",
            "count": 34,
            "created_time": "2024-11-06T18:05:19.179302Z",
            "yes_price": 57,
            "no_price": 43,
            "taker_side": "yes"
        },
        {
            "trade_id": "682de748-7efd-4f89-96ec-24eb0287e609",
            "ticker": "KXHIGHAUS-24NOV06-B76.5",
            "count": 7,
            "created_time": "2024-11-06T18:02:13.567513Z",
            "yes_price": 79,
            "no_price": 21,
            "taker_side": "yes"
        },
        {
            "trade_id": "ab12982c-e6fb-4498-adeb-953796a9137e",
            "ticker": "KXHIGHAUS-24NOV06-B76.5",
            "count": 15,
            "created_time": "2024-11-06T18:01:54.637521Z",
            "yes_price": 55,
            "no_price": 45,
            "taker_side": "no"
        },
        {
            "trade_id": "8e360074-3d6f-4251-9067-e2a050e3d71d",
            "ticker": "KXHIGHAUS-24NOV06-B76.5",
            "count": 15,
            "created_time": "2024-11-06T18:01:54.637521Z",
            "yes_price": 60,
            "no_price": 40,
            "taker_side": "no"
        },
        {
            "trade_id": "16210d3a-ed8c-4d53-8666-2e4162e9bfda",
            "ticker": "KXHIGHAUS-24NOV06-B76.5",
            "count": 45,
            "created_time": "2024-11-06T17:48:02.207921Z",
            "yes_price": 42,
            "no_price": 58,
            "taker_side": "yes"
        },
        {
            "trade_id": "f7f9caa1-2e7b-4e9f-a7d6-25cf7471d436",
            "ticker": "KXHIGHAUS-24NOV06-B76.5",
            "count": 22,
            "created_time": "2024-11-06T17:43:05.96267Z",
            "yes_price": 42,
            "no_price": 58,
            "taker_side": "yes"
        },
        {
            "trade_id": "7cae9f84-eb21-4477-b5dd-5683e5c0bcb2",
            "ticker": "KXHIGHAUS-24NOV06-B76.5",
            "count": 5,
            "created_time": "2024-11-06T17:42:02.766621Z",
            "yes_price": 16,
            "no_price": 84,
            "taker_side": "no"
        },
        {
            "trade_id": "8d2baa47-e5d3-48e3-a974-e6af0c38798d",
            "ticker": "KXHIGHAUS-24NOV06-B76.5",
            "count": 30,
            "created_time": "2024-11-06T17:40:12.47472Z",
            "yes_price": 6,
            "no_price": 94,
            "taker_side": "no"
        },
        {
            "trade_id": "feb27951-c6dd-4367-b560-5a6b0f9edb46",
            "ticker": "KXHIGHAUS-24NOV06-B76.5",
            "count": 20,
            "created_time": "2024-11-06T17:37:49.906899Z",
            "yes_price": 35,
            "no_price": 65,
            "taker_side": "yes"
        },
        {
            "trade_id": "ce0b47a9-c1a7-4785-b006-3096aee76c55",
            "ticker": "KXHIGHAUS-24NOV06-B76.5",
            "count": 64,
            "created_time": "2024-11-06T17:37:49.906899Z",
            "yes_price": 81,
            "no_price": 19,
            "taker_side": "yes"
        },
        {
            "trade_id": "8d64043e-f664-42b6-bc59-d7e6d6d3168b",
            "ticker": "KXHIGHAUS-24NOV06-B76.5",
            "count": 20,
            "created_time": "2024-11-06T17:37:49.906899Z",
            "yes_price": 30,
            "no_price": 70,
            "taker_side": "yes"
        },
        {
            "trade_id": "85d912c6-84a6-4515-b338-3cec1ec7a410",
            "ticker": "KXHIGHAUS-24NOV06-B76.5",
            "count": 15,
            "created_time": "2024-11-06T17:37:49.906899Z",
            "yes_price": 45,
            "no_price": 55,
            "taker_side": "yes"
        },
        {
            "trade_id": "5ed817ee-258e-499d-956d-ea084450333f",
            "ticker": "KXHIGHAUS-24NOV06-B76.5",
            "count": 59,
            "created_time": "2024-11-06T17:37:49.906899Z",
            "yes_price": 29,
            "no_price": 71,
            "taker_side": "yes"
        },
        {
            "trade_id": "3f7827bd-2f55-40a5-9bea-20e60bdf33f9",
            "ticker": "KXHIGHAUS-24NOV06-B76.5",
            "count": 26,
            "created_time": "2024-11-06T17:37:49.906899Z",
            "yes_price": 31,
            "no_price": 69,
            "taker_side": "yes"
        },
        {
            "trade_id": "aa78d446-5498-4e0d-8394-486380a80624",
            "ticker": "KXHIGHAUS-24NOV06-B76.5",
            "count": 6,
            "created_time": "2024-11-06T17:36:33.335075Z",
            "yes_price": 30,
            "no_price": 70,
            "taker_side": "yes"
        },
        {
            "trade_id": "a3476931-e750-4ec9-8ba9-88d0baab108d",
            "ticker": "KXHIGHAUS-24NOV06-B76.5",
            "count": 59,
            "created_time": "2024-11-06T17:36:33.335075Z",
            "yes_price": 29,
            "no_price": 71,
            "taker_side": "yes"
        },
        {
            "trade_id": "b8072f7e-426d-4b1d-909d-d4e57f9e41ee",
            "ticker": "KXHIGHAUS-24NOV06-B76.5",
            "count": 10,
            "created_time": "2024-11-06T17:34:58.894196Z",
            "yes_price": 29,
            "no_price": 71,
            "taker_side": "yes"
        },
        {
            "trade_id": "ac50c058-7cea-412e-b5d1-5f0e53cd12d7",
            "ticker": "KXHIGHAUS-24NOV06-B76.5",
            "count": 11,
            "created_time": "2024-11-06T17:28:16.09095Z",
            "yes_price": 11,
            "no_price": 89,
            "taker_side": "no"
        },
        {
            "trade_id": "e22115db-3a6e-49e6-aa85-6cb93865ba13",
            "ticker": "KXHIGHAUS-24NOV06-B76.5",
            "count": 50,
            "created_time": "2024-11-06T17:20:39.947904Z",
            "yes_price": 23,
            "no_price": 77,
            "taker_side": "yes"
        },
        {
            "trade_id": "d9bfb330-3fd9-4f91-adff-fc0750292463",
            "ticker": "KXHIGHAUS-24NOV06-B76.5",
            "count": 56,
            "created_time": "2024-11-06T17:20:39.947904Z",
            "yes_price": 23,
            "no_price": 77,
            "taker_side": "yes"
        },
        {
            "trade_id": "5cb0c711-a1df-4278-9c4e-17ef11e6dcdd",
            "ticker": "KXHIGHAUS-24NOV06-B76.5",
            "count": 100,
            "created_time": "2024-11-06T17:20:39.947904Z",
            "yes_price": 23,
            "no_price": 77,
            "taker_side": "yes"
        },
        {
            "trade_id": "36304a9e-c76b-4ce6-838a-8efa6d098fd2",
            "ticker": "KXHIGHAUS-24NOV06-B76.5",
            "count": 67,
            "created_time": "2024-11-06T17:20:03.973065Z",
            "yes_price": 22,
            "no_price": 78,
            "taker_side": "yes"
        },
        {
            "trade_id": "9b5b684a-9691-4c9e-9add-aa99444352a5",
            "ticker": "KXHIGHAUS-24NOV06-B76.5",
            "count": 1,
            "created_time": "2024-11-06T17:15:09.448766Z",
            "yes_price": 14,
            "no_price": 86,
            "taker_side": "no"
        },
        {
            "trade_id": "e1d0af8d-4be9-4e51-9718-c8f4e05245d0",
            "ticker": "KXHIGHAUS-24NOV06-B76.5",
            "count": 82,
            "created_time": "2024-11-06T17:13:30.218174Z",
            "yes_price": 21,
            "no_price": 79,
            "taker_side": "yes"
        },
        {
            "trade_id": "9be933ce-2f01-443a-979c-be46b576974b",
            "ticker": "KXHIGHAUS-24NOV06-B76.5",
            "count": 53,
            "created_time": "2024-11-06T17:13:30.218174Z",
            "yes_price": 19,
            "no_price": 81,
            "taker_side": "yes"
        },
        {
            "trade_id": "1a2077d5-0099-41ca-bb4c-7f735e8bb921",
            "ticker": "KXHIGHAUS-24NOV06-B76.5",
            "count": 100,
            "created_time": "2024-11-06T17:13:30.218174Z",
            "yes_price": 20,
            "no_price": 80,
            "taker_side": "yes"
        },
        {
            "trade_id": "c5db32cb-b513-4f16-b727-2cc6f9a9b6ed",
            "ticker": "KXHIGHAUS-24NOV06-B76.5",
            "count": 46,
            "created_time": "2024-11-06T17:08:08.771702Z",
            "yes_price": 22,
            "no_price": 78,
            "taker_side": "yes"
        },
        {
            "trade_id": "90f0f81f-0141-411f-8030-2d1abe4d422f",
            "ticker": "KXHIGHAUS-24NOV06-B76.5",
            "count": 54,
            "created_time": "2024-11-06T17:08:08.771702Z",
            "yes_price": 20,
            "no_price": 80,
            "taker_side": "yes"
        },
        {
            "trade_id": "5fbd4560-9439-46ee-87cb-47b37efd9175",
            "ticker": "KXHIGHAUS-24NOV06-B76.5",
            "count": 100,
            "created_time": "2024-11-06T17:08:08.771702Z",
            "yes_price": 21,
            "no_price": 79,
            "taker_side": "yes"
        },
        {
            "trade_id": "81716ea7-a50b-4bc0-abe3-feb3b39cd2dd",
            "ticker": "KXHIGHAUS-24NOV06-B76.5",
            "count": 20,
            "created_time": "2024-11-06T17:06:00.845478Z",
            "yes_price": 17,
            "no_price": 83,
            "taker_side": "no"
        },
        {
            "trade_id": "07a1e855-58b5-467a-80b6-f95374e607ad",
            "ticker": "KXHIGHAUS-24NOV06-B76.5",
            "count": 4,
            "created_time": "2024-11-06T17:05:22.24265Z",
            "yes_price": 21,
            "no_price": 79,
            "taker_side": "yes"
        },
        {
            "trade_id": "fd0005d5-e87f-4f24-9e93-cef4aad931d1",
            "ticker": "KXHIGHAUS-24NOV06-B76.5",
            "count": 196,
            "created_time": "2024-11-06T16:56:16.51232Z",
            "yes_price": 16,
            "no_price": 84,
            "taker_side": "no"
        },
        {
            "trade_id": "926262f8-aec2-46b3-9ac1-8ad1570564e1",
            "ticker": "KXHIGHAUS-24NOV06-B76.5",
            "count": 27,
            "created_time": "2024-11-06T16:51:00.699191Z",
            "yes_price": 8,
            "no_price": 92,
            "taker_side": "no"
        },
        {
            "trade_id": "ecc72084-88fc-4c3d-959c-e41ae3de07d6",
            "ticker": "KXHIGHAUS-24NOV06-B76.5",
            "count": 36,
            "created_time": "2024-11-06T16:50:52.909763Z",
            "yes_price": 14,
            "no_price": 86,
            "taker_side": "no"
        },
        {
            "trade_id": "ddaaeb23-f47b-4d6d-af77-51e74b9b5c6f",
            "ticker": "KXHIGHAUS-24NOV06-B76.5",
            "count": 70,
            "created_time": "2024-11-06T16:50:51.879469Z",
            "yes_price": 14,
            "no_price": 86,
            "taker_side": "no"
        },
        {
            "trade_id": "c10bda26-9ac8-4630-83cb-4527dbe4f293",
            "ticker": "KXHIGHAUS-24NOV06-B76.5",
            "count": 30,
            "created_time": "2024-11-06T16:50:51.879469Z",
            "yes_price": 14,
            "no_price": 86,
            "taker_side": "no"
        },
        {
            "trade_id": "ac1e444b-5abb-4456-a810-de28ac4d3369",
            "ticker": "KXHIGHAUS-24NOV06-B76.5",
            "count": 66,
            "created_time": "2024-11-06T16:50:49.990404Z",
            "yes_price": 15,
            "no_price": 85,
            "taker_side": "no"
        },
        {
            "trade_id": "51080285-8266-474d-be2b-3c913a788f59",
            "ticker": "KXHIGHAUS-24NOV06-B76.5",
            "count": 66,
            "created_time": "2024-11-06T16:50:49.179302Z",
            "yes_price": 16,
            "no_price": 84,
            "taker_side": "no"
        },
        {
            "trade_id": "ff019c64-2b45-4d3b-80d5-bdad0ce33579",
            "ticker": "KXHIGHAUS-24NOV06-B76.5",
            "count": 118,
            "created_time": "2024-11-06T16:50:23.425751Z",
            "yes_price": 1,
            "no_price": 99,
            "taker_side": "no"
        },
        {
            "trade_id": "eb03fc67-faf7-4ee5-9e60-fee0eaf88432",
            "ticker": "KXHIGHAUS-24NOV06-B76.5",
            "count": 210,
            "created_time": "2024-11-06T16:50:23.425751Z",
            "yes_price": 2,
            "no_price": 98,
            "taker_side": "no"
        },
        {
            "trade_id": "e4ee77da-7d08-46af-b0a8-61d7086aae20",
            "ticker": "KXHIGHAUS-24NOV06-B76.5",
            "count": 70,
            "created_time": "2024-11-06T16:50:23.425751Z",
            "yes_price": 7,
            "no_price": 93,
            "taker_side": "no"
        },
        {
            "trade_id": "af0f5367-cbc8-4d9a-ba3c-8c8abc54610b",
            "ticker": "KXHIGHAUS-24NOV06-B76.5",
            "count": 50,
            "created_time": "2024-11-06T16:50:23.425751Z",
            "yes_price": 20,
            "no_price": 80,
            "taker_side": "no"
        },
        {
            "trade_id": "9e2dbec0-9027-492f-b8e9-1eef941a8408",
            "ticker": "KXHIGHAUS-24NOV06-B76.5",
            "count": 70,
            "created_time": "2024-11-06T16:50:23.425751Z",
            "yes_price": 14,
            "no_price": 86,
            "taker_side": "no"
        },
        {
            "trade_id": "79ca9bbb-07d7-42ed-9aff-ac405b26f621",
            "ticker": "KXHIGHAUS-24NOV06-B76.5",
            "count": 100,
            "created_time": "2024-11-06T16:50:23.425751Z",
            "yes_price": 25,
            "no_price": 75,
            "taker_side": "no"
        },
        {
            "trade_id": "545ad93e-c0a3-40a8-b020-090c5a2bac02",
            "ticker": "KXHIGHAUS-24NOV06-B76.5",
            "count": 31,
            "created_time": "2024-11-06T16:50:23.425751Z",
            "yes_price": 6,
            "no_price": 94,
            "taker_side": "no"
        },
        {
            "trade_id": "3ac5ed95-ad5e-4de5-bb04-64ca54cc3b16",
            "ticker": "KXHIGHAUS-24NOV06-B76.5",
            "count": 100,
            "created_time": "2024-11-06T16:50:23.425751Z",
            "yes_price": 24,
            "no_price": 76,
            "taker_side": "no"
        },
        {
            "trade_id": "2ed3cdcd-3f3b-40de-a477-cb0f7d87e338",
            "ticker": "KXHIGHAUS-24NOV06-B76.5",
            "count": 50,
            "created_time": "2024-11-06T16:50:23.425751Z",
            "yes_price": 1,
            "no_price": 99,
            "taker_side": "no"
        },
        {
            "trade_id": "275fae14-4200-4e55-9f43-a43d8c0f810b",
            "ticker": "KXHIGHAUS-24NOV06-B76.5",
            "count": 100,
            "created_time": "2024-11-06T16:50:23.425751Z",
            "yes_price": 23,
            "no_price": 77,
            "taker_side": "no"
        },
        {
            "trade_id": "0f7d231f-b1e9-4d95-bd5f-4a33d3ac5801",
            "ticker": "KXHIGHAUS-24NOV06-B76.5",
            "count": 125,
            "created_time": "2024-11-06T16:50:23.425751Z",
            "yes_price": 2,
            "no_price": 98,
            "taker_side": "no"
        },
        {
            "trade_id": "00c4b1e0-c46b-4828-a8de-a6be9c8fa847",
            "ticker": "KXHIGHAUS-24NOV06-B76.5",
            "count": 100,
            "created_time": "2024-11-06T16:50:23.425751Z",
            "yes_price": 25,
            "no_price": 75,
            "taker_side": "no"
        },
        {
            "trade_id": "54b33ce7-8f6c-442c-a910-7f173a829750",
            "ticker": "KXHIGHAUS-24NOV06-B76.5",
            "count": 54,
            "created_time": "2024-11-06T16:33:12.333435Z",
            "yes_price": 35,
            "no_price": 65,
            "taker_side": "yes"
        },
        {
            "trade_id": "41a345f0-237d-4263-883b-e88aba5751d7",
            "ticker": "KXHIGHAUS-24NOV06-B76.5",
            "count": 33,
            "created_time": "2024-11-06T16:32:47.441395Z",
            "yes_price": 37,
            "no_price": 63,
            "taker_side": "yes"
        },
        {
            "trade_id": "ebe53eff-8400-4673-9192-955e42c437a0",
            "ticker": "KXHIGHAUS-24NOV06-B76.5",
            "count": 13,
            "created_time": "2024-11-06T16:31:08.383481Z",
            "yes_price": 29,
            "no_price": 71,
            "taker_side": "no"
        },
        {
            "trade_id": "68c8c099-5d5a-43b4-ba24-829554b55ed4",
            "ticker": "KXHIGHAUS-24NOV06-B76.5",
            "count": 45,
            "created_time": "2024-11-06T16:26:41.659627Z",
            "yes_price": 35,
            "no_price": 65,
            "taker_side": "yes"
        },
        {
            "trade_id": "898c8ca9-dac9-419d-878f-15f58e431a42",
            "ticker": "KXHIGHAUS-24NOV06-B76.5",
            "count": 27,
            "created_time": "2024-11-06T16:23:49.492958Z",
            "yes_price": 35,
            "no_price": 65,
            "taker_side": "yes"
        },
        {
            "trade_id": "1b684ecb-e21a-4668-80d9-96bac79a9445",
            "ticker": "KXHIGHAUS-24NOV06-B76.5",
            "count": 27,
            "created_time": "2024-11-06T16:21:49.619415Z",
            "yes_price": 35,
            "no_price": 65,
            "taker_side": "yes"
        },
        {
            "trade_id": "f8011689-5782-4372-ac3d-8162eff96d62",
            "ticker": "KXHIGHAUS-24NOV06-B76.5",
            "count": 5,
            "created_time": "2024-11-06T16:14:29.719413Z",
            "yes_price": 37,
            "no_price": 63,
            "taker_side": "yes"
        },
        {
            "trade_id": "ad46ccd2-a9f1-4af2-ab44-c9fb16c540a6",
            "ticker": "KXHIGHAUS-24NOV06-B76.5",
            "count": 15,
            "created_time": "2024-11-06T16:12:51.484837Z",
            "yes_price": 28,
            "no_price": 72,
            "taker_side": "no"
        },
        {
            "trade_id": "63d762d5-3898-4850-ba18-f2f910de9630",
            "ticker": "KXHIGHAUS-24NOV06-B76.5",
            "count": 53,
            "created_time": "2024-11-06T16:11:15.819859Z",
            "yes_price": 35,
            "no_price": 65,
            "taker_side": "no"
        },
        {
            "trade_id": "4eb79dc4-3130-4bc1-ac8e-0621c11b26f4",
            "ticker": "KXHIGHAUS-24NOV06-B76.5",
            "count": 27,
            "created_time": "2024-11-06T16:06:55.435885Z",
            "yes_price": 42,
            "no_price": 58,
            "taker_side": "yes"
        },
        {
            "trade_id": "292da5e4-4663-4f5d-a46d-bbc87beee85e",
            "ticker": "KXHIGHAUS-24NOV06-B76.5",
            "count": 6,
            "created_time": "2024-11-06T16:06:55.435885Z",
            "yes_price": 44,
            "no_price": 56,
            "taker_side": "yes"
        },
        {
            "trade_id": "9b22d55d-cb1c-4f6b-b577-e7816a9b91fc",
            "ticker": "KXHIGHAUS-24NOV06-B76.5",
            "count": 22,
            "created_time": "2024-11-06T16:00:59.855007Z",
            "yes_price": 43,
            "no_price": 57,
            "taker_side": "yes"
        },
        {
            "trade_id": "a2dd3727-571d-496f-bcd7-ee201870c468",
            "ticker": "KXHIGHAUS-24NOV06-B76.5",
            "count": 11,
            "created_time": "2024-11-06T16:00:08.637867Z",
            "yes_price": 43,
            "no_price": 57,
            "taker_side": "yes"
        },
        {
            "trade_id": "d0d4db7a-878e-4f8e-bd68-94bc4a2fe5ee",
            "ticker": "KXHIGHAUS-24NOV06-B76.5",
            "count": 9,
            "created_time": "2024-11-06T15:52:10.132002Z",
            "yes_price": 49,
            "no_price": 51,
            "taker_side": "yes"
        },
        {
            "trade_id": "b5832a71-1d2c-4e12-8f98-8e649c47c597",
            "ticker": "KXHIGHAUS-24NOV06-B76.5",
            "count": 22,
            "created_time": "2024-11-06T15:51:14.913669Z",
            "yes_price": 40,
            "no_price": 60,
            "taker_side": "no"
        },
        {
            "trade_id": "b41c5174-0b0e-464b-a0c9-543a3e9a2832",
            "ticker": "KXHIGHAUS-24NOV06-B76.5",
            "count": 17,
            "created_time": "2024-11-06T15:50:33.394581Z",
            "yes_price": 41,
            "no_price": 59,
            "taker_side": "no"
        },
        {
            "trade_id": "97d441f8-ff90-4655-a5b7-19e981277efa",
            "ticker": "KXHIGHAUS-24NOV06-B76.5",
            "count": 100,
            "created_time": "2024-11-06T15:50:33.394581Z",
            "yes_price": 42,
            "no_price": 58,
            "taker_side": "no"
        },
        {
            "trade_id": "a777464e-8c09-4648-9723-60391558aa65",
            "ticker": "KXHIGHAUS-24NOV06-B76.5",
            "count": 26,
            "created_time": "2024-11-06T15:48:05.973756Z",
            "yes_price": 44,
            "no_price": 56,
            "taker_side": "no"
        },
        {
            "trade_id": "888d6738-ccb8-4f86-b22e-d9296c596a3d",
            "ticker": "KXHIGHAUS-24NOV06-B76.5",
            "count": 19,
            "created_time": "2024-11-06T15:46:24.912673Z",
            "yes_price": 49,
            "no_price": 51,
            "taker_side": "yes"
        },
        {
            "trade_id": "4c2f4705-0edb-48c2-9dc8-c77d608fb9fa",
            "ticker": "KXHIGHAUS-24NOV06-B76.5",
            "count": 47,
            "created_time": "2024-11-06T15:38:45.431061Z",
            "yes_price": 51,
            "no_price": 49,
            "taker_side": "yes"
        },
        {
            "trade_id": "f96f7a76-3c18-4f82-a48c-bfe28361af2e",
            "ticker": "KXHIGHAUS-24NOV06-B76.5",
            "count": 28,
            "created_time": "2024-11-06T15:37:10.376892Z",
            "yes_price": 46,
            "no_price": 54,
            "taker_side": "yes"
        },
        {
            "trade_id": "4735c3e7-60a6-45c5-8635-b9bc363c78c5",
            "ticker": "KXHIGHAUS-24NOV06-B76.5",
            "count": 100,
            "created_time": "2024-11-06T15:37:10.376892Z",
            "yes_price": 50,
            "no_price": 50,
            "taker_side": "yes"
        },
        {
            "trade_id": "1d4bc3ce-7dd1-413f-8c3c-85fdf3add8c8",
            "ticker": "KXHIGHAUS-24NOV06-B76.5",
            "count": 64,
            "created_time": "2024-11-06T15:37:10.376892Z",
            "yes_price": 51,
            "no_price": 49,
            "taker_side": "yes"
        },
        {
            "trade_id": "fe4cc5a0-70ed-4ff7-a458-718a088003b7",
            "ticker": "KXHIGHAUS-24NOV06-B76.5",
            "count": 3,
            "created_time": "2024-11-06T15:33:02.046921Z",
            "yes_price": 46,
            "no_price": 54,
            "taker_side": "yes"
        },
        {
            "trade_id": "a3f36a54-6e96-4d20-8e0a-93e3d8e03981",
            "ticker": "KXHIGHAUS-24NOV06-B76.5",
            "count": 27,
            "created_time": "2024-11-06T15:33:02.046921Z",
            "yes_price": 47,
            "no_price": 53,
            "taker_side": "yes"
        },
        {
            "trade_id": "7f67934d-abf0-4a24-849e-93f27972a2cb",
            "ticker": "KXHIGHAUS-24NOV06-B76.5",
            "count": 25,
            "created_time": "2024-11-06T15:30:58.878336Z",
            "yes_price": 43,
            "no_price": 57,
            "taker_side": "yes"
        },
        {
            "trade_id": "b622705a-f700-439d-b6e8-931b93fb91f8",
            "ticker": "KXHIGHAUS-24NOV06-B76.5",
            "count": 49,
            "created_time": "2024-11-06T15:29:22.661366Z",
            "yes_price": 44,
            "no_price": 56,
            "taker_side": "yes"
        },
        {
            "trade_id": "ac3be487-821b-44b1-89c4-01a0e1252bcc",
            "ticker": "KXHIGHAUS-24NOV06-B76.5",
            "count": 52,
            "created_time": "2024-11-06T15:29:22.661366Z",
            "yes_price": 38,
            "no_price": 62,
            "taker_side": "yes"
        },
        {
            "trade_id": "8d10501b-d207-4245-a5d2-a34de46691f0",
            "ticker": "KXHIGHAUS-24NOV06-B76.5",
            "count": 58,
            "created_time": "2024-11-06T15:29:22.661366Z",
            "yes_price": 42,
            "no_price": 58,
            "taker_side": "yes"
        },
        {
            "trade_id": "7cea5705-71f1-49f9-972f-549df8f8a794",
            "ticker": "KXHIGHAUS-24NOV06-B76.5",
            "count": 60,
            "created_time": "2024-11-06T15:29:22.661366Z",
            "yes_price": 43,
            "no_price": 57,
            "taker_side": "yes"
        },
        {
            "trade_id": "a54fb9aa-11c9-4f4e-b53a-eb1de780cfb8",
            "ticker": "KXHIGHAUS-24NOV06-B76.5",
            "count": 94,
            "created_time": "2024-11-06T15:17:12.646023Z",
            "yes_price": 40,
            "no_price": 60,
            "taker_side": "yes"
        },
        {
            "trade_id": "9252276e-d577-4bc7-a504-a143ba8882dd",
            "ticker": "KXHIGHAUS-24NOV06-B76.5",
            "count": 54,
            "created_time": "2024-11-06T15:17:12.646023Z",
            "yes_price": 39,
            "no_price": 61,
            "taker_side": "yes"
        },
        {
            "trade_id": "85b0b61b-7ebf-4752-a801-a732780a43ad",
            "ticker": "KXHIGHAUS-24NOV06-B76.5",
            "count": 12,
            "created_time": "2024-11-06T15:16:58.296472Z",
            "yes_price": 39,
            "no_price": 61,
            "taker_side": "yes"
        },
        {
            "trade_id": "352abb18-76ef-4963-a22c-04fcafc0313f",
            "ticker": "KXHIGHAUS-24NOV06-B76.5",
            "count": 47,
            "created_time": "2024-11-06T15:11:30.431233Z",
            "yes_price": 40,
            "no_price": 60,
            "taker_side": "yes"
        },
        {
            "trade_id": "bb036490-63c9-4bd1-8c5d-3cd75dfbfbf1",
            "ticker": "KXHIGHAUS-24NOV06-B76.5",
            "count": 96,
            "created_time": "2024-11-06T15:02:28.267591Z",
            "yes_price": 37,
            "no_price": 63,
            "taker_side": "yes"
        },
        {
            "trade_id": "85233fe0-2a03-43ab-a542-591e6bf6023a",
            "ticker": "KXHIGHAUS-24NOV06-B76.5",
            "count": 75,
            "created_time": "2024-11-06T15:02:28.267591Z",
            "yes_price": 36,
            "no_price": 64,
            "taker_side": "yes"
        },
        {
            "trade_id": "7b56ebf2-b537-4fb0-a2de-13e6d24e0fce",
            "ticker": "KXHIGHAUS-24NOV06-B76.5",
            "count": 25,
            "created_time": "2024-11-06T15:02:28.267591Z",
            "yes_price": 36,
            "no_price": 64,
            "taker_side": "yes"
        },
        {
            "trade_id": "e81a022b-b795-4850-a949-7f9db3719c77",
            "ticker": "KXHIGHAUS-24NOV06-B76.5",
            "count": 25,
            "created_time": "2024-11-06T14:59:05.218481Z",
            "yes_price": 36,
            "no_price": 64,
            "taker_side": "yes"
        },
        {
            "trade_id": "5048084f-0e94-482f-a36e-fd6e1521fac5",
            "ticker": "KXHIGHAUS-24NOV06-B76.5",
            "count": 40,
            "created_time": "2024-11-06T14:58:30.801135Z",
            "yes_price": 35,
            "no_price": 65,
            "taker_side": "yes"
        },
        {
            "trade_id": "7cc76838-b136-4f8d-bdff-83b8f1b47a01",
            "ticker": "KXHIGHAUS-24NOV06-B76.5",
            "count": 4,
            "created_time": "2024-11-06T14:58:04.164202Z",
            "yes_price": 34,
            "no_price": 66,
            "taker_side": "yes"
        },
        {
            "trade_id": "2f56e33b-ce99-4796-8b03-4ae7c06e6f08",
            "ticker": "KXHIGHAUS-24NOV06-B76.5",
            "count": 64,
            "created_time": "2024-11-06T14:58:04.164202Z",
            "yes_price": 35,
            "no_price": 65,
            "taker_side": "yes"
        },
        {
            "trade_id": "a19e1a30-1b01-4b04-bfcc-f005fd289362",
            "ticker": "KXHIGHAUS-24NOV06-B76.5",
            "count": 22,
            "created_time": "2024-11-06T14:57:46.856032Z",
            "yes_price": 34,
            "no_price": 66,
            "taker_side": "yes"
        },
        {
            "trade_id": "81223885-dff3-4e85-a542-329a16a8d79a",
            "ticker": "KXHIGHAUS-24NOV06-B76.5",
            "count": 44,
            "created_time": "2024-11-06T14:50:41.892293Z",
            "yes_price": 33,
            "no_price": 67,
            "taker_side": "yes"
        },
        {
            "trade_id": "67279a91-20ef-4c31-93f5-2107eb7143bd",
            "ticker": "KXHIGHAUS-24NOV06-B76.5",
            "count": 100,
            "created_time": "2024-11-06T14:50:41.892293Z",
            "yes_price": 33,
            "no_price": 67,
            "taker_side": "yes"
        },
        {
            "trade_id": "3e85e072-a061-4964-807d-96f1edfe3509",
            "ticker": "KXHIGHAUS-24NOV06-B76.5",
            "count": 29,
            "created_time": "2024-11-06T14:50:11.1483Z",
            "yes_price": 32,
            "no_price": 68,
            "taker_side": "yes"
        },
        {
            "trade_id": "04049d4d-7bd6-443a-b84e-2fef649e9b88",
            "ticker": "KXHIGHAUS-24NOV06-B76.5",
            "count": 100,
            "created_time": "2024-11-06T14:43:29.389672Z",
            "yes_price": 33,
            "no_price": 67,
            "taker_side": "yes"
        },
        {
            "trade_id": "d138341a-a0d0-47e8-b43a-801dc0b57417",
            "ticker": "KXHIGHAUS-24NOV06-B76.5",
            "count": 34,
            "created_time": "2024-11-06T14:40:23.82653Z",
            "yes_price": 33,
            "no_price": 67,
            "taker_side": "yes"
        },
        {
            "trade_id": "61b00f80-1ca8-48c0-a9a7-71741841b9e6",
            "ticker": "KXHIGHAUS-24NOV06-B76.5",
            "count": 13,
            "created_time": "2024-11-06T14:40:23.82653Z",
            "yes_price": 33,
            "no_price": 67,
            "taker_side": "yes"
        },
        {
            "trade_id": "669f3ef5-1fc2-4f40-af21-c208ffca329d",
            "ticker": "KXHIGHAUS-24NOV06-B76.5",
            "count": 21,
            "created_time": "2024-11-06T14:39:33.578945Z",
            "yes_price": 33,
            "no_price": 67,
            "taker_side": "yes"
        },
        {
            "trade_id": "40cf0cfa-4417-45e7-88a3-91fcc382dc37",
            "ticker": "KXHIGHAUS-24NOV06-B76.5",
            "count": 52,
            "created_time": "2024-11-06T14:39:33.578945Z",
            "yes_price": 32,
            "no_price": 68,
            "taker_side": "yes"
        },
        {
            "trade_id": "f1000817-0e4b-435f-955a-1fb375c87667",
            "ticker": "KXHIGHAUS-24NOV06-B76.5",
            "count": 43,
            "created_time": "2024-11-06T14:36:00.60123Z",
            "yes_price": 33,
            "no_price": 67,
            "taker_side": "yes"
        },
        {
            "trade_id": "df0fa8b4-46aa-4620-8dd6-99805ff0dd3c",
            "ticker": "KXHIGHAUS-24NOV06-B76.5",
            "count": 7,
            "created_time": "2024-11-06T14:35:23.992763Z",
            "yes_price": 34,
            "no_price": 66,
            "taker_side": "yes"
        },
        {
            "trade_id": "66acc5cd-e9c6-43a0-8ec1-308fb9c4f3d8",
            "ticker": "KXHIGHAUS-24NOV06-B76.5",
            "count": 53,
            "created_time": "2024-11-06T14:35:23.992763Z",
            "yes_price": 33,
            "no_price": 67,
            "taker_side": "yes"
        },
        {
            "trade_id": "621adec9-28ce-4520-87ea-6e13477d27e6",
            "ticker": "KXHIGHAUS-24NOV06-B76.5",
            "count": 3,
