{
    "HIGHAUS-24AUG29-T89": [
        {
            "trade_id": "2e7d014c-c839-490e-8dfa-be6490cfa89f",
            "ticker": "HIGHAUS-24AUG29-T89",
            "count": 28,
            "created_time": "2024-08-29T18:11:43.68709Z",
            "yes_price": 1,
            "no_price": 99,
            "taker_side": "no"
        },
        {
            "trade_id": "6f1dc289-7d3f-4bde-b48b-6740927cf38c",
            "ticker": "HIGHAUS-24AUG29-T89",
            "count": 96,
            "created_time": "2024-08-29T18:11:43.636016Z",
            "yes_price": 1,
            "no_price": 99,
            "taker_side": "no"
        },
        {
            "trade_id": "973d8d76-1224-4f94-9c92-34cf888a62fa",
            "ticker": "HIGHAUS-24AUG29-T89",
            "count": 96,
            "created_time": "2024-08-29T18:11:43.57323Z",
            "yes_price": 1,
            "no_price": 99,
            "taker_side": "no"
        },
        {
            "trade_id": "3cae90d1-5210-42d4-abd4-fe706c0fd432",
            "ticker": "HIGHAUS-24AUG29-T89",
            "count": 2,
            "created_time": "2024-08-29T16:34:54.778521Z",
            "yes_price": 1,
            "no_price": 99,
            "taker_side": "yes"
        },
        {
            "trade_id": "10cabfb4-6fe5-4b38-aef7-661b3ab139bd",
            "ticker": "HIGHAUS-24AUG29-T89",
            "count": 2,
            "created_time": "2024-08-29T14:57:22.003159Z",
            "yes_price": 67,
            "no_price": 33,
            "taker_side": "yes"
        },
        {
            "trade_id": "5610b2ba-5385-47cf-a790-f4b0d0768766",
            "ticker": "HIGHAUS-24AUG29-T89",
            "count": 21,
            "created_time": "2024-08-29T14:21:27.968694Z",
            "yes_price": 99,
            "no_price": 1,
            "taker_side": "no"
        },
        {
            "trade_id": "981e37c5-09d1-402b-8613-ac2f79cc23be",
            "ticker": "HIGHAUS-24AUG29-T89",
            "count": 25,
            "created_time": "2024-08-29T14:21:27.871902Z",
            "yes_price": 97,
            "no_price": 3,
            "taker_side": "yes"
        },
        {
            "trade_id": "71825d08-f304-40a5-b4be-74a464399c6b",
            "ticker": "HIGHAUS-24AUG29-T89",
            "count": 54,
            "created_time": "2024-08-29T14:21:27.871902Z",
            "yes_price": 96,
            "no_price": 4,
            "taker_side": "yes"
        },
        {
            "trade_id": "5545ec16-135f-4b6a-ab8a-316cd63f3d3e",
            "ticker": "HIGHAUS-24AUG29-T89",
            "count": 50,
            "created_time": "2024-08-29T14:21:27.871902Z",
            "yes_price": 99,
            "no_price": 1,
            "taker_side": "yes"
        },
        {
            "trade_id": "bdaaf8ac-37b8-4655-82e7-9d320113fa9f",
            "ticker": "HIGHAUS-24AUG29-T89",
            "count": 51,
            "created_time": "2024-08-29T02:40:47.312806Z",
            "yes_price": 1,
            "no_price": 99,
            "taker_side": "no"
        },
        {
            "trade_id": "4b50e054-b26d-4e0b-9c35-bad4c14f93b9",
            "ticker": "HIGHAUS-24AUG29-T89",
            "count": 46,
            "created_time": "2024-08-29T02:40:29.747663Z",
            "yes_price": 1,
            "no_price": 99,
            "taker_side": "no"
        },
        {
            "trade_id": "8ce92d9b-d591-43ca-ae12-15020d5f6634",
            "ticker": "HIGHAUS-24AUG29-T89",
            "count": 14,
            "created_time": "2024-08-29T02:31:41.66565Z",
            "yes_price": 1,
            "no_price": 99,
            "taker_side": "no"
        },
        {
            "trade_id": "e1381fb3-08c2-4782-a2dc-2ffb3588d581",
            "ticker": "HIGHAUS-24AUG29-T89",
            "count": 30,
            "created_time": "2024-08-29T02:31:41.553161Z",
            "yes_price": 1,
            "no_price": 99,
            "taker_side": "no"
        },
        {
            "trade_id": "e034ed58-db2d-448c-9509-a4c3efe6780d",
            "ticker": "HIGHAUS-24AUG29-T89",
            "count": 130,
            "created_time": "2024-08-29T02:31:25.759365Z",
            "yes_price": 1,
            "no_price": 99,
            "taker_side": "no"
        },
        {
            "trade_id": "65f1fd65-c11d-44ef-93ac-76c676fddc9e",
            "ticker": "HIGHAUS-24AUG29-T89",
            "count": 90,
            "created_time": "2024-08-29T02:31:10.342229Z",
            "yes_price": 1,
            "no_price": 99,
            "taker_side": "no"
        },
        {
            "trade_id": "ff3700c5-f29c-4379-ac88-3cbd9d62aff8",
            "ticker": "HIGHAUS-24AUG29-T89",
            "count": 4,
            "created_time": "2024-08-29T01:33:51.911295Z",
            "yes_price": 1,
            "no_price": 99,
            "taker_side": "no"
        },
        {
            "trade_id": "34fb6e16-1392-480d-9507-c2ed924560e0",
            "ticker": "HIGHAUS-24AUG29-T89",
            "count": 14,
            "created_time": "2024-08-29T01:33:51.911295Z",
            "yes_price": 1,
            "no_price": 99,
            "taker_side": "no"
        },
        {
            "trade_id": "ee2af9b4-2c28-461c-b49b-6e86140722f3",
            "ticker": "HIGHAUS-24AUG29-T89",
            "count": 18,
            "created_time": "2024-08-29T01:33:40.726463Z",
            "yes_price": 1,
            "no_price": 99,
            "taker_side": "no"
        },
        {
            "trade_id": "62c03ad0-2cce-4e93-99ee-6fffe91f595c",
            "ticker": "HIGHAUS-24AUG29-T89",
            "count": 18,
            "created_time": "2024-08-29T01:16:54.421126Z",
            "yes_price": 1,
            "no_price": 99,
            "taker_side": "no"
        },
        {
            "trade_id": "922874da-d651-4f86-8272-405f5cf5885c",
            "ticker": "HIGHAUS-24AUG29-T89",
            "count": 10,
            "created_time": "2024-08-29T01:15:25.407786Z",
            "yes_price": 1,
            "no_price": 99,
            "taker_side": "no"
        },
        {
            "trade_id": "1b06a74e-1ba0-4835-bd63-ac449f0f0d98",
            "ticker": "HIGHAUS-24AUG29-T89",
            "count": 200,
            "created_time": "2024-08-28T17:54:53.482748Z",
            "yes_price": 8,
            "no_price": 92,
            "taker_side": "no"
        },
        {
            "trade_id": "101d500c-a6d9-4584-af5b-211c342ff06f",
            "ticker": "HIGHAUS-24AUG29-T89",
            "count": 20,
            "created_time": "2024-08-28T17:54:53.482748Z",
            "yes_price": 9,
            "no_price": 91,
            "taker_side": "no"
        },
        {
            "trade_id": "14455248-8a09-40ab-b1fa-2130e53f8fc4",
            "ticker": "HIGHAUS-24AUG29-T89",
            "count": 1,
            "created_time": "2024-08-28T17:30:27.443911Z",
            "yes_price": 12,
            "no_price": 88,
            "taker_side": "no"
        },
        {
            "trade_id": "98fdbb62-c215-444f-8873-2b8c9622c98a",
            "ticker": "HIGHAUS-24AUG29-T89",
            "count": 50,
            "created_time": "2024-08-28T16:08:44.028838Z",
            "yes_price": 6,
            "no_price": 94,
            "taker_side": "no"
        },
        {
            "trade_id": "266605a0-4c87-451d-a0c8-c5627ec7ed40",
            "ticker": "HIGHAUS-24AUG29-T89",
            "count": 27,
            "created_time": "2024-08-28T15:12:40.565873Z",
            "yes_price": 5,
            "no_price": 95,
            "taker_side": "yes"
        },
        {
            "trade_id": "6a2efd77-4177-4418-91a0-2e154b43a9a3",
            "ticker": "HIGHAUS-24AUG29-T89",
            "count": 3,
            "created_time": "2024-08-28T14:37:03.777937Z",
            "yes_price": 6,
            "no_price": 94,
            "taker_side": "no"
        }
    ],
    "HIGHAUS-24AUG29-B89.5": [
        {
            "trade_id": "8da5506f-96e3-44bc-9c0b-a389d7162045",
            "ticker": "HIGHAUS-24AUG29-B89.5",
            "count": 50,
            "created_time": "2024-08-29T19:21:40.914472Z",
            "yes_price": 1,
            "no_price": 99,
            "taker_side": "no"
        },
        {
            "trade_id": "098fc30a-7c6b-42ff-b996-89d207f41e2e",
            "ticker": "HIGHAUS-24AUG29-B89.5",
            "count": 17,
            "created_time": "2024-08-29T19:21:40.914472Z",
            "yes_price": 4,
            "no_price": 96,
            "taker_side": "no"
        },
        {
            "trade_id": "6bdbc619-180b-4eb3-8729-d128bbb77af9",
            "ticker": "HIGHAUS-24AUG29-B89.5",
            "count": 38,
            "created_time": "2024-08-29T17:22:41.754071Z",
            "yes_price": 17,
            "no_price": 83,
            "taker_side": "yes"
        },
        {
            "trade_id": "3e24e54f-f8f1-4236-970d-ca5c12f1300a",
            "ticker": "HIGHAUS-24AUG29-B89.5",
            "count": 108,
            "created_time": "2024-08-29T17:22:18.28566Z",
            "yes_price": 16,
            "no_price": 84,
            "taker_side": "yes"
        },
        {
            "trade_id": "59d6ac07-29b5-43b8-92d0-86eeb49b7d5a",
            "ticker": "HIGHAUS-24AUG29-B89.5",
            "count": 162,
            "created_time": "2024-08-29T17:15:54.495505Z",
            "yes_price": 15,
            "no_price": 85,
            "taker_side": "yes"
        },
        {
            "trade_id": "41b537a7-25bf-4b7d-9342-3c59b2ac9a3c",
            "ticker": "HIGHAUS-24AUG29-B89.5",
            "count": 144,
            "created_time": "2024-08-29T16:35:51.969021Z",
            "yes_price": 14,
            "no_price": 86,
            "taker_side": "yes"
        },
        {
            "trade_id": "d70e3e4a-3a91-4c81-b7da-10abcc4a3375",
            "ticker": "HIGHAUS-24AUG29-B89.5",
            "count": 180,
            "created_time": "2024-08-29T16:35:29.20918Z",
            "yes_price": 13,
            "no_price": 87,
            "taker_side": "yes"
        },
        {
            "trade_id": "bc0d85c9-742b-4239-adc8-2a2b14836ec5",
            "ticker": "HIGHAUS-24AUG29-B89.5",
            "count": 180,
            "created_time": "2024-08-29T16:35:29.20918Z",
            "yes_price": 11,
            "no_price": 89,
            "taker_side": "yes"
        },
        {
            "trade_id": "0df8f506-9889-4670-a700-59bbb849c89c",
            "ticker": "HIGHAUS-24AUG29-B89.5",
            "count": 180,
            "created_time": "2024-08-29T16:35:29.20918Z",
            "yes_price": 12,
            "no_price": 88,
            "taker_side": "yes"
        },
        {
            "trade_id": "28d3e1fa-d9d9-47c2-b2a8-86b61b4c6983",
            "ticker": "HIGHAUS-24AUG29-B89.5",
            "count": 14,
            "created_time": "2024-08-29T15:17:18.396242Z",
            "yes_price": 17,
            "no_price": 83,
            "taker_side": "yes"
        },
        {
            "trade_id": "38d8486f-0a7e-4fef-b6b4-ff058f3190ba",
            "ticker": "HIGHAUS-24AUG29-B89.5",
            "count": 108,
            "created_time": "2024-08-29T15:16:54.510864Z",
            "yes_price": 17,
            "no_price": 83,
            "taker_side": "no"
        },
        {
            "trade_id": "4065e16c-81a4-4969-b346-7947d0ba5fca",
            "ticker": "HIGHAUS-24AUG29-B89.5",
            "count": 18,
            "created_time": "2024-08-29T15:16:40.894323Z",
            "yes_price": 16,
            "no_price": 84,
            "taker_side": "yes"
        },
        {
            "trade_id": "132bdc61-c73a-4d19-95de-d8cd9af6c288",
            "ticker": "HIGHAUS-24AUG29-B89.5",
            "count": 50,
            "created_time": "2024-08-29T15:14:34.355436Z",
            "yes_price": 8,
            "no_price": 92,
            "taker_side": "no"
        },
        {
            "trade_id": "6500b07f-e2c9-400d-804c-edbbdc8d3007",
            "ticker": "HIGHAUS-24AUG29-B89.5",
            "count": 50,
            "created_time": "2024-08-29T15:13:08.172245Z",
            "yes_price": 8,
            "no_price": 92,
            "taker_side": "no"
        },
        {
            "trade_id": "7f6ddc91-3e87-4991-89b3-120e5c4f9a37",
            "ticker": "HIGHAUS-24AUG29-B89.5",
            "count": 2,
            "created_time": "2024-08-29T14:57:22.0919Z",
            "yes_price": 5,
            "no_price": 95,
            "taker_side": "no"
        },
        {
            "trade_id": "16ce18f0-a2e5-4481-8f6f-5f50f466b568",
            "ticker": "HIGHAUS-24AUG29-B89.5",
            "count": 1,
            "created_time": "2024-08-29T14:45:52.106598Z",
            "yes_price": 14,
            "no_price": 86,
            "taker_side": "yes"
        },
        {
            "trade_id": "4b7fe2fb-0d0f-40a3-a5d3-59f6e3e21d40",
            "ticker": "HIGHAUS-24AUG29-B89.5",
            "count": 32,
            "created_time": "2024-08-29T14:45:42.266559Z",
            "yes_price": 6,
            "no_price": 94,
            "taker_side": "yes"
        },
        {
            "trade_id": "d33b69a2-b359-48a8-8531-b6d82528f144",
            "ticker": "HIGHAUS-24AUG29-B89.5",
            "count": 18,
            "created_time": "2024-08-29T14:27:13.550861Z",
            "yes_price": 6,
            "no_price": 94,
            "taker_side": "no"
        },
        {
            "trade_id": "5ac5cd58-ad5b-4643-88fa-ff55e298e371",
            "ticker": "HIGHAUS-24AUG29-B89.5",
            "count": 70,
            "created_time": "2024-08-29T14:24:33.283234Z",
            "yes_price": 6,
            "no_price": 94,
            "taker_side": "yes"
        },
        {
            "trade_id": "01b8613a-f358-4ea8-841e-547e5fe0de82",
            "ticker": "HIGHAUS-24AUG29-B89.5",
            "count": 180,
            "created_time": "2024-08-29T14:22:08.188605Z",
            "yes_price": 6,
            "no_price": 94,
            "taker_side": "no"
        },
        {
            "trade_id": "5c51932d-ca06-4250-b279-43915d9a6d91",
            "ticker": "HIGHAUS-24AUG29-B89.5",
            "count": 21,
            "created_time": "2024-08-29T14:21:28.054775Z",
            "yes_price": 7,
            "no_price": 93,
            "taker_side": "no"
        },
        {
            "trade_id": "84c8b201-b0f4-458c-af27-37b8b6b31bb2",
            "ticker": "HIGHAUS-24AUG29-B89.5",
            "count": 21,
            "created_time": "2024-08-29T14:21:28.028477Z",
            "yes_price": 7,
            "no_price": 93,
            "taker_side": "no"
        },
        {
            "trade_id": "4ef87983-49fb-40fa-9881-9b61594381ac",
            "ticker": "HIGHAUS-24AUG29-B89.5",
            "count": 54,
            "created_time": "2024-08-29T14:21:27.970538Z",
            "yes_price": 7,
            "no_price": 93,
            "taker_side": "no"
        },
        {
            "trade_id": "61462d9f-635f-4ddf-b0bf-50acf39a21f2",
            "ticker": "HIGHAUS-24AUG29-B89.5",
            "count": 50,
            "created_time": "2024-08-29T14:07:13.832717Z",
            "yes_price": 14,
            "no_price": 86,
            "taker_side": "yes"
        },
        {
            "trade_id": "8204076b-3f12-4a40-b7b1-a85499c34bee",
            "ticker": "HIGHAUS-24AUG29-B89.5",
            "count": 150,
            "created_time": "2024-08-29T14:07:00.84557Z",
            "yes_price": 14,
            "no_price": 86,
            "taker_side": "yes"
        },
        {
            "trade_id": "7b54a6e9-c907-4b9b-a71a-aff35c59f925",
            "ticker": "HIGHAUS-24AUG29-B89.5",
            "count": 25,
            "created_time": "2024-08-29T14:01:10.40083Z",
            "yes_price": 9,
            "no_price": 91,
            "taker_side": "no"
        },
        {
            "trade_id": "d30fff47-ecc2-4d7b-acc9-6b2c4506e78c",
            "ticker": "HIGHAUS-24AUG29-B89.5",
            "count": 126,
            "created_time": "2024-08-29T13:41:51.429368Z",
            "yes_price": 12,
            "no_price": 88,
            "taker_side": "no"
        },
        {
            "trade_id": "e52bf00f-3925-44d3-ad94-e9f95c4bfb5b",
            "ticker": "HIGHAUS-24AUG29-B89.5",
            "count": 36,
            "created_time": "2024-08-29T13:32:44.865627Z",
            "yes_price": 14,
            "no_price": 86,
            "taker_side": "yes"
        },
        {
            "trade_id": "102412fc-03d0-4901-b1f1-88b687782021",
            "ticker": "HIGHAUS-24AUG29-B89.5",
            "count": 90,
            "created_time": "2024-08-29T13:32:06.708363Z",
            "yes_price": 14,
            "no_price": 86,
            "taker_side": "no"
        },
        {
            "trade_id": "71406cbb-2975-448c-b63e-b45240955227",
            "ticker": "HIGHAUS-24AUG29-B89.5",
            "count": 51,
            "created_time": "2024-08-29T02:40:47.314087Z",
            "yes_price": 3,
            "no_price": 97,
            "taker_side": "no"
        },
        {
            "trade_id": "b329a033-7687-4e9d-9902-0726249de875",
            "ticker": "HIGHAUS-24AUG29-B89.5",
            "count": 46,
            "created_time": "2024-08-29T02:40:29.714376Z",
            "yes_price": 3,
            "no_price": 97,
            "taker_side": "no"
        },
        {
            "trade_id": "4a0b28b5-c070-4623-9559-43bfd362e260",
            "ticker": "HIGHAUS-24AUG29-B89.5",
            "count": 14,
            "created_time": "2024-08-29T02:31:41.66174Z",
            "yes_price": 7,
            "no_price": 93,
            "taker_side": "no"
        },
        {
            "trade_id": "7b27444f-10a3-47d6-ad40-ff18bf2d4a3b",
            "ticker": "HIGHAUS-24AUG29-B89.5",
            "count": 30,
            "created_time": "2024-08-29T02:31:41.558647Z",
            "yes_price": 7,
            "no_price": 93,
            "taker_side": "no"
        },
        {
            "trade_id": "e9483d01-71f6-4294-bb4d-4d1e315f5eaf",
            "ticker": "HIGHAUS-24AUG29-B89.5",
            "count": 130,
            "created_time": "2024-08-29T02:31:25.751246Z",
            "yes_price": 7,
            "no_price": 93,
            "taker_side": "no"
        },
        {
            "trade_id": "8f7f72db-5063-46ef-b2e4-72c38ee86feb",
            "ticker": "HIGHAUS-24AUG29-B89.5",
            "count": 90,
            "created_time": "2024-08-29T02:31:10.343987Z",
            "yes_price": 7,
            "no_price": 93,
            "taker_side": "no"
        },
        {
            "trade_id": "5e604447-3cd1-4a1a-a68b-7df206d45d09",
            "ticker": "HIGHAUS-24AUG29-B89.5",
            "count": 18,
            "created_time": "2024-08-29T01:33:51.910149Z",
            "yes_price": 7,
            "no_price": 93,
            "taker_side": "no"
        },
        {
            "trade_id": "6d777514-f679-4204-9e4f-2ab701d85f46",
            "ticker": "HIGHAUS-24AUG29-B89.5",
            "count": 18,
            "created_time": "2024-08-29T01:33:40.724959Z",
            "yes_price": 7,
            "no_price": 93,
            "taker_side": "no"
        },
        {
            "trade_id": "9bece8c1-8fe1-4c17-bf4a-32a0f9ea7f95",
            "ticker": "HIGHAUS-24AUG29-B89.5",
            "count": 180,
            "created_time": "2024-08-29T01:33:26.419887Z",
            "yes_price": 11,
            "no_price": 89,
            "taker_side": "yes"
        },
        {
            "trade_id": "27e91ff2-1133-4425-823b-2056b3a59867",
            "ticker": "HIGHAUS-24AUG29-B89.5",
            "count": 180,
            "created_time": "2024-08-29T01:33:26.419887Z",
            "yes_price": 9,
            "no_price": 91,
            "taker_side": "yes"
        },
        {
            "trade_id": "228a1494-5a52-4e79-a079-a693f864a53a",
            "ticker": "HIGHAUS-24AUG29-B89.5",
            "count": 180,
            "created_time": "2024-08-29T01:33:26.419887Z",
            "yes_price": 10,
            "no_price": 90,
            "taker_side": "yes"
        },
        {
            "trade_id": "50fceccf-1518-4e19-ba98-9d0b9b347b73",
            "ticker": "HIGHAUS-24AUG29-B89.5",
            "count": 18,
            "created_time": "2024-08-29T01:16:54.420202Z",
            "yes_price": 7,
            "no_price": 93,
            "taker_side": "no"
        },
        {
            "trade_id": "25c2f49a-6c11-4cad-8966-f73396ff3677",
            "ticker": "HIGHAUS-24AUG29-B89.5",
            "count": 10,
            "created_time": "2024-08-29T01:15:25.428561Z",
            "yes_price": 7,
            "no_price": 93,
            "taker_side": "no"
        },
        {
            "trade_id": "5642e66e-f52a-4eb5-9aa2-0822ea65e7f3",
            "ticker": "HIGHAUS-24AUG29-B89.5",
            "count": 120,
            "created_time": "2024-08-28T21:12:04.268654Z",
            "yes_price": 14,
            "no_price": 86,
            "taker_side": "yes"
        },
        {
            "trade_id": "d147d75d-4065-4ec3-acf3-d3758d41b0a1",
            "ticker": "HIGHAUS-24AUG29-B89.5",
            "count": 40,
            "created_time": "2024-08-28T20:08:28.792055Z",
            "yes_price": 15,
            "no_price": 85,
            "taker_side": "yes"
        },
        {
            "trade_id": "03d58382-1a6e-4e3f-a7eb-17e53488ad68",
            "ticker": "HIGHAUS-24AUG29-B89.5",
            "count": 1,
            "created_time": "2024-08-28T17:30:27.663577Z",
            "yes_price": 28,
            "no_price": 72,
            "taker_side": "no"
        },
        {
            "trade_id": "db4ea70d-a373-458c-9401-43fddd8309bf",
            "ticker": "HIGHAUS-24AUG29-B89.5",
            "count": 10,
            "created_time": "2024-08-28T17:09:12.767989Z",
            "yes_price": 28,
            "no_price": 72,
            "taker_side": "no"
        },
        {
            "trade_id": "e31cde59-3932-4531-b939-e3517b9f5b95",
            "ticker": "HIGHAUS-24AUG29-B89.5",
            "count": 22,
            "created_time": "2024-08-28T16:45:31.135188Z",
            "yes_price": 23,
            "no_price": 77,
            "taker_side": "no"
        },
        {
            "trade_id": "5caa1a45-f146-4763-9af3-1082d20d53db",
            "ticker": "HIGHAUS-24AUG29-B89.5",
            "count": 3,
            "created_time": "2024-08-28T16:45:31.135188Z",
            "yes_price": 23,
            "no_price": 77,
            "taker_side": "no"
        },
        {
            "trade_id": "1f585678-6850-4fc9-a0e9-e2f65adf8486",
            "ticker": "HIGHAUS-24AUG29-B89.5",
            "count": 25,
            "created_time": "2024-08-28T16:12:36.457612Z",
            "yes_price": 30,
            "no_price": 70,
            "taker_side": "no"
        },
        {
            "trade_id": "5b1af287-5017-4bc6-95f0-f0dcb16b9f53",
            "ticker": "HIGHAUS-24AUG29-B89.5",
            "count": 50,
            "created_time": "2024-08-28T16:08:44.028603Z",
            "yes_price": 30,
            "no_price": 70,
            "taker_side": "no"
        },
        {
            "trade_id": "fe0a5b4a-65c1-4b4c-991d-c645bc69f0fb",
            "ticker": "HIGHAUS-24AUG29-B89.5",
            "count": 25,
            "created_time": "2024-08-28T14:37:04.160169Z",
            "yes_price": 30,
            "no_price": 70,
            "taker_side": "no"
        }
    ],
    "HIGHAUS-24AUG29-B91.5": [
        {
            "trade_id": "7c982485-923c-456a-bd65-94963f077d1a",
            "ticker": "HIGHAUS-24AUG29-B91.5",
            "count": 3,
            "created_time": "2024-08-29T21:37:01.685296Z",
            "yes_price": 3,
            "no_price": 97,
            "taker_side": "yes"
        },
        {
            "trade_id": "9d430f33-b3eb-4722-a638-764e60da3825",
            "ticker": "HIGHAUS-24AUG29-B91.5",
            "count": 100,
            "created_time": "2024-08-29T20:55:42.52702Z",
            "yes_price": 1,
            "no_price": 99,
            "taker_side": "no"
        },
        {
            "trade_id": "89c23355-6465-430f-8338-4797c344ad00",
            "ticker": "HIGHAUS-24AUG29-B91.5",
            "count": 100,
            "created_time": "2024-08-29T20:55:42.52702Z",
            "yes_price": 1,
            "no_price": 99,
            "taker_side": "no"
        },
        {
            "trade_id": "ee162886-d9f9-4ae5-86a1-acd3805f3fb9",
            "ticker": "HIGHAUS-24AUG29-B91.5",
            "count": 50,
            "created_time": "2024-08-29T20:44:37.848757Z",
            "yes_price": 1,
            "no_price": 99,
            "taker_side": "no"
        },
        {
            "trade_id": "7469b743-eb61-4190-8268-c1869175634a",
            "ticker": "HIGHAUS-24AUG29-B91.5",
            "count": 400,
            "created_time": "2024-08-29T20:44:37.848757Z",
            "yes_price": 1,
            "no_price": 99,
            "taker_side": "no"
        },
        {
            "trade_id": "3c2f1ccf-f739-4e77-a933-8403f5a61b9b",
            "ticker": "HIGHAUS-24AUG29-B91.5",
            "count": 100,
            "created_time": "2024-08-29T20:44:37.848757Z",
            "yes_price": 2,
            "no_price": 98,
            "taker_side": "no"
        },
        {
            "trade_id": "360671c6-258e-4b16-8751-e509a10dfe65",
            "ticker": "HIGHAUS-24AUG29-B91.5",
            "count": 99,
            "created_time": "2024-08-29T20:44:37.848757Z",
            "yes_price": 5,
            "no_price": 95,
            "taker_side": "no"
        },
        {
            "trade_id": "cc6e7e68-ab46-422c-b8d4-ddc637c01493",
            "ticker": "HIGHAUS-24AUG29-B91.5",
            "count": 1,
            "created_time": "2024-08-29T20:38:16.106006Z",
            "yes_price": 5,
            "no_price": 95,
            "taker_side": "no"
        },
        {
            "trade_id": "e57f9408-2616-4b7d-a109-36e193e9536c",
            "ticker": "HIGHAUS-24AUG29-B91.5",
            "count": 51,
            "created_time": "2024-08-29T20:37:16.05434Z",
            "yes_price": 44,
            "no_price": 56,
            "taker_side": "yes"
        },
        {
            "trade_id": "9d1fa08e-892a-4504-aeeb-9c987ea55100",
            "ticker": "HIGHAUS-24AUG29-B91.5",
            "count": 50,
            "created_time": "2024-08-29T20:37:16.05434Z",
            "yes_price": 18,
            "no_price": 82,
            "taker_side": "yes"
        },
        {
            "trade_id": "6f9ed85c-52db-4bd5-91c6-6fcda08c4a9c",
            "ticker": "HIGHAUS-24AUG29-B91.5",
            "count": 99,
            "created_time": "2024-08-29T20:37:16.05434Z",
            "yes_price": 12,
            "no_price": 88,
            "taker_side": "yes"
        },
        {
            "trade_id": "5ebb368c-5ddb-424b-a042-1a95bb0a6819",
            "ticker": "HIGHAUS-24AUG29-B91.5",
            "count": 49,
            "created_time": "2024-08-29T20:37:16.05434Z",
            "yes_price": 20,
            "no_price": 80,
            "taker_side": "yes"
        },
        {
            "trade_id": "5719d40b-4051-44a0-94f8-182b1dfb7b5a",
            "ticker": "HIGHAUS-24AUG29-B91.5",
            "count": 1,
            "created_time": "2024-08-29T20:33:39.754485Z",
            "yes_price": 20,
            "no_price": 80,
            "taker_side": "yes"
        },
        {
            "trade_id": "896c76a8-f343-46e3-a2ff-6e142534e189",
            "ticker": "HIGHAUS-24AUG29-B91.5",
            "count": 35,
            "created_time": "2024-08-29T20:33:06.710791Z",
            "yes_price": 10,
            "no_price": 90,
            "taker_side": "yes"
        },
        {
            "trade_id": "ce9fd90c-1627-4d5d-b7c9-ca99f61caea4",
            "ticker": "HIGHAUS-24AUG29-B91.5",
            "count": 300,
            "created_time": "2024-08-29T20:28:10.860734Z",
            "yes_price": 35,
            "no_price": 65,
            "taker_side": "no"
        },
        {
            "trade_id": "eb534099-9340-4956-8788-69e71b18603b",
            "ticker": "HIGHAUS-24AUG29-B91.5",
            "count": 200,
            "created_time": "2024-08-29T20:13:21.08408Z",
            "yes_price": 12,
            "no_price": 88,
            "taker_side": "yes"
        },
        {
            "trade_id": "70ca5c79-4097-48b7-8692-2f24ac0ba593",
            "ticker": "HIGHAUS-24AUG29-B91.5",
            "count": 2,
            "created_time": "2024-08-29T19:55:00.251284Z",
            "yes_price": 35,
            "no_price": 65,
            "taker_side": "no"
        },
        {
            "trade_id": "8d40fcef-6a65-4ca5-a5b7-aab4766f2bef",
            "ticker": "HIGHAUS-24AUG29-B91.5",
            "count": 20,
            "created_time": "2024-08-29T19:35:42.200981Z",
            "yes_price": 57,
            "no_price": 43,
            "taker_side": "no"
        },
        {
            "trade_id": "42a48a9d-cee1-43fd-a053-26e77d8959e5",
            "ticker": "HIGHAUS-24AUG29-B91.5",
            "count": 11,
            "created_time": "2024-08-29T19:35:30.961374Z",
            "yes_price": 58,
            "no_price": 42,
            "taker_side": "no"
        },
        {
            "trade_id": "d485ab05-7433-43a9-987e-a8b28638e91f",
            "ticker": "HIGHAUS-24AUG29-B91.5",
            "count": 100,
            "created_time": "2024-08-29T19:31:24.054896Z",
            "yes_price": 68,
            "no_price": 32,
            "taker_side": "yes"
        },
        {
            "trade_id": "2ca141ef-e048-4c89-939a-fe3aa2bac5d6",
            "ticker": "HIGHAUS-24AUG29-B91.5",
            "count": 14,
            "created_time": "2024-08-29T17:33:56.242479Z",
            "yes_price": 65,
            "no_price": 35,
            "taker_side": "yes"
        },
        {
            "trade_id": "4f66883d-39e6-46b7-8184-a13a32ca5acd",
            "ticker": "HIGHAUS-24AUG29-B91.5",
            "count": 186,
            "created_time": "2024-08-29T17:23:24.234428Z",
            "yes_price": 65,
            "no_price": 35,
            "taker_side": "yes"
        },
        {
            "trade_id": "fbb6f1c4-7412-4c2f-9154-cb4443648c7d",
            "ticker": "HIGHAUS-24AUG29-B91.5",
            "count": 50,
            "created_time": "2024-08-29T16:53:53.023241Z",
            "yes_price": 60,
            "no_price": 40,
            "taker_side": "yes"
        },
        {
            "trade_id": "ee211e78-a746-4e50-bbe7-f17768349dc8",
            "ticker": "HIGHAUS-24AUG29-B91.5",
            "count": 11,
            "created_time": "2024-08-29T15:42:38.95902Z",
            "yes_price": 67,
            "no_price": 33,
            "taker_side": "yes"
        },
        {
            "trade_id": "b5fedbee-a111-4eae-9dca-1cf7e1efd117",
            "ticker": "HIGHAUS-24AUG29-B91.5",
            "count": 11,
            "created_time": "2024-08-29T15:42:38.95902Z",
            "yes_price": 66,
            "no_price": 34,
            "taker_side": "yes"
        },
        {
            "trade_id": "ddb21221-b7e3-4f30-adab-2a5ee45b2c3d",
            "ticker": "HIGHAUS-24AUG29-B91.5",
            "count": 36,
            "created_time": "2024-08-29T15:23:37.90303Z",
            "yes_price": 67,
            "no_price": 33,
            "taker_side": "yes"
        },
        {
            "trade_id": "0e5c7162-50f0-432c-b2bb-0d4b6a3ab097",
            "ticker": "HIGHAUS-24AUG29-B91.5",
            "count": 24,
            "created_time": "2024-08-29T15:23:37.90303Z",
            "yes_price": 68,
            "no_price": 32,
            "taker_side": "yes"
        },
        {
            "trade_id": "59ba9673-2e73-4d91-a394-df7b90bf2776",
            "ticker": "HIGHAUS-24AUG29-B91.5",
            "count": 54,
            "created_time": "2024-08-29T15:15:01.760415Z",
            "yes_price": 59,
            "no_price": 41,
            "taker_side": "no"
        },
        {
            "trade_id": "cb5b621b-95e0-415e-bac4-a5de4833fe84",
            "ticker": "HIGHAUS-24AUG29-B91.5",
            "count": 72,
            "created_time": "2024-08-29T15:10:46.860551Z",
            "yes_price": 63,
            "no_price": 37,
            "taker_side": "no"
        },
        {
            "trade_id": "3f9fcd99-4f83-4a98-aba7-8c2952a7c6c9",
            "ticker": "HIGHAUS-24AUG29-B91.5",
            "count": 177,
            "created_time": "2024-08-29T15:10:46.860551Z",
            "yes_price": 61,
            "no_price": 39,
            "taker_side": "no"
        },
        {
            "trade_id": "6c4b4b5d-f98b-4350-a0dc-433347c16c44",
            "ticker": "HIGHAUS-24AUG29-B91.5",
            "count": 2,
            "created_time": "2024-08-29T15:08:45.375392Z",
            "yes_price": 66,
            "no_price": 34,
            "taker_side": "yes"
        },
        {
            "trade_id": "1ce1bff3-f159-4449-bab3-674f1f39ca2d",
            "ticker": "HIGHAUS-24AUG29-B91.5",
            "count": 36,
            "created_time": "2024-08-29T15:04:42.308622Z",
            "yes_price": 66,
            "no_price": 34,
            "taker_side": "yes"
        },
        {
            "trade_id": "7d9a3e57-2a4e-4926-b5fb-65d75b8bd704",
            "ticker": "HIGHAUS-24AUG29-B91.5",
            "count": 200,
            "created_time": "2024-08-29T15:01:33.440224Z",
            "yes_price": 64,
            "no_price": 36,
            "taker_side": "yes"
        },
        {
            "trade_id": "4d3df835-71f4-4386-b623-57ff79476b2d",
            "ticker": "HIGHAUS-24AUG29-B91.5",
            "count": 100,
            "created_time": "2024-08-29T15:01:33.440224Z",
            "yes_price": 61,
            "no_price": 39,
            "taker_side": "yes"
        },
        {
            "trade_id": "373d7549-4060-43f8-90f4-a24ec9d8d758",
            "ticker": "HIGHAUS-24AUG29-B91.5",
            "count": 200,
            "created_time": "2024-08-29T15:01:33.440224Z",
            "yes_price": 62,
            "no_price": 38,
            "taker_side": "yes"
        },
        {
            "trade_id": "60d7fc06-5160-4bae-94c9-4d4eaa39d5e0",
            "ticker": "HIGHAUS-24AUG29-B91.5",
            "count": 2,
            "created_time": "2024-08-29T14:57:22.08608Z",
            "yes_price": 59,
            "no_price": 41,
            "taker_side": "no"
        },
        {
            "trade_id": "ddb6749d-5e8c-44ee-998f-a0fcfc5e1452",
            "ticker": "HIGHAUS-24AUG29-B91.5",
            "count": 50,
            "created_time": "2024-08-29T14:27:59.408755Z",
            "yes_price": 61,
            "no_price": 39,
            "taker_side": "yes"
        },
        {
            "trade_id": "087e77df-1c58-4240-b5c4-e135f2c6d640",
            "ticker": "HIGHAUS-24AUG29-B91.5",
            "count": 54,
            "created_time": "2024-08-29T14:27:33.630823Z",
            "yes_price": 60,
            "no_price": 40,
            "taker_side": "yes"
        },
        {
            "trade_id": "b3fcb033-f3f0-4bc3-99cf-0e916432131e",
            "ticker": "HIGHAUS-24AUG29-B91.5",
            "count": 77,
            "created_time": "2024-08-29T14:26:18.722479Z",
            "yes_price": 50,
            "no_price": 50,
            "taker_side": "yes"
        },
        {
            "trade_id": "61c5fd4a-61c7-4d5b-af48-269e8f6f1dca",
            "ticker": "HIGHAUS-24AUG29-B91.5",
            "count": 105,
            "created_time": "2024-08-29T14:26:18.722479Z",
            "yes_price": 60,
            "no_price": 40,
            "taker_side": "yes"
        },
        {
            "trade_id": "45edfa1b-9eaf-4522-9731-b90b3da70281",
            "ticker": "HIGHAUS-24AUG29-B91.5",
            "count": 18,
            "created_time": "2024-08-29T14:26:18.722479Z",
            "yes_price": 58,
            "no_price": 42,
            "taker_side": "yes"
        },
        {
            "trade_id": "8c92c761-f030-4a4e-80a9-cb19b2091af1",
            "ticker": "HIGHAUS-24AUG29-B91.5",
            "count": 90,
            "created_time": "2024-08-29T14:24:43.950109Z",
            "yes_price": 50,
            "no_price": 50,
            "taker_side": "yes"
        },
        {
            "trade_id": "a0f57024-3705-4ff6-8173-0845fddaa670",
            "ticker": "HIGHAUS-24AUG29-B91.5",
            "count": 3,
            "created_time": "2024-08-29T14:24:33.320208Z",
            "yes_price": 49,
            "no_price": 51,
            "taker_side": "yes"
        },
        {
            "trade_id": "372d1451-ac7a-4af5-a235-ca8f4093c856",
            "ticker": "HIGHAUS-24AUG29-B91.5",
            "count": 15,
            "created_time": "2024-08-29T14:24:33.320208Z",
            "yes_price": 50,
            "no_price": 50,
            "taker_side": "yes"
        },
        {
            "trade_id": "387a01ca-f760-45c9-b4a0-cf5696ba82b5",
            "ticker": "HIGHAUS-24AUG29-B91.5",
            "count": 21,
            "created_time": "2024-08-29T14:21:28.063173Z",
            "yes_price": 46,
            "no_price": 54,
            "taker_side": "no"
        },
        {
            "trade_id": "2ce4de96-4b59-4b90-a126-6351207f77f0",
            "ticker": "HIGHAUS-24AUG29-B91.5",
            "count": 18,
            "created_time": "2024-08-29T14:21:28.023678Z",
            "yes_price": 49,
            "no_price": 51,
            "taker_side": "no"
        },
        {
            "trade_id": "f9366a5a-c3d7-4c38-9d9d-96b4e873bc7a",
            "ticker": "HIGHAUS-24AUG29-B91.5",
            "count": 54,
            "created_time": "2024-08-29T14:21:27.98401Z",
            "yes_price": 49,
            "no_price": 51,
            "taker_side": "no"
        },
        {
            "trade_id": "6c0c8f8e-9047-4cee-9d44-1d417409bbfb",
            "ticker": "HIGHAUS-24AUG29-B91.5",
            "count": 18,
            "created_time": "2024-08-29T14:20:52.070189Z",
            "yes_price": 50,
            "no_price": 50,
            "taker_side": "yes"
        },
        {
            "trade_id": "fb3acc62-1673-42c5-b1cc-5feff7b2b081",
            "ticker": "HIGHAUS-24AUG29-B91.5",
            "count": 25,
            "created_time": "2024-08-29T14:01:10.409426Z",
            "yes_price": 54,
            "no_price": 46,
            "taker_side": "no"
        },
        {
            "trade_id": "9c8c45c8-e8d0-43e4-9cad-eed12ec69dfa",
            "ticker": "HIGHAUS-24AUG29-B91.5",
            "count": 20,
            "created_time": "2024-08-29T13:18:04.634012Z",
            "yes_price": 54,
            "no_price": 46,
            "taker_side": "no"
        },
        {
            "trade_id": "1b0f2078-d2e5-42b6-bcd4-36afffd06664",
            "ticker": "HIGHAUS-24AUG29-B91.5",
            "count": 104,
            "created_time": "2024-08-29T13:12:24.094359Z",
            "yes_price": 54,
            "no_price": 46,
            "taker_side": "no"
        },
        {
            "trade_id": "f272463e-4df6-4c3d-95ab-179678b5e848",
            "ticker": "HIGHAUS-24AUG29-B91.5",
            "count": 3,
            "created_time": "2024-08-29T13:05:17.182853Z",
            "yes_price": 62,
            "no_price": 38,
            "taker_side": "yes"
        },
        {
            "trade_id": "bb1ad932-3fe8-49e9-af9a-862121d2edd3",
            "ticker": "HIGHAUS-24AUG29-B91.5",
            "count": 5,
            "created_time": "2024-08-29T12:58:36.287301Z",
            "yes_price": 62,
            "no_price": 38,
            "taker_side": "yes"
        },
        {
            "trade_id": "f1b326fc-454d-4df5-a4f8-b3668496511a",
            "ticker": "HIGHAUS-24AUG29-B91.5",
            "count": 18,
            "created_time": "2024-08-29T12:36:49.803847Z",
            "yes_price": 61,
            "no_price": 39,
            "taker_side": "yes"
        },
        {
            "trade_id": "de57e2f5-29aa-457e-9676-121a8b3ceabc",
            "ticker": "HIGHAUS-24AUG29-B91.5",
            "count": 7,
            "created_time": "2024-08-29T12:36:49.803847Z",
            "yes_price": 63,
            "no_price": 37,
            "taker_side": "yes"
        },
        {
            "trade_id": "e28a270c-bc2e-4b33-baac-55cf9f962a89",
            "ticker": "HIGHAUS-24AUG29-B91.5",
            "count": 170,
            "created_time": "2024-08-29T12:30:09.207727Z",
            "yes_price": 56,
            "no_price": 44,
            "taker_side": "no"
        },
        {
            "trade_id": "8fd02c87-2d2a-45bc-9e20-d0dd073897bf",
            "ticker": "HIGHAUS-24AUG29-B91.5",
            "count": 180,
            "created_time": "2024-08-29T12:30:09.207727Z",
            "yes_price": 59,
            "no_price": 41,
            "taker_side": "no"
        },
        {
            "trade_id": "6fd5eeaa-b67d-494f-a2d1-74456c6612ff",
            "ticker": "HIGHAUS-24AUG29-B91.5",
            "count": 54,
            "created_time": "2024-08-29T12:30:09.207727Z",
            "yes_price": 61,
            "no_price": 39,
            "taker_side": "no"
        },
        {
            "trade_id": "065a0b10-38e7-4cf8-8012-006e9222c56d",
            "ticker": "HIGHAUS-24AUG29-B91.5",
            "count": 60,
            "created_time": "2024-08-29T12:30:09.207727Z",
            "yes_price": 63,
            "no_price": 37,
            "taker_side": "no"
        },
        {
            "trade_id": "43be13f8-5057-43af-a333-d0ef061a898b",
            "ticker": "HIGHAUS-24AUG29-B91.5",
            "count": 40,
            "created_time": "2024-08-29T12:18:19.820826Z",
            "yes_price": 69,
            "no_price": 31,
            "taker_side": "yes"
        },
        {
            "trade_id": "7f28d2b4-b888-47aa-ab4c-ae21d5cb2413",
            "ticker": "HIGHAUS-24AUG29-B91.5",
            "count": 20,
            "created_time": "2024-08-29T12:09:54.983837Z",
            "yes_price": 69,
            "no_price": 31,
            "taker_side": "yes"
        },
        {
            "trade_id": "17a3bed4-f7d3-4779-8b6c-b36e984cc63f",
            "ticker": "HIGHAUS-24AUG29-B91.5",
            "count": 47,
            "created_time": "2024-08-29T03:16:09.012972Z",
            "yes_price": 40,
            "no_price": 60,
            "taker_side": "yes"
        },
        {
            "trade_id": "653f6bba-a9c0-4135-a1ff-58c756142d18",
            "ticker": "HIGHAUS-24AUG29-B91.5",
            "count": 51,
            "created_time": "2024-08-29T02:40:47.224649Z",
            "yes_price": 32,
            "no_price": 68,
            "taker_side": "yes"
        },
        {
            "trade_id": "863e26c5-787b-4044-98ee-bb21889f82fb",
            "ticker": "HIGHAUS-24AUG29-B91.5",
            "count": 46,
            "created_time": "2024-08-29T02:40:29.635782Z",
            "yes_price": 32,
            "no_price": 68,
            "taker_side": "yes"
        },
        {
            "trade_id": "7f953148-f206-438b-94c2-ee2dbf0fac28",
            "ticker": "HIGHAUS-24AUG29-B91.5",
            "count": 36,
            "created_time": "2024-08-29T02:33:49.208702Z",
            "yes_price": 27,
            "no_price": 73,
            "taker_side": "no"
        },
        {
            "trade_id": "15eac338-af74-4883-aa00-743016a65f5a",
            "ticker": "HIGHAUS-24AUG29-B91.5",
            "count": 14,
            "created_time": "2024-08-29T02:31:41.631649Z",
            "yes_price": 30,
            "no_price": 70,
            "taker_side": "no"
        },
        {
            "trade_id": "3a557b9e-aad6-4a4d-899a-41056cd32d9e",
            "ticker": "HIGHAUS-24AUG29-B91.5",
            "count": 30,
            "created_time": "2024-08-29T02:31:41.561463Z",
            "yes_price": 30,
            "no_price": 70,
            "taker_side": "no"
        },
        {
            "trade_id": "7c11c0da-dc72-40e4-859b-89c9642a08db",
            "ticker": "HIGHAUS-24AUG29-B91.5",
            "count": 130,
            "created_time": "2024-08-29T02:31:25.752505Z",
            "yes_price": 30,
            "no_price": 70,
            "taker_side": "no"
        },
        {
            "trade_id": "215f2985-b4a7-45d7-8c90-73a1a143ac80",
            "ticker": "HIGHAUS-24AUG29-B91.5",
            "count": 90,
            "created_time": "2024-08-29T02:31:10.308405Z",
            "yes_price": 30,
            "no_price": 70,
            "taker_side": "no"
        },
        {
            "trade_id": "b00d83c0-4a5e-45e9-ba4e-e0e93725e3a0",
            "ticker": "HIGHAUS-24AUG29-B91.5",
            "count": 300,
            "created_time": "2024-08-29T02:08:09.04475Z",
            "yes_price": 38,
            "no_price": 62,
            "taker_side": "no"
        },
        {
            "trade_id": "4c36ce34-dd9e-4ac0-a80a-3352ce3df2c5",
            "ticker": "HIGHAUS-24AUG29-B91.5",
            "count": 18,
            "created_time": "2024-08-29T01:33:51.799941Z",
            "yes_price": 40,
            "no_price": 60,
            "taker_side": "yes"
        },
        {
            "trade_id": "f92a3e1c-9d2f-4c74-87e0-d83236f1f7b7",
            "ticker": "HIGHAUS-24AUG29-B91.5",
            "count": 72,
            "created_time": "2024-08-29T01:33:40.603165Z",
            "yes_price": 39,
            "no_price": 61,
            "taker_side": "yes"
        },
        {
            "trade_id": "47074fa4-4ae8-4632-ae5e-070dd5d8b2fc",
            "ticker": "HIGHAUS-24AUG29-B91.5",
            "count": 18,
            "created_time": "2024-08-29T01:33:40.603165Z",
            "yes_price": 39,
            "no_price": 61,
            "taker_side": "yes"
        },
        {
            "trade_id": "1d8a4f33-487c-4d17-abe5-9dac2b11ae85",
            "ticker": "HIGHAUS-24AUG29-B91.5",
            "count": 90,
            "created_time": "2024-08-29T01:23:44.427509Z",
            "yes_price": 33,
            "no_price": 67,
            "taker_side": "yes"
        },
        {
            "trade_id": "440712d7-8b7c-452f-bab5-75ab569616e2",
            "ticker": "HIGHAUS-24AUG29-B91.5",
            "count": 108,
            "created_time": "2024-08-29T01:23:13.479708Z",
            "yes_price": 32,
            "no_price": 68,
            "taker_side": "no"
        },
        {
            "trade_id": "cc6f2204-624f-4195-8b47-5c7fed747965",
            "ticker": "HIGHAUS-24AUG29-B91.5",
            "count": 90,
            "created_time": "2024-08-29T01:23:02.691802Z",
            "yes_price": 31,
            "no_price": 69,
            "taker_side": "yes"
        },
        {
            "trade_id": "66c86b32-541a-4962-a185-d3ac068d9e03",
            "ticker": "HIGHAUS-24AUG29-B91.5",
            "count": 90,
            "created_time": "2024-08-29T01:22:30.303489Z",
            "yes_price": 30,
            "no_price": 70,
            "taker_side": "yes"
        },
        {
            "trade_id": "35503010-3141-4119-bb30-6ee41ae3567e",
            "ticker": "HIGHAUS-24AUG29-B91.5",
            "count": 18,
            "created_time": "2024-08-29T01:16:54.354769Z",
            "yes_price": 29,
            "no_price": 71,
            "taker_side": "no"
        },
        {
            "trade_id": "10cbaa56-2281-469e-bcd6-0d1a206c2850",
            "ticker": "HIGHAUS-24AUG29-B91.5",
            "count": 90,
            "created_time": "2024-08-29T01:16:39.130511Z",
            "yes_price": 29,
            "no_price": 71,
            "taker_side": "no"
        },
        {
            "trade_id": "deb5af57-bd98-45c1-b6fc-1bb086f9b760",
            "ticker": "HIGHAUS-24AUG29-B91.5",
            "count": 10,
            "created_time": "2024-08-29T01:15:31.76059Z",
            "yes_price": 30,
            "no_price": 70,
            "taker_side": "yes"
        },
        {
            "trade_id": "7b6bae9a-a3cc-4c10-a4f1-dcf1d2807a90",
            "ticker": "HIGHAUS-24AUG29-B91.5",
            "count": 10,
            "created_time": "2024-08-29T01:15:25.429589Z",
            "yes_price": 29,
            "no_price": 71,
            "taker_side": "no"
        },
        {
            "trade_id": "15198271-a6b9-44d2-8c96-a79268753ffd",
            "ticker": "HIGHAUS-24AUG29-B91.5",
            "count": 90,
            "created_time": "2024-08-29T01:12:39.400299Z",
            "yes_price": 29,
            "no_price": 71,
            "taker_side": "no"
        },
        {
            "trade_id": "c7783931-5b66-4830-ad37-e82740111577",
            "ticker": "HIGHAUS-24AUG29-B91.5",
            "count": 54,
            "created_time": "2024-08-29T01:08:34.61203Z",
            "yes_price": 29,
            "no_price": 71,
            "taker_side": "no"
        },
        {
            "trade_id": "373fb511-4419-4e2e-8c2f-3ed5557468f5",
            "ticker": "HIGHAUS-24AUG29-B91.5",
            "count": 15,
            "created_time": "2024-08-29T00:59:16.036763Z",
            "yes_price": 33,
            "no_price": 67,
            "taker_side": "no"
        },
        {
            "trade_id": "9800b15a-282b-45a4-a4c6-55d3d7d3bec6",
            "ticker": "HIGHAUS-24AUG29-B91.5",
            "count": 28,
            "created_time": "2024-08-29T00:28:20.085059Z",
            "yes_price": 40,
            "no_price": 60,
            "taker_side": "no"
        },
        {
            "trade_id": "5e26295b-fcbe-4fd6-8790-8fad8f0a480c",
            "ticker": "HIGHAUS-24AUG29-B91.5",
            "count": 54,
            "created_time": "2024-08-29T00:28:20.085059Z",
            "yes_price": 42,
            "no_price": 58,
            "taker_side": "no"
        },
        {
            "trade_id": "1b69f25c-875c-4508-88e4-e47548869ba0",
            "ticker": "HIGHAUS-24AUG29-B91.5",
            "count": 39,
            "created_time": "2024-08-29T00:16:04.926442Z",
            "yes_price": 49,
            "no_price": 51,
            "taker_side": "yes"
        },
        {
            "trade_id": "d1c3f658-7041-459a-9542-e594715cdd14",
            "ticker": "HIGHAUS-24AUG29-B91.5",
            "count": 20,
            "created_time": "2024-08-28T23:30:16.352474Z",
            "yes_price": 44,
            "no_price": 56,
            "taker_side": "yes"
        },
        {
            "trade_id": "85e4bf01-8b81-4fe6-995d-f30848157306",
            "ticker": "HIGHAUS-24AUG29-B91.5",
            "count": 80,
            "created_time": "2024-08-28T23:29:34.503425Z",
            "yes_price": 44,
            "no_price": 56,
            "taker_side": "yes"
        },
        {
            "trade_id": "a2f07cc5-443e-4d6d-9b06-d0cd25389397",
            "ticker": "HIGHAUS-24AUG29-B91.5",
            "count": 74,
            "created_time": "2024-08-28T22:00:30.521766Z",
            "yes_price": 49,
            "no_price": 51,
            "taker_side": "yes"
        },
        {
            "trade_id": "26919461-2b6e-403f-b273-bd3ab761a13d",
            "ticker": "HIGHAUS-24AUG29-B91.5",
            "count": 66,
            "created_time": "2024-08-28T21:59:07.986978Z",
            "yes_price": 48,
            "no_price": 52,
            "taker_side": "no"
        },
        {
            "trade_id": "d35247a4-8ff4-48e7-b268-add04e51d78b",
            "ticker": "HIGHAUS-24AUG29-B91.5",
            "count": 26,
            "created_time": "2024-08-28T21:57:53.770076Z",
            "yes_price": 49,
            "no_price": 51,
            "taker_side": "yes"
        },
        {
            "trade_id": "0ae856ab-108d-4755-b81c-e8e3dc3604dd",
            "ticker": "HIGHAUS-24AUG29-B91.5",
            "count": 19,
            "created_time": "2024-08-28T19:59:09.956534Z",
            "yes_price": 45,
            "no_price": 55,
            "taker_side": "no"
        },
        {
            "trade_id": "8b9b061f-bc44-461f-a72f-1a7ab816590a",
            "ticker": "HIGHAUS-24AUG29-B91.5",
            "count": 1,
            "created_time": "2024-08-28T18:35:22.402525Z",
            "yes_price": 46,
            "no_price": 54,
            "taker_side": "no"
        },
        {
            "trade_id": "6605805b-1a6c-41dd-a2c0-6b7615282861",
            "ticker": "HIGHAUS-24AUG29-B91.5",
            "count": 20,
            "created_time": "2024-08-28T18:06:10.288993Z",
            "yes_price": 44,
            "no_price": 56,
            "taker_side": "no"
        },
        {
            "trade_id": "167d7dd2-059d-4185-b298-009f8147409b",
            "ticker": "HIGHAUS-24AUG29-B91.5",
            "count": 6,
            "created_time": "2024-08-28T18:06:10.288993Z",
            "yes_price": 42,
            "no_price": 58,
            "taker_side": "no"
        },
        {
            "trade_id": "e1fd55ac-f4fd-4b92-a159-81f9ff8a266e",
            "ticker": "HIGHAUS-24AUG29-B91.5",
            "count": 40,
            "created_time": "2024-08-28T17:49:04.562873Z",
            "yes_price": 50,
            "no_price": 50,
            "taker_side": "yes"
        },
        {
            "trade_id": "d89e7a71-546a-48e3-8826-7f1be406d903",
            "ticker": "HIGHAUS-24AUG29-B91.5",
            "count": 40,
            "created_time": "2024-08-28T17:38:40.796099Z",
            "yes_price": 44,
            "no_price": 56,
            "taker_side": "yes"
        },
        {
            "trade_id": "bf7896d2-854b-4781-bf05-afd6aa8542be",
            "ticker": "HIGHAUS-24AUG29-B91.5",
            "count": 200,
            "created_time": "2024-08-28T17:38:40.796099Z",
            "yes_price": 48,
            "no_price": 52,
            "taker_side": "yes"
        },
        {
            "trade_id": "b69f3a7a-d5bf-46fb-aaeb-dea5a40556e4",
            "ticker": "HIGHAUS-24AUG29-B91.5",
            "count": 200,
            "created_time": "2024-08-28T17:38:40.796099Z",
            "yes_price": 45,
            "no_price": 55,
            "taker_side": "yes"
        },
        {
            "trade_id": "e171817b-6e07-46a6-8d66-8100f95d3c53",
            "ticker": "HIGHAUS-24AUG29-B91.5",
            "count": 10,
            "created_time": "2024-08-28T17:36:15.692184Z",
            "yes_price": 44,
            "no_price": 56,
            "taker_side": "no"
        },
        {
            "trade_id": "9e3c03de-2cfc-423d-ac4f-c8b6a1ea1ba4",
            "ticker": "HIGHAUS-24AUG29-B91.5",
            "count": 40,
            "created_time": "2024-08-28T16:45:10.862533Z",
            "yes_price": 49,
            "no_price": 51,
            "taker_side": "yes"
        },
        {
            "trade_id": "db289c97-385c-4e77-8857-5539703b2abf",
            "ticker": "HIGHAUS-24AUG29-B91.5",
            "count": 40,
            "created_time": "2024-08-28T16:37:12.202755Z",
            "yes_price": 48,
            "no_price": 52,
            "taker_side": "yes"
        },
        {
            "trade_id": "ed28627c-daff-488a-bac9-3ecf73619129",
            "ticker": "HIGHAUS-24AUG29-B91.5",
            "count": 60,
            "created_time": "2024-08-28T16:36:48.670318Z",
            "yes_price": 47,
            "no_price": 53,
            "taker_side": "yes"
        },
        {
            "trade_id": "5f471e9e-3c5a-47c1-88ed-6d216e781d9a",
            "ticker": "HIGHAUS-24AUG29-B91.5",
            "count": 60,
            "created_time": "2024-08-28T16:12:36.507652Z",
            "yes_price": 46,
            "no_price": 54,
            "taker_side": "no"
        },
        {
            "trade_id": "3b5756c4-f88e-4b9f-982e-244f37149208",
            "ticker": "HIGHAUS-24AUG29-B91.5",
            "count": 9,
            "created_time": "2024-08-28T16:11:51.927485Z",
            "yes_price": 50,
            "no_price": 50,
            "taker_side": "yes"
        },
        {
            "trade_id": "e31debe9-9bd4-4dc2-bc50-3121b584b0ac",
            "ticker": "HIGHAUS-24AUG29-B91.5",
            "count": 50,
            "created_time": "2024-08-28T16:08:43.978311Z",
            "yes_price": 46,
            "no_price": 54,
            "taker_side": "no"
        },
        {
            "trade_id": "8587b20f-d96c-4a1a-8688-06d5bd84a538",
            "ticker": "HIGHAUS-24AUG29-B91.5",
            "count": 100,
            "created_time": "2024-08-28T15:16:43.069745Z",
            "yes_price": 49,
            "no_price": 51,
            "taker_side": "no"
        },
        {
            "trade_id": "4ffbefc2-0cce-4e4e-ae8d-0bcd7b750d41",
            "ticker": "HIGHAUS-24AUG29-B91.5",
            "count": 19,
            "created_time": "2024-08-28T14:49:18.289371Z",
            "yes_price": 50,
            "no_price": 50,
            "taker_side": "yes"
        },
        {
            "trade_id": "0be8fd82-8c0d-45e3-bd96-f17298f6bc01",
            "ticker": "HIGHAUS-24AUG29-B91.5",
            "count": 19,
            "created_time": "2024-08-28T14:49:12.97367Z",
            "yes_price": 50,
            "no_price": 50,
            "taker_side": "yes"
        },
        {
            "trade_id": "cf816076-1602-4d0f-9ba3-c17930bf39eb",
            "ticker": "HIGHAUS-24AUG29-B91.5",
            "count": 19,
            "created_time": "2024-08-28T14:49:08.32922Z",
            "yes_price": 50,
            "no_price": 50,
            "taker_side": "yes"
        },
        {
            "trade_id": "07cf3b84-3488-4965-b1a5-399dbbd09697",
            "ticker": "HIGHAUS-24AUG29-B91.5",
            "count": 19,
            "created_time": "2024-08-28T14:49:04.097086Z",
            "yes_price": 50,
            "no_price": 50,
            "taker_side": "yes"
        },
        {
            "trade_id": "f6ca25ba-0c11-44d3-b9da-4be6458dc3bd",
            "ticker": "HIGHAUS-24AUG29-B91.5",
            "count": 19,
            "created_time": "2024-08-28T14:48:48.392722Z",
            "yes_price": 50,
            "no_price": 50,
            "taker_side": "yes"
        },
        {
            "trade_id": "421795ea-62a3-4815-97aa-8980d3f43c7d",
            "ticker": "HIGHAUS-24AUG29-B91.5",
            "count": 60,
            "created_time": "2024-08-28T14:48:33.090489Z",
            "yes_price": 49,
            "no_price": 51,
            "taker_side": "no"
        },
        {
            "trade_id": "ce7a5b57-fdbc-464d-90f0-b1eba8e2cb58",
            "ticker": "HIGHAUS-24AUG29-B91.5",
            "count": 25,
            "created_time": "2024-08-28T14:37:04.524053Z",
            "yes_price": 49,
            "no_price": 51,
            "taker_side": "no"
        },
        {
            "trade_id": "651468d6-fc2f-450e-aedb-c4a8d58e29c1",
            "ticker": "HIGHAUS-24AUG29-B91.5",
            "count": 20,
            "created_time": "2024-08-28T14:30:28.553583Z",
            "yes_price": 49,
            "no_price": 51,
            "taker_side": "yes"
        },
        {
            "trade_id": "28909d59-7b7c-4763-8cd5-f8e3364e6445",
            "ticker": "HIGHAUS-24AUG29-B91.5",
            "count": 100,
            "created_time": "2024-08-28T14:27:20.59165Z",
            "yes_price": 47,
            "no_price": 53,
            "taker_side": "yes"
        },
        {
            "trade_id": "e23093b5-ba11-4793-87a2-8f7a1a8afe23",
            "ticker": "HIGHAUS-24AUG29-B91.5",
            "count": 3,
            "created_time": "2024-08-28T14:27:02.091625Z",
            "yes_price": 45,
            "no_price": 55,
            "taker_side": "yes"
        },
        {
            "trade_id": "8d7b856f-bc98-48d7-ac4b-a6eef677510c",
            "ticker": "HIGHAUS-24AUG29-B91.5",
            "count": 100,
            "created_time": "2024-08-28T14:27:02.091625Z",
            "yes_price": 46,
            "no_price": 54,
            "taker_side": "yes"
        },
        {
            "trade_id": "71850892-997d-4f83-88fd-871d7eaf34a3",
            "ticker": "HIGHAUS-24AUG29-B91.5",
            "count": 80,
            "created_time": "2024-08-28T14:23:08.726909Z",
            "yes_price": 44,
            "no_price": 56,
            "taker_side": "yes"
        },
        {
            "trade_id": "89611179-8f9b-43f2-8a75-6358299c84fa",
            "ticker": "HIGHAUS-24AUG29-B91.5",
            "count": 40,
            "created_time": "2024-08-28T14:21:40.376977Z",
            "yes_price": 44,
            "no_price": 56,
            "taker_side": "yes"
        }
    ],
    "HIGHAUS-24AUG29-B93.5": [
        {
            "trade_id": "49b6155e-d822-46ab-b5d9-9164766ac152",
            "ticker": "HIGHAUS-24AUG29-B93.5",
            "count": 100,
            "created_time": "2024-08-29T23:56:09.249302Z",
            "yes_price": 99,
            "no_price": 1,
            "taker_side": "yes"
        },
        {
            "trade_id": "87647dbe-7e92-4d98-a8ef-5ac564e02858",
            "ticker": "HIGHAUS-24AUG29-B93.5",
            "count": 100,
            "created_time": "2024-08-29T23:10:31.144023Z",
            "yes_price": 95,
            "no_price": 5,
            "taker_side": "no"
        },
        {
            "trade_id": "78b3a8f5-a036-480d-94af-b3eace9f5617",
            "ticker": "HIGHAUS-24AUG29-B93.5",
            "count": 50,
            "created_time": "2024-08-29T22:32:58.253933Z",
            "yes_price": 99,
            "no_price": 1,
            "taker_side": "yes"
        },
        {
            "trade_id": "2b444467-b957-4ae3-ac64-b9ea74d03061",
            "ticker": "HIGHAUS-24AUG29-B93.5",
            "count": 400,
            "created_time": "2024-08-29T22:32:58.253933Z",
            "yes_price": 99,
            "no_price": 1,
            "taker_side": "yes"
        },
        {
            "trade_id": "47e9884a-279c-41d7-a514-4381543216d9",
            "ticker": "HIGHAUS-24AUG29-B93.5",
            "count": 20,
            "created_time": "2024-08-29T22:32:08.388027Z",
            "yes_price": 98,
            "no_price": 2,
            "taker_side": "yes"
        },
        {
            "trade_id": "7d0d4f6a-3d1d-4289-a8a3-601dc9147456",
            "ticker": "HIGHAUS-24AUG29-B93.5",
            "count": 25,
            "created_time": "2024-08-29T22:31:58.088154Z",
            "yes_price": 97,
            "no_price": 3,
            "taker_side": "yes"
        },
        {
            "trade_id": "835a9ef1-d48b-4c5a-bfac-9c8048adfaaa",
            "ticker": "HIGHAUS-24AUG29-B93.5",
            "count": 100,
            "created_time": "2024-08-29T22:31:14.221905Z",
            "yes_price": 96,
            "no_price": 4,
            "taker_side": "yes"
        },
        {
            "trade_id": "8390d9a3-85b1-48e3-881e-237b32f04cf0",
            "ticker": "HIGHAUS-24AUG29-B93.5",
            "count": 46,
            "created_time": "2024-08-29T21:44:17.149734Z",
            "yes_price": 55,
            "no_price": 45,
            "taker_side": "no"
        },
        {
            "trade_id": "4407b9bb-af27-481a-8f12-e06a0961512d",
            "ticker": "HIGHAUS-24AUG29-B93.5",
            "count": 4,
            "created_time": "2024-08-29T21:44:17.149734Z",
            "yes_price": 56,
            "no_price": 44,
            "taker_side": "no"
        },
        {
            "trade_id": "c558780c-6b69-4142-8d48-67da529c2abb",
            "ticker": "HIGHAUS-24AUG29-B93.5",
            "count": 160,
            "created_time": "2024-08-29T21:18:05.111774Z",
            "yes_price": 95,
            "no_price": 5,
            "taker_side": "yes"
        },
        {
            "trade_id": "bbcec9d0-7394-45e9-8e52-1361c16c347c",
            "ticker": "HIGHAUS-24AUG29-B93.5",
            "count": 499,
            "created_time": "2024-08-29T21:18:05.111774Z",
            "yes_price": 96,
            "no_price": 4,
            "taker_side": "yes"
        },
        {
            "trade_id": "814f5bba-98b1-4f2e-9850-4cce4d69a86e",
            "ticker": "HIGHAUS-24AUG29-B93.5",
            "count": 1,
            "created_time": "2024-08-29T20:30:18.779606Z",
            "yes_price": 96,
            "no_price": 4,
            "taker_side": "yes"
        },
        {
            "trade_id": "3d243070-6367-44e7-971d-d131715ac413",
            "ticker": "HIGHAUS-24AUG29-B93.5",
            "count": 25,
            "created_time": "2024-08-29T19:38:02.779234Z",
            "yes_price": 57,
            "no_price": 43,
            "taker_side": "yes"
        },
        {
            "trade_id": "0f9afc83-94f2-42ef-ba96-41a00186d7ab",
            "ticker": "HIGHAUS-24AUG29-B93.5",
            "count": 21,
            "created_time": "2024-08-29T18:19:38.420619Z",
            "yes_price": 40,
            "no_price": 60,
            "taker_side": "yes"
        },
        {
            "trade_id": "ece557c8-6827-458e-8824-4c5abb28ea22",
            "ticker": "HIGHAUS-24AUG29-B93.5",
            "count": 1,
            "created_time": "2024-08-29T17:36:34.848392Z",
            "yes_price": 16,
            "no_price": 84,
            "taker_side": "no"
        },
        {
            "trade_id": "a888b8f1-1c36-4294-870c-d2bf095aabef",
            "ticker": "HIGHAUS-24AUG29-B93.5",
            "count": 90,
            "created_time": "2024-08-29T15:56:14.847573Z",
            "yes_price": 31,
            "no_price": 69,
            "taker_side": "no"
        },
        {
            "trade_id": "471bfd68-08a5-42e9-b579-7ddae76ca409",
            "ticker": "HIGHAUS-24AUG29-B93.5",
            "count": 180,
            "created_time": "2024-08-29T15:56:14.847573Z",
            "yes_price": 30,
            "no_price": 70,
            "taker_side": "no"
        },
        {
            "trade_id": "1bfc1131-3974-49c2-80a9-48c54fc7863d",
            "ticker": "HIGHAUS-24AUG29-B93.5",
            "count": 5,
            "created_time": "2024-08-29T15:45:39.577813Z",
            "yes_price": 34,
            "no_price": 66,
            "taker_side": "yes"
        },
        {
            "trade_id": "682da7e4-2d26-47b1-b6f0-fe2ed22d1b89",
            "ticker": "HIGHAUS-24AUG29-B93.5",
            "count": 9,
            "created_time": "2024-08-29T15:41:29.139751Z",
            "yes_price": 31,
            "no_price": 69,
            "taker_side": "yes"
        },
        {
            "trade_id": "0ace7692-471c-40d8-b2ba-f412e1c6fe48",
            "ticker": "HIGHAUS-24AUG29-B93.5",
            "count": 50,
            "created_time": "2024-08-29T15:14:14.300485Z",
            "yes_price": 18,
            "no_price": 82,
            "taker_side": "no"
        },
        {
            "trade_id": "4b2b0b40-2bf6-496f-a07c-6ace59c729e4",
            "ticker": "HIGHAUS-24AUG29-B93.5",
            "count": 34,
            "created_time": "2024-08-29T15:01:19.410768Z",
            "yes_price": 22,
            "no_price": 78,
            "taker_side": "no"
        },
        {
            "trade_id": "07366610-4cef-4bbe-9da1-4882c49a058a",
            "ticker": "HIGHAUS-24AUG29-B93.5",
            "count": 180,
            "created_time": "2024-08-29T15:01:19.410768Z",
            "yes_price": 20,
            "no_price": 80,
            "taker_side": "no"
        },
        {
            "trade_id": "36793186-d809-465d-96b7-cb0fe8e0b6f2",
            "ticker": "HIGHAUS-24AUG29-B93.5",
            "count": 2,
            "created_time": "2024-08-29T14:57:22.077619Z",
            "yes_price": 22,
            "no_price": 78,
            "taker_side": "no"
        },
        {
            "trade_id": "401ca78b-84cc-44d1-b542-4822bead24fb",
            "ticker": "HIGHAUS-24AUG29-B93.5",
            "count": 25,
            "created_time": "2024-08-29T14:55:30.258805Z",
            "yes_price": 22,
            "no_price": 78,
            "taker_side": "no"
        },
        {
            "trade_id": "561d5fd0-4e2a-4c15-910e-7a0354f28daa",
            "ticker": "HIGHAUS-24AUG29-B93.5",
            "count": 1,
            "created_time": "2024-08-29T14:50:25.172826Z",
            "yes_price": 32,
            "no_price": 68,
            "taker_side": "yes"
        },
        {
            "trade_id": "8265f3a2-6f0e-4d58-b84e-e44f9e3c305f",
            "ticker": "HIGHAUS-24AUG29-B93.5",
            "count": 20,
            "created_time": "2024-08-29T14:50:03.917133Z",
            "yes_price": 32,
            "no_price": 68,
            "taker_side": "yes"
        },
        {
            "trade_id": "ef024d47-824b-4a09-b9eb-16c7dd843f66",
            "ticker": "HIGHAUS-24AUG29-B93.5",
            "count": 3,
            "created_time": "2024-08-29T14:45:09.058798Z",
            "yes_price": 32,
            "no_price": 68,
            "taker_side": "yes"
        },
        {
            "trade_id": "80f963c9-936e-45e6-a398-d41d60eea31a",
            "ticker": "HIGHAUS-24AUG29-B93.5",
            "count": 5,
            "created_time": "2024-08-29T14:44:52.830553Z",
            "yes_price": 31,
            "no_price": 69,
            "taker_side": "yes"
        },
        {
            "trade_id": "bd6992fb-c590-43c3-a690-b12c5032e5d0",
            "ticker": "HIGHAUS-24AUG29-B93.5",
            "count": 7,
            "created_time": "2024-08-29T14:44:31.212577Z",
            "yes_price": 23,
            "no_price": 77,
            "taker_side": "yes"
        },
        {
            "trade_id": "cdeb3d5d-2b98-4ea5-8188-61151ef39c3c",
            "ticker": "HIGHAUS-24AUG29-B93.5",
            "count": 18,
            "created_time": "2024-08-29T14:28:46.896822Z",
            "yes_price": 23,
            "no_price": 77,
            "taker_side": "no"
        },
        {
            "trade_id": "6c110f82-4995-432b-b53d-d58a4fe6e301",
            "ticker": "HIGHAUS-24AUG29-B93.5",
            "count": 50,
            "created_time": "2024-08-29T14:26:43.954289Z",
            "yes_price": 26,
            "no_price": 74,
            "taker_side": "no"
        },
        {
            "trade_id": "bd1f9fcb-8c06-403a-ba35-4275ec028709",
            "ticker": "HIGHAUS-24AUG29-B93.5",
            "count": 21,
            "created_time": "2024-08-29T14:24:33.415017Z",
            "yes_price": 28,
            "no_price": 72,
            "taker_side": "yes"
        },
        {
            "trade_id": "abd6358f-a3a3-45fd-ac5d-199d1e3c10ac",
            "ticker": "HIGHAUS-24AUG29-B93.5",
            "count": 1,
            "created_time": "2024-08-29T14:24:33.400384Z",
            "yes_price": 27,
            "no_price": 73,
            "taker_side": "yes"
        },
        {
            "trade_id": "a4b85e4b-386c-419a-9d4b-000cf7c43434",
            "ticker": "HIGHAUS-24AUG29-B93.5",
            "count": 105,
            "created_time": "2024-08-29T14:24:33.400384Z",
            "yes_price": 26,
            "no_price": 74,
            "taker_side": "yes"
        },
        {
            "trade_id": "a2a114b0-d8de-49b1-ac0c-31ee26d59f06",
            "ticker": "HIGHAUS-24AUG29-B93.5",
            "count": 90,
            "created_time": "2024-08-29T14:24:30.128889Z",
            "yes_price": 26,
            "no_price": 74,
            "taker_side": "no"
        },
        {
            "trade_id": "70d3f4a2-1844-460f-b697-e94239155412",
            "ticker": "HIGHAUS-24AUG29-B93.5",
            "count": 54,
            "created_time": "2024-08-29T14:23:33.941595Z",
            "yes_price": 27,
            "no_price": 73,
            "taker_side": "no"
        },
        {
            "trade_id": "3f0560d7-64fa-483a-ac11-711634174080",
            "ticker": "HIGHAUS-24AUG29-B93.5",
            "count": 21,
            "created_time": "2024-08-29T14:21:28.059079Z",
            "yes_price": 27,
            "no_price": 73,
            "taker_side": "no"
        },
        {
            "trade_id": "2bb690d3-bdd1-4e4f-9292-639126747917",
            "ticker": "HIGHAUS-24AUG29-B93.5",
            "count": 54,
            "created_time": "2024-08-29T14:21:27.978344Z",
            "yes_price": 28,
            "no_price": 72,
            "taker_side": "no"
        },
        {
            "trade_id": "ab8074ea-c511-4fce-97dc-1cf56907f0a9",
            "ticker": "HIGHAUS-24AUG29-B93.5",
            "count": 180,
            "created_time": "2024-08-29T14:01:10.313375Z",
            "yes_price": 37,
            "no_price": 63,
            "taker_side": "yes"
        },
        {
            "trade_id": "9250ff0d-ac32-4ca0-8410-62d4674db4a5",
            "ticker": "HIGHAUS-24AUG29-B93.5",
            "count": 18,
            "created_time": "2024-08-29T14:01:10.313375Z",
            "yes_price": 35,
            "no_price": 65,
            "taker_side": "yes"
        },
        {
            "trade_id": "2c406a5b-2250-49e5-8bcf-5df37b57257a",
            "ticker": "HIGHAUS-24AUG29-B93.5",
            "count": 25,
            "created_time": "2024-08-29T14:01:10.313375Z",
            "yes_price": 35,
            "no_price": 65,
            "taker_side": "yes"
        },
        {
            "trade_id": "262c050d-20b8-47b1-b21b-9bfc41e8c792",
            "ticker": "HIGHAUS-24AUG29-B93.5",
            "count": 4,
            "created_time": "2024-08-29T13:56:48.079362Z",
            "yes_price": 35,
            "no_price": 65,
            "taker_side": "yes"
        },
        {
            "trade_id": "f54573f4-ff9e-477f-b270-7aa93134b70c",
            "ticker": "HIGHAUS-24AUG29-B93.5",
            "count": 72,
            "created_time": "2024-08-29T13:49:25.171807Z",
            "yes_price": 32,
            "no_price": 68,
            "taker_side": "no"
        },
        {
            "trade_id": "48db5c95-3eae-4299-bb43-364cbb4adfcc",
            "ticker": "HIGHAUS-24AUG29-B93.5",
            "count": 108,
            "created_time": "2024-08-29T13:49:14.694909Z",
            "yes_price": 31,
            "no_price": 69,
            "taker_side": "yes"
        },
        {
            "trade_id": "e39d9210-17b9-4081-ab34-c262c4e52a3c",
            "ticker": "HIGHAUS-24AUG29-B93.5",
            "count": 180,
            "created_time": "2024-08-29T13:48:57.341058Z",
            "yes_price": 30,
            "no_price": 70,
            "taker_side": "yes"
        },
        {
            "trade_id": "7f2cf705-03f8-4103-b78d-17a640678211",
            "ticker": "HIGHAUS-24AUG29-B93.5",
            "count": 108,
            "created_time": "2024-08-29T13:48:57.341058Z",
            "yes_price": 28,
            "no_price": 72,
            "taker_side": "yes"
        },
        {
            "trade_id": "f723e32e-47ac-4451-8b29-d90498e2f93c",
            "ticker": "HIGHAUS-24AUG29-B93.5",
            "count": 1,
            "created_time": "2024-08-29T13:31:35.657582Z",
            "yes_price": 27,
            "no_price": 73,
            "taker_side": "yes"
        },
        {
            "trade_id": "cc51cfa6-f7c7-4c2c-8697-d2135808640a",
            "ticker": "HIGHAUS-24AUG29-B93.5",
            "count": 3,
            "created_time": "2024-08-29T13:00:49.402591Z",
            "yes_price": 27,
            "no_price": 73,
            "taker_side": "yes"
        },
        {
            "trade_id": "711281ef-a9b1-49c3-9b47-3a43a08e824a",
            "ticker": "HIGHAUS-24AUG29-B93.5",
            "count": 17,
            "created_time": "2024-08-29T12:38:34.814168Z",
            "yes_price": 27,
            "no_price": 73,
            "taker_side": "yes"
        },
        {
            "trade_id": "28367685-2f20-4b2b-aca6-ed7d094b0267",
            "ticker": "HIGHAUS-24AUG29-B93.5",
            "count": 72,
            "created_time": "2024-08-29T12:13:25.081237Z",
            "yes_price": 24,
            "no_price": 76,
            "taker_side": "yes"
        },
        {
            "trade_id": "92ba6703-c927-4843-9c4f-e34e8f4ff854",
            "ticker": "HIGHAUS-24AUG29-B93.5",
            "count": 108,
            "created_time": "2024-08-29T12:02:52.595921Z",
            "yes_price": 29,
            "no_price": 71,
            "taker_side": "yes"
        },
        {
            "trade_id": "df6e2193-5850-42a0-b19c-3e7f77ee9a58",
            "ticker": "HIGHAUS-24AUG29-B93.5",
            "count": 108,
            "created_time": "2024-08-29T12:02:26.858648Z",
            "yes_price": 28,
            "no_price": 72,
            "taker_side": "yes"
        },
        {
            "trade_id": "342be915-9478-4c49-91dc-5438f6661ff9",
            "ticker": "HIGHAUS-24AUG29-B93.5",
            "count": 51,
            "created_time": "2024-08-29T02:40:47.320439Z",
            "yes_price": 45,
            "no_price": 55,
            "taker_side": "no"
        },
        {
            "trade_id": "422f5292-f03b-4ae3-9900-a1094e2055cb",
            "ticker": "HIGHAUS-24AUG29-B93.5",
            "count": 46,
            "created_time": "2024-08-29T02:40:29.7141Z",
            "yes_price": 48,
            "no_price": 52,
            "taker_side": "no"
        },
        {
            "trade_id": "62aa8f47-e41b-4b5c-b3c9-f34f1249ed3b",
            "ticker": "HIGHAUS-24AUG29-B93.5",
            "count": 14,
            "created_time": "2024-08-29T02:31:41.668506Z",
            "yes_price": 48,
            "no_price": 52,
            "taker_side": "no"
        },
        {
            "trade_id": "2ae06c0d-ee41-49e5-a6cb-b81c8d243f1c",
            "ticker": "HIGHAUS-24AUG29-B93.5",
            "count": 30,
            "created_time": "2024-08-29T02:31:41.554494Z",
            "yes_price": 48,
            "no_price": 52,
            "taker_side": "no"
        },
        {
            "trade_id": "36170400-c484-4dcb-b359-ef68da38e79c",
            "ticker": "HIGHAUS-24AUG29-B93.5",
            "count": 130,
            "created_time": "2024-08-29T02:31:25.75604Z",
            "yes_price": 48,
            "no_price": 52,
            "taker_side": "no"
        },
        {
            "trade_id": "66a7012a-2514-462a-bb77-6ff228b39433",
            "ticker": "HIGHAUS-24AUG29-B93.5",
            "count": 90,
            "created_time": "2024-08-29T02:31:10.235511Z",
            "yes_price": 48,
            "no_price": 52,
            "taker_side": "yes"
        },
        {
            "trade_id": "2cee983b-8ac9-42af-9dee-40de3eb888f8",
            "ticker": "HIGHAUS-24AUG29-B93.5",
            "count": 90,
            "created_time": "2024-08-29T02:31:10.235511Z",
            "yes_price": 48,
            "no_price": 52,
            "taker_side": "yes"
        },
        {
            "trade_id": "9548af31-c53b-4e12-bcd9-fb6d72e42029",
            "ticker": "HIGHAUS-24AUG29-B93.5",
            "count": 18,
            "created_time": "2024-08-29T01:33:51.90463Z",
            "yes_price": 41,
            "no_price": 59,
            "taker_side": "no"
        },
        {
            "trade_id": "08bfd8ec-a83a-4069-ad37-ad31d05db0d2",
            "ticker": "HIGHAUS-24AUG29-B93.5",
            "count": 18,
            "created_time": "2024-08-29T01:33:40.747982Z",
            "yes_price": 41,
            "no_price": 59,
            "taker_side": "no"
        },
        {
            "trade_id": "5485efc6-75b1-4dcc-8ec3-79b9b0bee117",
            "ticker": "HIGHAUS-24AUG29-B93.5",
            "count": 18,
            "created_time": "2024-08-29T01:16:54.414714Z",
            "yes_price": 48,
            "no_price": 52,
            "taker_side": "no"
        },
        {
            "trade_id": "26a69868-9147-4acc-b129-bd8863bc44e8",
            "ticker": "HIGHAUS-24AUG29-B93.5",
            "count": 10,
            "created_time": "2024-08-29T01:15:25.292401Z",
            "yes_price": 53,
            "no_price": 47,
            "taker_side": "yes"
        },
        {
            "trade_id": "7ebc2222-65d5-401d-96ba-52e9b2b06d11",
            "ticker": "HIGHAUS-24AUG29-B93.5",
            "count": 3,
            "created_time": "2024-08-29T01:08:34.665373Z",
            "yes_price": 45,
            "no_price": 55,
            "taker_side": "yes"
        },
        {
            "trade_id": "6397b027-2353-46a0-a296-cf44ec523b90",
            "ticker": "HIGHAUS-24AUG29-B93.5",
            "count": 23,
            "created_time": "2024-08-29T00:26:14.010077Z",
            "yes_price": 40,
            "no_price": 60,
            "taker_side": "yes"
        },
        {
            "trade_id": "0c6998de-d84e-4f95-9c4e-22eae37cc002",
            "ticker": "HIGHAUS-24AUG29-B93.5",
            "count": 17,
            "created_time": "2024-08-29T00:25:48.218098Z",
            "yes_price": 40,
            "no_price": 60,
            "taker_side": "yes"
        },
        {
            "trade_id": "e9e027e2-0648-4179-807c-60723bd2a1c9",
            "ticker": "HIGHAUS-24AUG29-B93.5",
            "count": 18,
            "created_time": "2024-08-29T00:25:34.273414Z",
            "yes_price": 39,
            "no_price": 61,
            "taker_side": "yes"
        },
        {
            "trade_id": "085b36aa-f282-45a9-994a-2a45c3a46db8",
            "ticker": "HIGHAUS-24AUG29-B93.5",
            "count": 6,
            "created_time": "2024-08-29T00:25:34.273414Z",
            "yes_price": 41,
            "no_price": 59,
            "taker_side": "yes"
        },
        {
            "trade_id": "fc5921a4-62d3-4d9d-b5be-32a8c084e362",
            "ticker": "HIGHAUS-24AUG29-B93.5",
            "count": 60,
            "created_time": "2024-08-28T23:31:05.342388Z",
            "yes_price": 44,
            "no_price": 56,
            "taker_side": "yes"
        },
        {
            "trade_id": "4717d40e-55f8-439b-b37b-cee64e9994a8",
            "ticker": "HIGHAUS-24AUG29-B93.5",
            "count": 40,
            "created_time": "2024-08-28T23:29:55.252535Z",
            "yes_price": 43,
            "no_price": 57,
            "taker_side": "yes"
        },
        {
            "trade_id": "6f83aefb-7f44-40c0-998f-2dce2ca506ac",
            "ticker": "HIGHAUS-24AUG29-B93.5",
            "count": 200,
            "created_time": "2024-08-28T22:56:46.642285Z",
            "yes_price": 29,
            "no_price": 71,
            "taker_side": "yes"
        },
        {
            "trade_id": "473e1249-2f27-4a53-a77e-6a2de18e9d15",
            "ticker": "HIGHAUS-24AUG29-B93.5",
            "count": 200,
            "created_time": "2024-08-28T22:56:46.642285Z",
            "yes_price": 31,
            "no_price": 69,
            "taker_side": "yes"
        },
        {
            "trade_id": "3be08fef-8304-4481-ac9d-fd33f0d16e3d",
            "ticker": "HIGHAUS-24AUG29-B93.5",
            "count": 80,
            "created_time": "2024-08-28T22:56:46.642285Z",
            "yes_price": 27,
            "no_price": 73,
            "taker_side": "yes"
        },
        {
            "trade_id": "c42db5e5-8919-46fb-83ab-1202bc7822e8",
            "ticker": "HIGHAUS-24AUG29-B93.5",
            "count": 80,
            "created_time": "2024-08-28T22:56:03.108623Z",
            "yes_price": 27,
            "no_price": 73,
            "taker_side": "yes"
        },
        {
            "trade_id": "37d59cd0-8ab9-4d88-9dd2-3ce753b204fb",
            "ticker": "HIGHAUS-24AUG29-B93.5",
            "count": 200,
            "created_time": "2024-08-28T22:56:03.108623Z",
            "yes_price": 29,
            "no_price": 71,
            "taker_side": "yes"
        },
        {
            "trade_id": "c84b9279-c45a-4230-8881-7b75576cd527",
            "ticker": "HIGHAUS-24AUG29-B93.5",
            "count": 37,
            "created_time": "2024-08-28T21:58:21.368245Z",
            "yes_price": 25,
            "no_price": 75,
            "taker_side": "no"
        },
        {
            "trade_id": "19737ef6-f464-4ea1-a90b-69aae3b091a5",
            "ticker": "HIGHAUS-24AUG29-B93.5",
            "count": 26,
            "created_time": "2024-08-28T21:58:21.368245Z",
            "yes_price": 27,
            "no_price": 73,
            "taker_side": "no"
        },
        {
            "trade_id": "ff3a8489-6e8b-4fee-b65b-5f2c49e75abb",
            "ticker": "HIGHAUS-24AUG29-B93.5",
            "count": 200,
            "created_time": "2024-08-28T21:57:48.989717Z",
            "yes_price": 28,
            "no_price": 72,
            "taker_side": "no"
        },
        {
            "trade_id": "8f0fbc94-5a98-4edf-9681-575d7be9421c",
            "ticker": "HIGHAUS-24AUG29-B93.5",
            "count": 120,
            "created_time": "2024-08-28T21:57:48.989717Z",
            "yes_price": 31,
            "no_price": 69,
            "taker_side": "no"
        },
        {
            "trade_id": "2bc39502-9133-40bf-9cfa-71fa63d6fb13",
            "ticker": "HIGHAUS-24AUG29-B93.5",
            "count": 200,
            "created_time": "2024-08-28T21:57:48.989717Z",
            "yes_price": 27,
            "no_price": 73,
            "taker_side": "no"
        },
        {
            "trade_id": "9e413bab-c9f0-4e52-99a0-133eb7a6158b",
            "ticker": "HIGHAUS-24AUG29-B93.5",
            "count": 20,
            "created_time": "2024-08-28T21:57:24.367514Z",
            "yes_price": 36,
            "no_price": 64,
            "taker_side": "no"
        },
        {
            "trade_id": "81e09074-f99b-4f2b-9642-0ca01f0cf4c9",
            "ticker": "HIGHAUS-24AUG29-B93.5",
            "count": 50,
            "created_time": "2024-08-28T21:57:24.367514Z",
            "yes_price": 34,
            "no_price": 66,
            "taker_side": "no"
        },
        {
            "trade_id": "814dbfc6-a753-4fa1-8b8c-260ec403a66d",
            "ticker": "HIGHAUS-24AUG29-B93.5",
            "count": 200,
            "created_time": "2024-08-28T21:57:24.367514Z",
            "yes_price": 32,
            "no_price": 68,
            "taker_side": "no"
        },
        {
            "trade_id": "3e520e1f-5739-4e2a-8070-c7a4992918a6",
            "ticker": "HIGHAUS-24AUG29-B93.5",
            "count": 200,
            "created_time": "2024-08-28T21:57:24.367514Z",
            "yes_price": 34,
            "no_price": 66,
            "taker_side": "no"
        },
        {
            "trade_id": "0bf2cba4-4c4e-4c7f-85fb-3f0ca50a7bb2",
            "ticker": "HIGHAUS-24AUG29-B93.5",
            "count": 40,
            "created_time": "2024-08-28T19:36:22.703298Z",
            "yes_price": 33,
            "no_price": 67,
            "taker_side": "no"
        },
        {
            "trade_id": "93e7d216-722a-46bc-8e06-e5276f28dcf6",
            "ticker": "HIGHAUS-24AUG29-B93.5",
            "count": 3,
            "created_time": "2024-08-28T19:08:38.225144Z",
            "yes_price": 35,
            "no_price": 65,
            "taker_side": "yes"
        },
        {
            "trade_id": "7cdb2890-7c54-48c1-85e6-3148fba6396b",
            "ticker": "HIGHAUS-24AUG29-B93.5",
            "count": 3,
            "created_time": "2024-08-28T18:48:32.470822Z",
            "yes_price": 25,
            "no_price": 75,
            "taker_side": "yes"
        },
        {
            "trade_id": "d00ff203-bfa7-4b2e-b8ad-9ec6f0eac4a0",
            "ticker": "HIGHAUS-24AUG29-B93.5",
            "count": 100,
            "created_time": "2024-08-28T18:02:56.457833Z",
            "yes_price": 24,
            "no_price": 76,
            "taker_side": "yes"
        },
        {
            "trade_id": "05f8949c-86bc-4fd9-9164-a7e8bba6b851",
            "ticker": "HIGHAUS-24AUG29-B93.5",
            "count": 60,
            "created_time": "2024-08-28T17:48:32.847804Z",
            "yes_price": 23,
            "no_price": 77,
            "taker_side": "yes"
        },
        {
            "trade_id": "263ed0b2-362d-4387-9b59-b5aae1ff1650",
            "ticker": "HIGHAUS-24AUG29-B93.5",
            "count": 120,
            "created_time": "2024-08-28T17:39:23.346424Z",
            "yes_price": 23,
            "no_price": 77,
            "taker_side": "yes"
        },
        {
            "trade_id": "9811ab4c-ecb7-43a4-8bad-8658c39072b5",
            "ticker": "HIGHAUS-24AUG29-B93.5",
            "count": 80,
            "created_time": "2024-08-28T17:39:01.918179Z",
            "yes_price": 22,
            "no_price": 78,
            "taker_side": "yes"
        },
        {
            "trade_id": "850b4e35-5def-459a-9165-a3f058ead346",
            "ticker": "HIGHAUS-24AUG29-B93.5",
            "count": 120,
            "created_time": "2024-08-28T17:36:27.736335Z",
            "yes_price": 22,
            "no_price": 78,
            "taker_side": "yes"
        },
        {
            "trade_id": "d16a82b5-a200-4ab0-82d3-f2ae24ba2e1a",
            "ticker": "HIGHAUS-24AUG29-B93.5",
            "count": 200,
            "created_time": "2024-08-28T17:36:01.193829Z",
            "yes_price": 20,
            "no_price": 80,
            "taker_side": "yes"
        },
        {
            "trade_id": "c18466cf-75c9-4e28-b9d5-35251641965f",
            "ticker": "HIGHAUS-24AUG29-B93.5",
            "count": 2,
            "created_time": "2024-08-28T17:36:01.193829Z",
            "yes_price": 15,
            "no_price": 85,
            "taker_side": "yes"
        },
        {
            "trade_id": "58585512-ece3-4092-8a02-8c7b4e9bac89",
            "ticker": "HIGHAUS-24AUG29-B93.5",
            "count": 200,
            "created_time": "2024-08-28T17:36:01.193829Z",
            "yes_price": 19,
            "no_price": 81,
            "taker_side": "yes"
        },
        {
            "trade_id": "29a26e60-a8d3-4758-912d-ae3dc0d79787",
            "ticker": "HIGHAUS-24AUG29-B93.5",
            "count": 20,
            "created_time": "2024-08-28T17:36:01.193829Z",
            "yes_price": 18,
            "no_price": 82,
            "taker_side": "yes"
        },
        {
            "trade_id": "15e2cd8f-2583-406d-acb3-f852adbe8765",
            "ticker": "HIGHAUS-24AUG29-B93.5",
            "count": 1,
            "created_time": "2024-08-28T17:30:28.059739Z",
            "yes_price": 15,
            "no_price": 85,
            "taker_side": "yes"
        },
        {
            "trade_id": "0495db0e-b402-4a34-b995-5a607140c31d",
            "ticker": "HIGHAUS-24AUG29-B93.5",
            "count": 22,
            "created_time": "2024-08-28T16:45:45.986565Z",
            "yes_price": 13,
            "no_price": 87,
            "taker_side": "no"
        },
        {
            "trade_id": "ad81acbb-7911-4e65-9a01-91fb7f3e5c32",
            "ticker": "HIGHAUS-24AUG29-B93.5",
            "count": 20,
            "created_time": "2024-08-28T16:09:14.330462Z",
            "yes_price": 17,
            "no_price": 83,
            "taker_side": "yes"
        },
        {
            "trade_id": "2f38e7cf-339a-4e69-b8b7-34c8c92a3a3b",
            "ticker": "HIGHAUS-24AUG29-B93.5",
            "count": 180,
            "created_time": "2024-08-28T16:08:53.124946Z",
            "yes_price": 15,
            "no_price": 85,
            "taker_side": "yes"
        },
        {
            "trade_id": "f496e835-8777-4358-b28e-23f8c870acb9",
            "ticker": "HIGHAUS-24AUG29-B93.5",
            "count": 200,
            "created_time": "2024-08-28T16:08:43.810058Z",
            "yes_price": 19,
            "no_price": 81,
            "taker_side": "yes"
        },
        {
            "trade_id": "a8d21d8d-d9be-4908-9c2e-1e67c637bb5d",
            "ticker": "HIGHAUS-24AUG29-B93.5",
            "count": 50,
            "created_time": "2024-08-28T16:08:43.810058Z",
            "yes_price": 18,
            "no_price": 82,
            "taker_side": "yes"
        },
        {
            "trade_id": "46d986ef-39ef-47b3-bd10-381dcf9f50fc",
            "ticker": "HIGHAUS-24AUG29-B93.5",
            "count": 20,
            "created_time": "2024-08-28T16:08:43.810058Z",
            "yes_price": 18,
            "no_price": 82,
            "taker_side": "yes"
        },
        {
            "trade_id": "ac812b6a-8283-4e18-8085-892504e2df71",
            "ticker": "HIGHAUS-24AUG29-B93.5",
            "count": 3,
            "created_time": "2024-08-28T16:08:16.408763Z",
            "yes_price": 15,
            "no_price": 85,
            "taker_side": "yes"
        },
        {
            "trade_id": "74d7b844-5a25-4282-9a4f-3446e128ce55",
            "ticker": "HIGHAUS-24AUG29-B93.5",
            "count": 200,
            "created_time": "2024-08-28T16:08:16.408763Z",
            "yes_price": 18,
            "no_price": 82,
            "taker_side": "yes"
        },
        {
            "trade_id": "6553222a-3812-4776-9d18-05a0da3df218",
            "ticker": "HIGHAUS-24AUG29-B93.5",
            "count": 180,
            "created_time": "2024-08-28T16:08:16.408763Z",
            "yes_price": 15,
            "no_price": 85,
            "taker_side": "yes"
        },
        {
            "trade_id": "39a3256d-ae44-4c13-895c-86720348ef38",
            "ticker": "HIGHAUS-24AUG29-B93.5",
            "count": 200,
            "created_time": "2024-08-28T16:08:16.408763Z",
            "yes_price": 17,
            "no_price": 83,
            "taker_side": "yes"
        }
    ],
    "HIGHAUS-24AUG29-B95.5": [
        {
            "trade_id": "90910016-17f7-4b4f-b25f-31bfd62cf2ca",
            "ticker": "HIGHAUS-24AUG29-B95.5",
            "count": 100,
            "created_time": "2024-08-29T23:43:46.424126Z",
            "yes_price": 1,
            "no_price": 99,
            "taker_side": "no"
        },
        {
            "trade_id": "f98c3758-86ca-4e90-9f96-18cc994463f1",
            "ticker": "HIGHAUS-24AUG29-B95.5",
            "count": 100,
            "created_time": "2024-08-29T22:31:46.384868Z",
            "yes_price": 1,
            "no_price": 99,
            "taker_side": "no"
        },
        {
            "trade_id": "13e839f7-4660-46a5-8d1f-e8f3b87616f6",
            "ticker": "HIGHAUS-24AUG29-B95.5",
            "count": 500,
            "created_time": "2024-08-29T21:33:48.681574Z",
            "yes_price": 1,
            "no_price": 99,
            "taker_side": "no"
        },
        {
            "trade_id": "ae466968-4c0e-45e0-937c-147e414563f2",
            "ticker": "HIGHAUS-24AUG29-B95.5",
            "count": 47,
            "created_time": "2024-08-29T21:19:11.950492Z",
            "yes_price": 3,
            "no_price": 97,
            "taker_side": "no"
        },
        {
            "trade_id": "e4421083-fde3-4593-be94-be0c6a448cd5",
            "ticker": "HIGHAUS-24AUG29-B95.5",
            "count": 187,
            "created_time": "2024-08-29T20:45:42.543804Z",
            "yes_price": 25,
            "no_price": 75,
            "taker_side": "yes"
        },
        {
            "trade_id": "7a84ed35-6c67-42f0-a034-d4bd3a6d0a39",
            "ticker": "HIGHAUS-24AUG29-B95.5",
            "count": 22,
            "created_time": "2024-08-29T17:36:48.850157Z",
            "yes_price": 3,
            "no_price": 97,
            "taker_side": "no"
        },
        {
            "trade_id": "3669ce2d-16fb-449a-88b8-de25435e3989",
            "ticker": "HIGHAUS-24AUG29-B95.5",
            "count": 50,
            "created_time": "2024-08-29T15:14:24.631082Z",
            "yes_price": 3,
            "no_price": 97,
            "taker_side": "no"
        },
        {
            "trade_id": "43981d5b-99e3-49e2-b68f-f1953deccc7e",
            "ticker": "HIGHAUS-24AUG29-B95.5",
            "count": 2,
            "created_time": "2024-08-29T14:57:22.076474Z",
            "yes_price": 3,
            "no_price": 97,
            "taker_side": "no"
        },
        {
            "trade_id": "62d393b5-96df-4773-8e07-d0dcd86e4075",
            "ticker": "HIGHAUS-24AUG29-B95.5",
            "count": 25,
            "created_time": "2024-08-29T14:55:46.625232Z",
            "yes_price": 3,
            "no_price": 97,
            "taker_side": "no"
        },
        {
            "trade_id": "cefee685-106e-4b7f-a6f0-e5499923b9a5",
            "ticker": "HIGHAUS-24AUG29-B95.5",
            "count": 25,
            "created_time": "2024-08-29T14:29:04.432577Z",
            "yes_price": 3,
            "no_price": 97,
            "taker_side": "no"
        },
        {
            "trade_id": "f0b19816-c863-4759-9102-32e5780289a0",
            "ticker": "HIGHAUS-24AUG29-B95.5",
            "count": 50,
            "created_time": "2024-08-29T14:26:56.984493Z",
            "yes_price": 3,
            "no_price": 97,
            "taker_side": "no"
        },
        {
            "trade_id": "805b17a6-ac21-4128-b91d-321fbe493ed7",
            "ticker": "HIGHAUS-24AUG29-B95.5",
            "count": 21,
            "created_time": "2024-08-29T14:21:28.067228Z",
            "yes_price": 3,
            "no_price": 97,
            "taker_side": "no"
        },
        {
            "trade_id": "a36f08c8-8fb7-465b-83c2-42c98f7a035d",
            "ticker": "HIGHAUS-24AUG29-B95.5",
            "count": 21,
            "created_time": "2024-08-29T14:21:28.032913Z",
            "yes_price": 3,
            "no_price": 97,
            "taker_side": "no"
        },
        {
            "trade_id": "006c5073-8ef6-4e6e-ad9d-5f7c60fab015",
            "ticker": "HIGHAUS-24AUG29-B95.5",
            "count": 54,
            "created_time": "2024-08-29T14:21:27.988297Z",
            "yes_price": 3,
            "no_price": 97,
            "taker_side": "no"
        },
        {
            "trade_id": "366f6f41-41e4-4360-b006-63602f9aaeac",
            "ticker": "HIGHAUS-24AUG29-B95.5",
            "count": 25,
            "created_time": "2024-08-29T14:01:10.408603Z",
            "yes_price": 3,
            "no_price": 97,
            "taker_side": "no"
        },
        {
            "trade_id": "962e564d-2e1a-4eec-9c05-b62fa337b190",
            "ticker": "HIGHAUS-24AUG29-B95.5",
            "count": 250,
            "created_time": "2024-08-29T13:45:50.450608Z",
            "yes_price": 4,
            "no_price": 96,
            "taker_side": "no"
        },
        {
            "trade_id": "caf55032-ea77-41b3-8696-1b34750c900e",
            "ticker": "HIGHAUS-24AUG29-B95.5",
            "count": 51,
            "created_time": "2024-08-29T02:40:47.290551Z",
            "yes_price": 20,
            "no_price": 80,
            "taker_side": "no"
        },
        {
            "trade_id": "7e230767-e984-4843-9ac9-bfe1f7d50130",
            "ticker": "HIGHAUS-24AUG29-B95.5",
            "count": 46,
            "created_time": "2024-08-29T02:40:29.713575Z",
            "yes_price": 20,
            "no_price": 80,
            "taker_side": "no"
        },
        {
            "trade_id": "668f5f42-2445-44fc-99d2-6d2b2717fd25",
            "ticker": "HIGHAUS-24AUG29-B95.5",
            "count": 3,
            "created_time": "2024-08-29T02:33:24.105011Z",
            "yes_price": 20,
            "no_price": 80,
            "taker_side": "yes"
        },
        {
            "trade_id": "6c5c9da1-8019-4ff6-984d-70d83f17a6d8",
            "ticker": "HIGHAUS-24AUG29-B95.5",
            "count": 14,
            "created_time": "2024-08-29T02:31:41.64006Z",
            "yes_price": 19,
            "no_price": 81,
            "taker_side": "no"
        },
        {
            "trade_id": "002a57eb-9e0d-477d-b620-7f25c9adcb07",
            "ticker": "HIGHAUS-24AUG29-B95.5",
            "count": 30,
            "created_time": "2024-08-29T02:31:41.460793Z",
            "yes_price": 19,
            "no_price": 81,
            "taker_side": "yes"
        },
        {
            "trade_id": "77bd1cf5-9096-441a-8cc0-8a3e5c0f4d2d",
            "ticker": "HIGHAUS-24AUG29-B95.5",
            "count": 130,
            "created_time": "2024-08-29T02:31:25.653424Z",
            "yes_price": 19,
            "no_price": 81,
            "taker_side": "yes"
        },
        {
            "trade_id": "fa87a4e4-0d7c-4570-8fd8-2941ba3bee7b",
            "ticker": "HIGHAUS-24AUG29-B95.5",
            "count": 90,
            "created_time": "2024-08-29T02:31:10.309679Z",
            "yes_price": 15,
            "no_price": 85,
            "taker_side": "no"
        },
        {
