{
    "KXHIGHAUS-24DEC06-T49": [
        {
            "trade_id": "a9d4eb82-d92f-4d7b-a6ad-9275cb649cac",
            "ticker": "KXHIGHAUS-24DEC06-T49",
            "count": 5,
            "created_time": "2024-12-06T16:08:02.829124Z",
            "yes_price": 1,
            "no_price": 99,
            "taker_side": "yes"
        },
        {
            "trade_id": "8e5d08a5-e9c2-4cbb-8e47-1907ae0dc6b0",
            "ticker": "KXHIGHAUS-24DEC06-T49",
            "count": 5,
            "created_time": "2024-12-06T16:08:02.635665Z",
            "yes_price": 1,
            "no_price": 99,
            "taker_side": "yes"
        },
        {
            "trade_id": "1567e4fc-598e-4e00-87b4-d7086ad91b73",
            "ticker": "KXHIGHAUS-24DEC06-T49",
            "count": 467,
            "created_time": "2024-12-06T15:00:09.69521Z",
            "yes_price": 1,
            "no_price": 99,
            "taker_side": "yes"
        },
        {
            "trade_id": "fa915901-2c07-4c68-b46a-044f7eeec352",
            "ticker": "KXHIGHAUS-24DEC06-T49",
            "count": 350,
            "created_time": "2024-12-06T06:06:12.90833Z",
            "yes_price": 1,
            "no_price": 99,
            "taker_side": "no"
        },
        {
            "trade_id": "18e79a14-5903-4801-a9eb-cb84dd0aafa0",
            "ticker": "KXHIGHAUS-24DEC06-T49",
            "count": 70,
            "created_time": "2024-12-06T04:40:54.043757Z",
            "yes_price": 2,
            "no_price": 98,
            "taker_side": "no"
        },
        {
            "trade_id": "4193570b-cefd-46a7-8b07-58fd22a6e3f7",
            "ticker": "KXHIGHAUS-24DEC06-T49",
            "count": 30,
            "created_time": "2024-12-06T02:32:19.724586Z",
            "yes_price": 2,
            "no_price": 98,
            "taker_side": "no"
        },
        {
            "trade_id": "c2c2fa9c-9576-4a0b-8743-55cea16f1097",
            "ticker": "KXHIGHAUS-24DEC06-T49",
            "count": 62,
            "created_time": "2024-12-06T02:17:07.773297Z",
            "yes_price": 1,
            "no_price": 99,
            "taker_side": "no"
        },
        {
            "trade_id": "877b654e-c293-452c-b6a1-e38ef18f1d67",
            "ticker": "KXHIGHAUS-24DEC06-T49",
            "count": 50,
            "created_time": "2024-12-06T02:17:07.773297Z",
            "yes_price": 1,
            "no_price": 99,
            "taker_side": "no"
        },
        {
            "trade_id": "de195bf8-1f5b-40d6-ab72-c1c28c45d2f6",
            "ticker": "KXHIGHAUS-24DEC06-T49",
            "count": 100,
            "created_time": "2024-12-06T02:17:07.51912Z",
            "yes_price": 3,
            "no_price": 97,
            "taker_side": "no"
        },
        {
            "trade_id": "8dff0996-8a07-40b0-9af8-dbf550f6506c",
            "ticker": "KXHIGHAUS-24DEC06-T49",
            "count": 37,
            "created_time": "2024-12-06T02:17:07.51912Z",
            "yes_price": 3,
            "no_price": 97,
            "taker_side": "no"
        },
        {
            "trade_id": "e8418f08-cc96-449a-b507-ed6a8224afdf",
            "ticker": "KXHIGHAUS-24DEC06-T49",
            "count": 41,
            "created_time": "2024-12-06T02:10:12.704255Z",
            "yes_price": 3,
            "no_price": 97,
            "taker_side": "no"
        },
        {
            "trade_id": "c29a18eb-db3f-4dad-9194-0a3b8d1cfbdc",
            "ticker": "KXHIGHAUS-24DEC06-T49",
            "count": 22,
            "created_time": "2024-12-06T02:00:39.054312Z",
            "yes_price": 3,
            "no_price": 97,
            "taker_side": "no"
        },
        {
            "trade_id": "8a4fbbca-42c7-481c-a6fc-0c6eb7bb645d",
            "ticker": "KXHIGHAUS-24DEC06-T49",
            "count": 7,
            "created_time": "2024-12-06T01:46:15.947755Z",
            "yes_price": 3,
            "no_price": 97,
            "taker_side": "no"
        },
        {
            "trade_id": "367fb533-ee0c-477a-917b-0a34031dd352",
            "ticker": "KXHIGHAUS-24DEC06-T49",
            "count": 9,
            "created_time": "2024-12-06T01:29:06.552117Z",
            "yes_price": 3,
            "no_price": 97,
            "taker_side": "no"
        },
        {
            "trade_id": "dd4cccce-cd85-4f30-9570-37f1f383ddf3",
            "ticker": "KXHIGHAUS-24DEC06-T49",
            "count": 21,
            "created_time": "2024-12-06T00:58:03.411723Z",
            "yes_price": 5,
            "no_price": 95,
            "taker_side": "yes"
        },
        {
            "trade_id": "296c4fc3-c0e1-4442-8f5c-75e7cd5f5a0d",
            "ticker": "KXHIGHAUS-24DEC06-T49",
            "count": 10,
            "created_time": "2024-12-06T00:10:49.219859Z",
            "yes_price": 2,
            "no_price": 98,
            "taker_side": "no"
        },
        {
            "trade_id": "1b49fa9b-df93-4cb0-a670-90cce52c8ea0",
            "ticker": "KXHIGHAUS-24DEC06-T49",
            "count": 10,
            "created_time": "2024-12-06T00:06:55.155047Z",
            "yes_price": 2,
            "no_price": 98,
            "taker_side": "no"
        },
        {
            "trade_id": "0f48c7ca-f31a-4fb5-9b5f-6deabc8adee5",
            "ticker": "KXHIGHAUS-24DEC06-T49",
            "count": 150,
            "created_time": "2024-12-05T23:55:06.714078Z",
            "yes_price": 2,
            "no_price": 98,
            "taker_side": "no"
        },
        {
            "trade_id": "83402111-3d75-42a5-aa8a-f280126c0af3",
            "ticker": "KXHIGHAUS-24DEC06-T49",
            "count": 100,
            "created_time": "2024-12-05T23:45:46.258376Z",
            "yes_price": 2,
            "no_price": 98,
            "taker_side": "no"
        },
        {
            "trade_id": "b5599e87-0c87-49b7-adb7-f28070827b70",
            "ticker": "KXHIGHAUS-24DEC06-T49",
            "count": 14,
            "created_time": "2024-12-05T22:49:54.798432Z",
            "yes_price": 2,
            "no_price": 98,
            "taker_side": "no"
        },
        {
            "trade_id": "3a65ea66-0bff-4e32-9438-436709e6f819",
            "ticker": "KXHIGHAUS-24DEC06-T49",
            "count": 41,
            "created_time": "2024-12-05T22:49:36.444832Z",
            "yes_price": 2,
            "no_price": 98,
            "taker_side": "no"
        },
        {
            "trade_id": "3e585613-5172-4752-a9b5-c9fd57920deb",
            "ticker": "KXHIGHAUS-24DEC06-T49",
            "count": 45,
            "created_time": "2024-12-05T22:49:21.159982Z",
            "yes_price": 2,
            "no_price": 98,
            "taker_side": "no"
        },
        {
            "trade_id": "a1d6a33f-1902-40fb-b0a3-d57f0a1343cd",
            "ticker": "KXHIGHAUS-24DEC06-T49",
            "count": 100,
            "created_time": "2024-12-05T22:49:20.92215Z",
            "yes_price": 6,
            "no_price": 94,
            "taker_side": "yes"
        },
        {
            "trade_id": "2919f940-37a0-45bf-986b-fff3318e8cd0",
            "ticker": "KXHIGHAUS-24DEC06-T49",
            "count": 14,
            "created_time": "2024-12-05T22:36:32.952801Z",
            "yes_price": 2,
            "no_price": 98,
            "taker_side": "no"
        },
        {
            "trade_id": "1c9f8e7f-94e9-4266-a001-6866b043bb56",
            "ticker": "KXHIGHAUS-24DEC06-T49",
            "count": 284,
            "created_time": "2024-12-05T22:31:17.161552Z",
            "yes_price": 3,
            "no_price": 97,
            "taker_side": "no"
        },
        {
            "trade_id": "f924d8e1-1a69-477e-a879-2434c34c7fa8",
            "ticker": "KXHIGHAUS-24DEC06-T49",
            "count": 80,
            "created_time": "2024-12-05T22:29:38.377186Z",
            "yes_price": 3,
            "no_price": 97,
            "taker_side": "no"
        },
        {
            "trade_id": "7895467e-b047-498d-8fa2-9e52a2b00859",
            "ticker": "KXHIGHAUS-24DEC06-T49",
            "count": 31,
            "created_time": "2024-12-05T22:28:44.55923Z",
            "yes_price": 3,
            "no_price": 97,
            "taker_side": "no"
        },
        {
            "trade_id": "1d2ed16e-3b53-4794-9112-2bc7459e2a28",
            "ticker": "KXHIGHAUS-24DEC06-T49",
            "count": 5,
            "created_time": "2024-12-05T22:11:42.524514Z",
            "yes_price": 3,
            "no_price": 97,
            "taker_side": "no"
        },
        {
            "trade_id": "5f294187-bca5-4760-98f6-ae8c36a72075",
            "ticker": "KXHIGHAUS-24DEC06-T49",
            "count": 100,
            "created_time": "2024-12-05T19:24:36.400611Z",
            "yes_price": 3,
            "no_price": 97,
            "taker_side": "no"
        },
        {
            "trade_id": "f1552bf6-cfd0-4278-b89a-c2e111d4c918",
            "ticker": "KXHIGHAUS-24DEC06-T49",
            "count": 69,
            "created_time": "2024-12-05T17:52:27.908155Z",
            "yes_price": 6,
            "no_price": 94,
            "taker_side": "yes"
        },
        {
            "trade_id": "b68a3bbe-9cd6-433f-a903-5137f3461730",
            "ticker": "KXHIGHAUS-24DEC06-T49",
            "count": 31,
            "created_time": "2024-12-05T17:52:27.908155Z",
            "yes_price": 6,
            "no_price": 94,
            "taker_side": "yes"
        },
        {
            "trade_id": "8740a3a9-fb4e-448a-9295-1be02ed9d323",
            "ticker": "KXHIGHAUS-24DEC06-T49",
            "count": 100,
            "created_time": "2024-12-05T17:52:27.908155Z",
            "yes_price": 6,
            "no_price": 94,
            "taker_side": "yes"
        },
        {
            "trade_id": "81d59307-264c-4065-aae0-e7bd3dce03d1",
            "ticker": "KXHIGHAUS-24DEC06-T49",
            "count": 96,
            "created_time": "2024-12-05T17:52:27.908155Z",
            "yes_price": 7,
            "no_price": 93,
            "taker_side": "yes"
        },
        {
            "trade_id": "c5773f58-7e8a-4dcf-9d8e-8cd94be71d42",
            "ticker": "KXHIGHAUS-24DEC06-T49",
            "count": 31,
            "created_time": "2024-12-05T17:34:56.88827Z",
            "yes_price": 6,
            "no_price": 94,
            "taker_side": "yes"
        },
        {
            "trade_id": "e3726278-22b9-4ef5-a24b-1729a7ab047e",
            "ticker": "KXHIGHAUS-24DEC06-T49",
            "count": 100,
            "created_time": "2024-12-05T15:52:19.44416Z",
            "yes_price": 5,
            "no_price": 95,
            "taker_side": "yes"
        },
        {
            "trade_id": "2fda5e2a-ce07-4996-9035-eff3407024c5",
            "ticker": "KXHIGHAUS-24DEC06-T49",
            "count": 100,
            "created_time": "2024-12-05T15:29:25.647124Z",
            "yes_price": 6,
            "no_price": 94,
            "taker_side": "yes"
        },
        {
            "trade_id": "255f6216-a259-4407-988d-d30690ff0c0b",
            "ticker": "KXHIGHAUS-24DEC06-T49",
            "count": 100,
            "created_time": "2024-12-05T15:29:25.647124Z",
            "yes_price": 6,
            "no_price": 94,
            "taker_side": "yes"
        }
    ],
    "KXHIGHAUS-24DEC06-B49.5": [
        {
            "trade_id": "f4127902-8593-4070-9ecf-6baa1dbb8e8c",
            "ticker": "KXHIGHAUS-24DEC06-B49.5",
            "count": 350,
            "created_time": "2024-12-06T18:22:10.119613Z",
            "yes_price": 1,
            "no_price": 99,
            "taker_side": "yes"
        },
        {
            "trade_id": "6491b422-d421-4ee3-a575-6ca3fd82cea6",
            "ticker": "KXHIGHAUS-24DEC06-B49.5",
            "count": 10,
            "created_time": "2024-12-06T18:02:02.606206Z",
            "yes_price": 1,
            "no_price": 99,
            "taker_side": "yes"
        },
        {
            "trade_id": "1d9c86a7-7f07-45c1-8aa0-0bfe8bb4397f",
            "ticker": "KXHIGHAUS-24DEC06-B49.5",
            "count": 32,
            "created_time": "2024-12-06T18:02:02.606206Z",
            "yes_price": 1,
            "no_price": 99,
            "taker_side": "yes"
        },
        {
            "trade_id": "1adebadf-f69e-42cd-b276-55d15e3a8c95",
            "ticker": "KXHIGHAUS-24DEC06-B49.5",
            "count": 669,
            "created_time": "2024-12-06T17:43:29.200954Z",
            "yes_price": 1,
            "no_price": 99,
            "taker_side": "no"
        },
        {
            "trade_id": "0f4bbc1e-3aca-4e4c-bd3e-c29e1a9d9a7e",
            "ticker": "KXHIGHAUS-24DEC06-B49.5",
            "count": 415,
            "created_time": "2024-12-06T17:43:29.200954Z",
            "yes_price": 1,
            "no_price": 99,
            "taker_side": "no"
        },
        {
            "trade_id": "183af16d-9d7d-4eed-a52a-845baf5c88ad",
            "ticker": "KXHIGHAUS-24DEC06-B49.5",
            "count": 19,
            "created_time": "2024-12-06T17:43:14.887785Z",
            "yes_price": 1,
            "no_price": 99,
            "taker_side": "no"
        },
        {
            "trade_id": "8dfe8a37-65b5-47b5-a318-03919b06ac21",
            "ticker": "KXHIGHAUS-24DEC06-B49.5",
            "count": 131,
            "created_time": "2024-12-06T17:42:51.723026Z",
            "yes_price": 1,
            "no_price": 99,
            "taker_side": "no"
        },
        {
            "trade_id": "4f468251-f259-4fda-ba69-bf46af75998a",
            "ticker": "KXHIGHAUS-24DEC06-B49.5",
            "count": 14,
            "created_time": "2024-12-06T17:42:51.681568Z",
            "yes_price": 1,
            "no_price": 99,
            "taker_side": "no"
        },
        {
            "trade_id": "3d936a65-e6c1-4583-9dbc-b072d51d91e0",
            "ticker": "KXHIGHAUS-24DEC06-B49.5",
            "count": 14,
            "created_time": "2024-12-06T17:42:51.654146Z",
            "yes_price": 1,
            "no_price": 99,
            "taker_side": "no"
        },
        {
            "trade_id": "538422e5-48e7-46ef-bed3-4f29f94195f4",
            "ticker": "KXHIGHAUS-24DEC06-B49.5",
            "count": 256,
            "created_time": "2024-12-06T17:42:51.631926Z",
            "yes_price": 1,
            "no_price": 99,
            "taker_side": "no"
        },
        {
            "trade_id": "a006db80-ea75-4aea-ab8e-2d8b5f94c08a",
            "ticker": "KXHIGHAUS-24DEC06-B49.5",
            "count": 199,
            "created_time": "2024-12-06T17:35:16.592904Z",
            "yes_price": 2,
            "no_price": 98,
            "taker_side": "no"
        },
        {
            "trade_id": "4e88a96d-7541-4d4d-af3b-5c7793f4078a",
            "ticker": "KXHIGHAUS-24DEC06-B49.5",
            "count": 1,
            "created_time": "2024-12-06T17:33:49.306168Z",
            "yes_price": 2,
            "no_price": 98,
            "taker_side": "no"
        },
        {
            "trade_id": "d61ace52-c527-4b26-99a0-acb0ec3370f5",
            "ticker": "KXHIGHAUS-24DEC06-B49.5",
            "count": 100,
            "created_time": "2024-12-06T17:29:39.253197Z",
            "yes_price": 3,
            "no_price": 97,
            "taker_side": "yes"
        },
        {
            "trade_id": "d3542f9c-bfe7-40c6-810d-00d854c85be8",
            "ticker": "KXHIGHAUS-24DEC06-B49.5",
            "count": 300,
            "created_time": "2024-12-06T17:29:39.253197Z",
            "yes_price": 3,
            "no_price": 97,
            "taker_side": "yes"
        },
        {
            "trade_id": "080ab484-cfcc-4688-8c0b-27c6fd6e4f71",
            "ticker": "KXHIGHAUS-24DEC06-B49.5",
            "count": 130,
            "created_time": "2024-12-06T17:29:39.253197Z",
            "yes_price": 3,
            "no_price": 97,
            "taker_side": "yes"
        },
        {
            "trade_id": "c58bcbea-b925-4f55-936b-c26bd59a6836",
            "ticker": "KXHIGHAUS-24DEC06-B49.5",
            "count": 30,
            "created_time": "2024-12-06T17:25:41.527596Z",
            "yes_price": 1,
            "no_price": 99,
            "taker_side": "no"
        },
        {
            "trade_id": "9baa24b8-50ce-4f12-bbad-bb86aab63249",
            "ticker": "KXHIGHAUS-24DEC06-B49.5",
            "count": 90,
            "created_time": "2024-12-06T17:18:58.414298Z",
            "yes_price": 1,
            "no_price": 99,
            "taker_side": "no"
        },
        {
            "trade_id": "b3b45cb6-ba88-41a2-9d4e-a76543307d08",
            "ticker": "KXHIGHAUS-24DEC06-B49.5",
            "count": 100,
            "created_time": "2024-12-06T17:18:58.397795Z",
            "yes_price": 1,
            "no_price": 99,
            "taker_side": "no"
        },
        {
            "trade_id": "f9c0fefe-be61-4d8e-95ee-7530153f4c49",
            "ticker": "KXHIGHAUS-24DEC06-B49.5",
            "count": 5,
            "created_time": "2024-12-06T17:18:58.371886Z",
            "yes_price": 1,
            "no_price": 99,
            "taker_side": "no"
        },
        {
            "trade_id": "74e30d95-0220-4a36-ae19-e55646f30f84",
            "ticker": "KXHIGHAUS-24DEC06-B49.5",
            "count": 5,
            "created_time": "2024-12-06T17:18:58.367098Z",
            "yes_price": 1,
            "no_price": 99,
            "taker_side": "no"
        },
        {
            "trade_id": "d1dcc0fb-4258-446f-a9e2-25cc96074e8b",
            "ticker": "KXHIGHAUS-24DEC06-B49.5",
            "count": 128,
            "created_time": "2024-12-06T17:18:58.329452Z",
            "yes_price": 1,
            "no_price": 99,
            "taker_side": "no"
        },
        {
            "trade_id": "fc79ed63-61c1-4231-9640-27fb37aae870",
            "ticker": "KXHIGHAUS-24DEC06-B49.5",
            "count": 3539,
            "created_time": "2024-12-06T17:13:58.711572Z",
            "yes_price": 1,
            "no_price": 99,
            "taker_side": "no"
        },
        {
            "trade_id": "83ac19d8-4b89-4922-bd9d-a38960483ac9",
            "ticker": "KXHIGHAUS-24DEC06-B49.5",
            "count": 3267,
            "created_time": "2024-12-06T17:13:58.711572Z",
            "yes_price": 1,
            "no_price": 99,
            "taker_side": "no"
        },
        {
            "trade_id": "69e8c920-1688-437c-b635-257246fbac81",
            "ticker": "KXHIGHAUS-24DEC06-B49.5",
            "count": 20,
            "created_time": "2024-12-06T17:06:34.380415Z",
            "yes_price": 1,
            "no_price": 99,
            "taker_side": "no"
        },
        {
            "trade_id": "dd552d8e-2eb7-48af-b1dd-315f2b6bdbe2",
            "ticker": "KXHIGHAUS-24DEC06-B49.5",
            "count": 30,
            "created_time": "2024-12-06T17:06:34.371113Z",
            "yes_price": 1,
            "no_price": 99,
            "taker_side": "no"
        },
        {
            "trade_id": "453254e3-63f9-4253-acb7-7200a86db0a8",
            "ticker": "KXHIGHAUS-24DEC06-B49.5",
            "count": 32,
            "created_time": "2024-12-06T17:06:34.265328Z",
            "yes_price": 1,
            "no_price": 99,
            "taker_side": "no"
        },
        {
            "trade_id": "4229a2ca-6192-444f-9663-cc132fd511b6",
            "ticker": "KXHIGHAUS-24DEC06-B49.5",
            "count": 1539,
            "created_time": "2024-12-06T17:02:56.588144Z",
            "yes_price": 2,
            "no_price": 98,
            "taker_side": "no"
        },
        {
            "trade_id": "0d8cc1f4-12c0-441d-843a-54fddb0e3133",
            "ticker": "KXHIGHAUS-24DEC06-B49.5",
            "count": 20,
            "created_time": "2024-12-06T17:01:27.094646Z",
            "yes_price": 3,
            "no_price": 97,
            "taker_side": "yes"
        },
        {
            "trade_id": "4ab87b3e-6a27-44ea-8cd3-04912957e920",
            "ticker": "KXHIGHAUS-24DEC06-B49.5",
            "count": 1,
            "created_time": "2024-12-06T16:57:53.185352Z",
            "yes_price": 2,
            "no_price": 98,
            "taker_side": "no"
        },
        {
            "trade_id": "363dcf54-7a1c-449a-a18c-45c693511a1d",
            "ticker": "KXHIGHAUS-24DEC06-B49.5",
            "count": 651,
            "created_time": "2024-12-06T16:57:53.185352Z",
            "yes_price": 1,
            "no_price": 99,
            "taker_side": "no"
        },
        {
            "trade_id": "061e2324-3b7a-400f-8096-907ee9d98ca0",
            "ticker": "KXHIGHAUS-24DEC06-B49.5",
            "count": 226,
            "created_time": "2024-12-06T16:56:08.425762Z",
            "yes_price": 3,
            "no_price": 97,
            "taker_side": "no"
        },
        {
            "trade_id": "54d25f17-5f42-4e4f-b681-072065a80761",
            "ticker": "KXHIGHAUS-24DEC06-B49.5",
            "count": 30,
            "created_time": "2024-12-06T16:52:26.018358Z",
            "yes_price": 4,
            "no_price": 96,
            "taker_side": "yes"
        },
        {
            "trade_id": "dd918a21-5c0a-4ee0-98a6-004deb1e67de",
            "ticker": "KXHIGHAUS-24DEC06-B49.5",
            "count": 161,
            "created_time": "2024-12-06T16:49:33.787457Z",
            "yes_price": 2,
            "no_price": 98,
            "taker_side": "no"
        },
        {
            "trade_id": "b2946988-8d64-470e-a715-2eca5bf6f4bb",
            "ticker": "KXHIGHAUS-24DEC06-B49.5",
            "count": 100,
            "created_time": "2024-12-06T16:30:36.777193Z",
            "yes_price": 4,
            "no_price": 96,
            "taker_side": "yes"
        },
        {
            "trade_id": "a982e184-85c4-4127-a11d-8cbae63a4456",
            "ticker": "KXHIGHAUS-24DEC06-B49.5",
            "count": 95,
            "created_time": "2024-12-06T16:30:36.777193Z",
            "yes_price": 3,
            "no_price": 97,
            "taker_side": "yes"
        },
        {
            "trade_id": "843243c7-8df4-46d3-8929-6a49b3e6d8f6",
            "ticker": "KXHIGHAUS-24DEC06-B49.5",
            "count": 300,
            "created_time": "2024-12-06T16:30:36.777193Z",
            "yes_price": 3,
            "no_price": 97,
            "taker_side": "yes"
        },
        {
            "trade_id": "5f50d842-2865-49fb-83cc-e6a35177ebb8",
            "ticker": "KXHIGHAUS-24DEC06-B49.5",
            "count": 6557,
            "created_time": "2024-12-06T16:30:36.777193Z",
            "yes_price": 4,
            "no_price": 96,
            "taker_side": "yes"
        },
        {
            "trade_id": "ab896882-8ba2-4a15-bb78-4c230861922c",
            "ticker": "KXHIGHAUS-24DEC06-B49.5",
            "count": 5,
            "created_time": "2024-12-06T16:08:02.488421Z",
            "yes_price": 3,
            "no_price": 97,
            "taker_side": "yes"
        },
        {
            "trade_id": "b84a2b2e-51a6-453f-b95c-f3de13a5bd8a",
            "ticker": "KXHIGHAUS-24DEC06-B49.5",
            "count": 5,
            "created_time": "2024-12-06T16:08:02.410347Z",
            "yes_price": 3,
            "no_price": 97,
            "taker_side": "yes"
        },
        {
            "trade_id": "f7dbf649-c0d1-4e8d-9af0-d711279b9c5e",
            "ticker": "KXHIGHAUS-24DEC06-B49.5",
            "count": 20,
            "created_time": "2024-12-06T16:07:44.84813Z",
            "yes_price": 3,
            "no_price": 97,
            "taker_side": "yes"
        },
        {
            "trade_id": "95c76f4a-ba0e-499d-93ca-6433999335e9",
            "ticker": "KXHIGHAUS-24DEC06-B49.5",
            "count": 125,
            "created_time": "2024-12-06T16:02:45.397192Z",
            "yes_price": 2,
            "no_price": 98,
            "taker_side": "no"
        },
        {
            "trade_id": "d4c8c4c3-13a6-44d3-87a4-b36759f76cd9",
            "ticker": "KXHIGHAUS-24DEC06-B49.5",
            "count": 440,
            "created_time": "2024-12-06T15:51:25.748574Z",
            "yes_price": 2,
            "no_price": 98,
            "taker_side": "no"
        },
        {
            "trade_id": "0199ec0e-2a6f-4717-9c2c-daf6442bfae1",
            "ticker": "KXHIGHAUS-24DEC06-B49.5",
            "count": 57,
            "created_time": "2024-12-06T15:51:25.748574Z",
            "yes_price": 3,
            "no_price": 97,
            "taker_side": "no"
        },
        {
            "trade_id": "c9705027-803a-4d9b-98eb-5df39f9032a7",
            "ticker": "KXHIGHAUS-24DEC06-B49.5",
            "count": 95,
            "created_time": "2024-12-06T15:50:10.49816Z",
            "yes_price": 6,
            "no_price": 94,
            "taker_side": "yes"
        },
        {
            "trade_id": "c1343824-1170-4f9b-88a1-aaa5d6b37d8e",
            "ticker": "KXHIGHAUS-24DEC06-B49.5",
            "count": 30,
            "created_time": "2024-12-06T15:50:10.49816Z",
            "yes_price": 5,
            "no_price": 95,
            "taker_side": "yes"
        },
        {
            "trade_id": "b37d6816-f91f-4419-95ed-7e9b9a5dae79",
            "ticker": "KXHIGHAUS-24DEC06-B49.5",
            "count": 30,
            "created_time": "2024-12-06T15:50:10.49816Z",
            "yes_price": 5,
            "no_price": 95,
            "taker_side": "yes"
        },
        {
            "trade_id": "7ca9afd5-fda9-4e46-8c88-1a9088b53c64",
            "ticker": "KXHIGHAUS-24DEC06-B49.5",
            "count": 30,
            "created_time": "2024-12-06T15:50:10.49816Z",
            "yes_price": 4,
            "no_price": 96,
            "taker_side": "yes"
        },
        {
            "trade_id": "75cfd416-24e7-4274-9db3-1361f038212f",
            "ticker": "KXHIGHAUS-24DEC06-B49.5",
            "count": 203,
            "created_time": "2024-12-06T15:50:10.49816Z",
            "yes_price": 4,
            "no_price": 96,
            "taker_side": "yes"
        },
        {
            "trade_id": "715bce2d-7ecb-4c0a-b8df-d68bf4175621",
            "ticker": "KXHIGHAUS-24DEC06-B49.5",
            "count": 9,
            "created_time": "2024-12-06T15:50:10.49816Z",
            "yes_price": 4,
            "no_price": 96,
            "taker_side": "yes"
        },
        {
            "trade_id": "26ee6377-6323-455d-a11f-5ff5397c18d8",
            "ticker": "KXHIGHAUS-24DEC06-B49.5",
            "count": 100,
            "created_time": "2024-12-06T15:50:10.49816Z",
            "yes_price": 5,
            "no_price": 95,
            "taker_side": "yes"
        },
        {
            "trade_id": "b08d9ad6-c446-418d-a63c-0ccdd534b62c",
            "ticker": "KXHIGHAUS-24DEC06-B49.5",
            "count": 91,
            "created_time": "2024-12-06T15:33:07.946818Z",
            "yes_price": 4,
            "no_price": 96,
            "taker_side": "yes"
        },
        {
            "trade_id": "3f19995b-9984-4c9c-ad51-6f32c8e3ebc8",
            "ticker": "KXHIGHAUS-24DEC06-B49.5",
            "count": 400,
            "created_time": "2024-12-06T15:33:07.946818Z",
            "yes_price": 4,
            "no_price": 96,
            "taker_side": "yes"
        },
        {
            "trade_id": "7fc5ecb5-0b76-4713-a62a-032e3e35d5eb",
            "ticker": "KXHIGHAUS-24DEC06-B49.5",
            "count": 50,
            "created_time": "2024-12-06T15:16:52.787519Z",
            "yes_price": 2,
            "no_price": 98,
            "taker_side": "no"
        },
        {
            "trade_id": "0489863a-0c27-4863-a3be-959ee0f49dc1",
            "ticker": "KXHIGHAUS-24DEC06-B49.5",
            "count": 10,
            "created_time": "2024-12-06T15:08:14.71675Z",
            "yes_price": 2,
            "no_price": 98,
            "taker_side": "no"
        },
        {
            "trade_id": "8628de3a-2eed-4e90-a85c-9be923ead8e4",
            "ticker": "KXHIGHAUS-24DEC06-B49.5",
            "count": 300,
            "created_time": "2024-12-06T15:02:44.392041Z",
            "yes_price": 3,
            "no_price": 97,
            "taker_side": "yes"
        },
        {
            "trade_id": "74069624-2fe7-4602-aa52-3ebf012b980f",
            "ticker": "KXHIGHAUS-24DEC06-B49.5",
            "count": 100,
            "created_time": "2024-12-06T15:01:51.823938Z",
            "yes_price": 3,
            "no_price": 97,
            "taker_side": "yes"
        },
        {
            "trade_id": "0300860e-73a1-43eb-8972-9a146bb0231b",
            "ticker": "KXHIGHAUS-24DEC06-B49.5",
            "count": 100,
            "created_time": "2024-12-06T14:56:56.002755Z",
            "yes_price": 4,
            "no_price": 96,
            "taker_side": "yes"
        },
        {
            "trade_id": "f491dab9-37ad-4d72-b92a-c70b3d335d81",
            "ticker": "KXHIGHAUS-24DEC06-B49.5",
            "count": 100,
            "created_time": "2024-12-06T14:24:52.758959Z",
            "yes_price": 5,
            "no_price": 95,
            "taker_side": "yes"
        },
        {
            "trade_id": "a8afcd0a-81b5-4fae-a79b-5879bab3b042",
            "ticker": "KXHIGHAUS-24DEC06-B49.5",
            "count": 125,
            "created_time": "2024-12-06T14:24:52.758959Z",
            "yes_price": 5,
            "no_price": 95,
            "taker_side": "yes"
        },
        {
            "trade_id": "98cec032-ccae-4017-b93a-2c59b4abb8b8",
            "ticker": "KXHIGHAUS-24DEC06-B49.5",
            "count": 100,
            "created_time": "2024-12-06T14:24:52.758959Z",
            "yes_price": 4,
            "no_price": 96,
            "taker_side": "yes"
        },
        {
            "trade_id": "7b3c3297-25f2-40c9-99c1-d0ca383b9702",
            "ticker": "KXHIGHAUS-24DEC06-B49.5",
            "count": 100,
            "created_time": "2024-12-06T14:24:52.758959Z",
            "yes_price": 3,
            "no_price": 97,
            "taker_side": "yes"
        },
        {
            "trade_id": "5a150fb8-4a92-4649-8d73-e0bce5d3f97f",
            "ticker": "KXHIGHAUS-24DEC06-B49.5",
            "count": 300,
            "created_time": "2024-12-06T14:24:52.758959Z",
            "yes_price": 3,
            "no_price": 97,
            "taker_side": "yes"
        },
        {
            "trade_id": "3fc529c7-64aa-4b2f-951c-e060db90bc5c",
            "ticker": "KXHIGHAUS-24DEC06-B49.5",
            "count": 266,
            "created_time": "2024-12-06T14:24:52.758959Z",
            "yes_price": 3,
            "no_price": 97,
            "taker_side": "yes"
        },
        {
            "trade_id": "14b7d3b4-bfd4-488d-94d7-62403bbc2c3f",
            "ticker": "KXHIGHAUS-24DEC06-B49.5",
            "count": 73,
            "created_time": "2024-12-06T14:24:52.758959Z",
            "yes_price": 3,
            "no_price": 97,
            "taker_side": "yes"
        },
        {
            "trade_id": "64adddbb-1f0f-4851-826d-c3c1e36bf969",
            "ticker": "KXHIGHAUS-24DEC06-B49.5",
            "count": 5,
            "created_time": "2024-12-06T14:21:08.386133Z",
            "yes_price": 3,
            "no_price": 97,
            "taker_side": "yes"
        },
        {
            "trade_id": "07163f23-40c1-4fdf-8f15-645afa3ba280",
            "ticker": "KXHIGHAUS-24DEC06-B49.5",
            "count": 225,
            "created_time": "2024-12-06T14:18:34.637199Z",
            "yes_price": 2,
            "no_price": 98,
            "taker_side": "no"
        },
        {
            "trade_id": "6afae37d-c453-44ea-b963-8bfee3574c41",
            "ticker": "KXHIGHAUS-24DEC06-B49.5",
            "count": 500,
            "created_time": "2024-12-06T14:03:18.25169Z",
            "yes_price": 2,
            "no_price": 98,
            "taker_side": "no"
        },
        {
            "trade_id": "c16ae275-599d-4134-8532-620ca660359b",
            "ticker": "KXHIGHAUS-24DEC06-B49.5",
            "count": 250,
            "created_time": "2024-12-06T14:00:39.541101Z",
            "yes_price": 2,
            "no_price": 98,
            "taker_side": "no"
        },
        {
            "trade_id": "2c7e56b0-b7bc-4fe9-842b-ae5d36cd0e95",
            "ticker": "KXHIGHAUS-24DEC06-B49.5",
            "count": 34,
            "created_time": "2024-12-06T13:59:49.721146Z",
            "yes_price": 2,
            "no_price": 98,
            "taker_side": "no"
        },
        {
            "trade_id": "d52615b9-a681-496b-923e-9c44f73144f5",
            "ticker": "KXHIGHAUS-24DEC06-B49.5",
            "count": 5,
            "created_time": "2024-12-06T13:58:26.107701Z",
            "yes_price": 2,
            "no_price": 98,
            "taker_side": "no"
        },
        {
            "trade_id": "7ab1eda5-7b97-438a-aa52-5fb81e0fe23d",
            "ticker": "KXHIGHAUS-24DEC06-B49.5",
            "count": 245,
            "created_time": "2024-12-06T13:58:26.107701Z",
            "yes_price": 2,
            "no_price": 98,
            "taker_side": "no"
        },
        {
            "trade_id": "b37aff69-dea3-4fe5-9ef0-b10400164b37",
            "ticker": "KXHIGHAUS-24DEC06-B49.5",
            "count": 266,
            "created_time": "2024-12-06T13:51:31.381673Z",
            "yes_price": 3,
            "no_price": 97,
            "taker_side": "yes"
        },
        {
            "trade_id": "3d4db0e6-b7e5-42b0-bd06-7887f9b41e78",
            "ticker": "KXHIGHAUS-24DEC06-B49.5",
            "count": 156,
            "created_time": "2024-12-06T13:41:46.388384Z",
            "yes_price": 3,
            "no_price": 97,
            "taker_side": "yes"
        },
        {
            "trade_id": "a9edeb10-513a-4a12-b4f4-a4f2a3054502",
            "ticker": "KXHIGHAUS-24DEC06-B49.5",
            "count": 267,
            "created_time": "2024-12-06T13:39:42.625531Z",
            "yes_price": 2,
            "no_price": 98,
            "taker_side": "no"
        },
        {
            "trade_id": "df6d7d5a-9f9a-4e56-80cd-f7401e530040",
            "ticker": "KXHIGHAUS-24DEC06-B49.5",
            "count": 100,
            "created_time": "2024-12-06T13:33:41.796658Z",
            "yes_price": 2,
            "no_price": 98,
            "taker_side": "no"
        },
        {
            "trade_id": "b864d0f9-59e3-4d00-871f-7d730f266a78",
            "ticker": "KXHIGHAUS-24DEC06-B49.5",
            "count": 849,
            "created_time": "2024-12-06T13:25:23.74913Z",
            "yes_price": 2,
            "no_price": 98,
            "taker_side": "no"
        },
        {
            "trade_id": "bbf0921d-0f9f-4723-9a72-23765c8a160c",
            "ticker": "KXHIGHAUS-24DEC06-B49.5",
            "count": 1,
            "created_time": "2024-12-06T13:24:55.258107Z",
            "yes_price": 2,
            "no_price": 98,
            "taker_side": "no"
        },
        {
            "trade_id": "8a5304f3-ebca-46bd-a82d-fccb7539951c",
            "ticker": "KXHIGHAUS-24DEC06-B49.5",
            "count": 266,
            "created_time": "2024-12-06T13:24:55.258107Z",
            "yes_price": 3,
            "no_price": 97,
            "taker_side": "no"
        },
        {
            "trade_id": "80d037e5-f741-4063-88f7-6c0831142397",
            "ticker": "KXHIGHAUS-24DEC06-B49.5",
            "count": 539,
            "created_time": "2024-12-06T13:24:55.258107Z",
            "yes_price": 2,
            "no_price": 98,
            "taker_side": "no"
        },
        {
            "trade_id": "1ce313d0-4dc3-4d1b-a459-ccde6b69e408",
            "ticker": "KXHIGHAUS-24DEC06-B49.5",
            "count": 34,
            "created_time": "2024-12-06T13:24:55.258107Z",
            "yes_price": 3,
            "no_price": 97,
            "taker_side": "no"
        },
        {
            "trade_id": "d7a0b840-f194-48a7-8d65-36cbef678766",
            "ticker": "KXHIGHAUS-24DEC06-B49.5",
            "count": 3,
            "created_time": "2024-12-06T13:20:17.277432Z",
            "yes_price": 3,
            "no_price": 97,
            "taker_side": "no"
        },
        {
            "trade_id": "5acf905f-8da1-48b7-89ca-477bb5a0d32c",
            "ticker": "KXHIGHAUS-24DEC06-B49.5",
            "count": 1400,
            "created_time": "2024-12-06T13:17:51.517876Z",
            "yes_price": 3,
            "no_price": 97,
            "taker_side": "yes"
        },
        {
            "trade_id": "a0caf0f8-b780-4afa-8327-e7b0f6d823b4",
            "ticker": "KXHIGHAUS-24DEC06-B49.5",
            "count": 100,
            "created_time": "2024-12-06T13:17:11.00469Z",
            "yes_price": 3,
            "no_price": 97,
            "taker_side": "yes"
        },
        {
            "trade_id": "985b0358-4b73-4d15-b95e-e4a0a850e6e3",
            "ticker": "KXHIGHAUS-24DEC06-B49.5",
            "count": 600,
            "created_time": "2024-12-06T13:17:11.00469Z",
            "yes_price": 3,
            "no_price": 97,
            "taker_side": "yes"
        },
        {
            "trade_id": "3bc51b8a-4894-45fc-a791-7123acdae826",
            "ticker": "KXHIGHAUS-24DEC06-B49.5",
            "count": 300,
            "created_time": "2024-12-06T13:17:11.00469Z",
            "yes_price": 3,
            "no_price": 97,
            "taker_side": "yes"
        },
        {
            "trade_id": "edc45496-f6db-44a9-ae4c-60a1df47f923",
            "ticker": "KXHIGHAUS-24DEC06-B49.5",
            "count": 2000,
            "created_time": "2024-12-06T13:14:05.154955Z",
            "yes_price": 2,
            "no_price": 98,
            "taker_side": "yes"
        },
        {
            "trade_id": "fe4b831a-eb51-40f4-b103-f47334b70326",
            "ticker": "KXHIGHAUS-24DEC06-B49.5",
            "count": 43,
            "created_time": "2024-12-06T13:07:33.953558Z",
            "yes_price": 1,
            "no_price": 99,
            "taker_side": "no"
        },
        {
            "trade_id": "dac9d384-401f-4ef6-ba21-2d331fb1a194",
            "ticker": "KXHIGHAUS-24DEC06-B49.5",
            "count": 37,
            "created_time": "2024-12-06T13:07:33.953558Z",
            "yes_price": 1,
            "no_price": 99,
            "taker_side": "no"
        },
        {
            "trade_id": "c9259cfd-ff77-4a39-a973-0a8254afb533",
            "ticker": "KXHIGHAUS-24DEC06-B49.5",
            "count": 1,
            "created_time": "2024-12-06T07:53:30.52299Z",
            "yes_price": 5,
            "no_price": 95,
            "taker_side": "yes"
        },
        {
            "trade_id": "6ea188d4-c78b-4ae4-87ab-b3221e136ae9",
            "ticker": "KXHIGHAUS-24DEC06-B49.5",
            "count": 1,
            "created_time": "2024-12-06T07:53:20.837232Z",
            "yes_price": 2,
            "no_price": 98,
            "taker_side": "yes"
        },
        {
            "trade_id": "8f84330f-e57c-4ce9-8602-44a4c7cb3b36",
            "ticker": "KXHIGHAUS-24DEC06-B49.5",
            "count": 1,
            "created_time": "2024-12-06T07:52:30.340375Z",
            "yes_price": 2,
            "no_price": 98,
            "taker_side": "no"
        },
        {
            "trade_id": "dfb2338c-2dd2-4bd5-8875-d9c31ae65c89",
            "ticker": "KXHIGHAUS-24DEC06-B49.5",
            "count": 1,
            "created_time": "2024-12-06T07:22:08.635789Z",
            "yes_price": 1,
            "no_price": 99,
            "taker_side": "no"
        },
        {
            "trade_id": "4305a6c4-67b1-469b-808a-dce4c28710f1",
            "ticker": "KXHIGHAUS-24DEC06-B49.5",
            "count": 1,
            "created_time": "2024-12-06T07:21:04.828972Z",
            "yes_price": 1,
            "no_price": 99,
            "taker_side": "no"
        },
        {
            "trade_id": "3432f753-df69-4841-83a5-60c7b2211610",
            "ticker": "KXHIGHAUS-24DEC06-B49.5",
            "count": 1,
            "created_time": "2024-12-06T07:20:01.347298Z",
            "yes_price": 1,
            "no_price": 99,
            "taker_side": "no"
        },
        {
            "trade_id": "a5dbe28b-86b2-40a8-92b9-79f896962aab",
            "ticker": "KXHIGHAUS-24DEC06-B49.5",
            "count": 1,
            "created_time": "2024-12-06T07:18:57.531217Z",
            "yes_price": 1,
            "no_price": 99,
            "taker_side": "no"
        },
        {
            "trade_id": "9b70bd48-836f-4c5e-ad1b-646296d024b2",
            "ticker": "KXHIGHAUS-24DEC06-B49.5",
            "count": 1,
            "created_time": "2024-12-06T07:17:53.741662Z",
            "yes_price": 1,
            "no_price": 99,
            "taker_side": "no"
        },
        {
            "trade_id": "3770959d-95d7-421d-bb31-39352bb27642",
            "ticker": "KXHIGHAUS-24DEC06-B49.5",
            "count": 1,
            "created_time": "2024-12-06T07:16:50.155961Z",
            "yes_price": 1,
            "no_price": 99,
            "taker_side": "no"
        },
        {
            "trade_id": "c1ee975f-d788-4eca-990a-46f80510b68f",
            "ticker": "KXHIGHAUS-24DEC06-B49.5",
            "count": 1,
            "created_time": "2024-12-06T07:15:46.681948Z",
            "yes_price": 1,
            "no_price": 99,
            "taker_side": "no"
        },
        {
            "trade_id": "308d0709-6d65-41da-ac77-68c4d48be5f5",
            "ticker": "KXHIGHAUS-24DEC06-B49.5",
            "count": 1,
            "created_time": "2024-12-06T07:14:43.180926Z",
            "yes_price": 1,
            "no_price": 99,
            "taker_side": "no"
        },
        {
            "trade_id": "7825f7c4-04ea-4053-9cb5-d22609033fc9",
            "ticker": "KXHIGHAUS-24DEC06-B49.5",
            "count": 1,
            "created_time": "2024-12-06T07:13:39.467726Z",
            "yes_price": 1,
            "no_price": 99,
            "taker_side": "no"
        },
        {
            "trade_id": "fe0a97f9-7d86-4865-9469-a4ba8f68719e",
            "ticker": "KXHIGHAUS-24DEC06-B49.5",
            "count": 1,
            "created_time": "2024-12-06T07:12:36.043969Z",
            "yes_price": 1,
            "no_price": 99,
            "taker_side": "no"
        },
        {
            "trade_id": "ddae88a7-e4cb-4417-ab09-d53b49aadc1b",
            "ticker": "KXHIGHAUS-24DEC06-B49.5",
            "count": 1,
            "created_time": "2024-12-06T07:11:32.482397Z",
            "yes_price": 1,
            "no_price": 99,
            "taker_side": "no"
        },
        {
            "trade_id": "737526e7-a84b-4bef-b7db-76cc99bcf53a",
            "ticker": "KXHIGHAUS-24DEC06-B49.5",
            "count": 1,
            "created_time": "2024-12-06T07:11:15.897595Z",
            "yes_price": 1,
            "no_price": 99,
            "taker_side": "no"
        },
        {
            "trade_id": "1f9ca038-02f9-4b8e-bbf7-05c1a6b86916",
            "ticker": "KXHIGHAUS-24DEC06-B49.5",
            "count": 1,
            "created_time": "2024-12-06T07:10:13.285712Z",
            "yes_price": 1,
            "no_price": 99,
            "taker_side": "no"
        },
        {
            "trade_id": "e5031c84-c0a2-4635-aa25-68b70e198643",
            "ticker": "KXHIGHAUS-24DEC06-B49.5",
            "count": 350,
            "created_time": "2024-12-06T06:20:27.603088Z",
            "yes_price": 2,
            "no_price": 98,
            "taker_side": "no"
        },
        {
            "trade_id": "8345b111-2f46-4eb2-8a8d-aaa43bcdbe6c",
            "ticker": "KXHIGHAUS-24DEC06-B49.5",
            "count": 48,
            "created_time": "2024-12-06T06:03:14.660621Z",
            "yes_price": 3,
            "no_price": 97,
            "taker_side": "no"
        },
        {
            "trade_id": "204c21f2-0d4f-4529-90b8-c7ac889061a7",
            "ticker": "KXHIGHAUS-24DEC06-B49.5",
            "count": 1,
            "created_time": "2024-12-06T05:42:32.184718Z",
            "yes_price": 8,
            "no_price": 92,
            "taker_side": "yes"
        },
        {
            "trade_id": "e3d8015c-61a4-4f8c-8487-7c4f7e5236f7",
            "ticker": "KXHIGHAUS-24DEC06-B49.5",
            "count": 152,
            "created_time": "2024-12-06T05:41:06.656256Z",
            "yes_price": 3,
            "no_price": 97,
            "taker_side": "no"
        },
        {
            "trade_id": "13932f43-4499-44fb-a7e1-9cb0b4af5984",
            "ticker": "KXHIGHAUS-24DEC06-B49.5",
            "count": 100,
            "created_time": "2024-12-06T05:00:31.909647Z",
            "yes_price": 7,
            "no_price": 93,
            "taker_side": "yes"
        },
        {
            "trade_id": "b5dc8515-5c74-462d-9e04-e8df1895ed9e",
            "ticker": "KXHIGHAUS-24DEC06-B49.5",
            "count": 21,
            "created_time": "2024-12-06T04:30:42.289249Z",
            "yes_price": 7,
            "no_price": 93,
            "taker_side": "yes"
        },
        {
            "trade_id": "5031267f-0ae5-4584-a713-ec43fcef4072",
            "ticker": "KXHIGHAUS-24DEC06-B49.5",
            "count": 216,
            "created_time": "2024-12-06T04:30:42.289249Z",
            "yes_price": 8,
            "no_price": 92,
            "taker_side": "yes"
        },
        {
            "trade_id": "8f883a0e-4a46-46b3-9b66-51593ce84201",
            "ticker": "KXHIGHAUS-24DEC06-B49.5",
            "count": 100,
            "created_time": "2024-12-06T03:10:13.087268Z",
            "yes_price": 9,
            "no_price": 91,
            "taker_side": "yes"
        },
        {
            "trade_id": "fe11804d-2ae0-4838-95ae-127f386106a0",
            "ticker": "KXHIGHAUS-24DEC06-B49.5",
            "count": 80,
            "created_time": "2024-12-06T03:02:25.039684Z",
            "yes_price": 10,
            "no_price": 90,
            "taker_side": "yes"
        },
        {
            "trade_id": "80f2cff5-8b6f-425b-a149-e80e2925bf8c",
            "ticker": "KXHIGHAUS-24DEC06-B49.5",
            "count": 200,
            "created_time": "2024-12-06T02:52:18.932773Z",
            "yes_price": 10,
            "no_price": 90,
            "taker_side": "yes"
        },
        {
            "trade_id": "f51bf3fe-e09d-4513-8547-3688ba717c13",
            "ticker": "KXHIGHAUS-24DEC06-B49.5",
            "count": 100,
            "created_time": "2024-12-06T02:31:57.987511Z",
            "yes_price": 10,
            "no_price": 90,
            "taker_side": "yes"
        },
        {
            "trade_id": "a7691c2d-3a78-4976-a0bf-b6d651e64926",
            "ticker": "KXHIGHAUS-24DEC06-B49.5",
            "count": 15,
            "created_time": "2024-12-06T02:31:57.987511Z",
            "yes_price": 13,
            "no_price": 87,
            "taker_side": "yes"
        },
        {
            "trade_id": "7985fad1-2119-4928-906d-b98fa6e724ac",
            "ticker": "KXHIGHAUS-24DEC06-B49.5",
            "count": 80,
            "created_time": "2024-12-06T02:31:57.987511Z",
            "yes_price": 9,
            "no_price": 91,
            "taker_side": "yes"
        },
        {
            "trade_id": "6dcdf132-819e-4942-a268-22068ed9d5df",
            "ticker": "KXHIGHAUS-24DEC06-B49.5",
            "count": 30,
            "created_time": "2024-12-06T02:31:57.987511Z",
            "yes_price": 11,
            "no_price": 89,
            "taker_side": "yes"
        },
        {
            "trade_id": "3333174a-fd48-4abc-862c-7723a028bde7",
            "ticker": "KXHIGHAUS-24DEC06-B49.5",
            "count": 41,
            "created_time": "2024-12-06T02:10:13.787712Z",
            "yes_price": 5,
            "no_price": 95,
            "taker_side": "no"
        },
        {
            "trade_id": "7dd79f1a-d57e-436e-8482-5a54cfca005e",
            "ticker": "KXHIGHAUS-24DEC06-B49.5",
            "count": 22,
            "created_time": "2024-12-06T02:00:38.597318Z",
            "yes_price": 5,
            "no_price": 95,
            "taker_side": "no"
        },
        {
            "trade_id": "ab6c77d4-a59a-4f4f-ab95-f9b92fa914d8",
            "ticker": "KXHIGHAUS-24DEC06-B49.5",
            "count": 7,
            "created_time": "2024-12-06T01:46:15.942918Z",
            "yes_price": 6,
            "no_price": 94,
            "taker_side": "no"
        },
        {
            "trade_id": "7705a1cf-83e7-4150-9847-c7a59be974cd",
            "ticker": "KXHIGHAUS-24DEC06-B49.5",
            "count": 9,
            "created_time": "2024-12-06T01:29:06.565194Z",
            "yes_price": 6,
            "no_price": 94,
            "taker_side": "no"
        },
        {
            "trade_id": "5275956e-119b-4d2c-b6cc-858ab1faf190",
            "ticker": "KXHIGHAUS-24DEC06-B49.5",
            "count": 10,
            "created_time": "2024-12-06T00:10:49.224612Z",
            "yes_price": 6,
            "no_price": 94,
            "taker_side": "no"
        },
        {
            "trade_id": "f93b108a-4163-4859-9967-1132c3b27022",
            "ticker": "KXHIGHAUS-24DEC06-B49.5",
            "count": 10,
            "created_time": "2024-12-06T00:06:55.133152Z",
            "yes_price": 6,
            "no_price": 94,
            "taker_side": "no"
        },
        {
            "trade_id": "9ec109d2-29d9-4c41-86ad-de4fd8066340",
            "ticker": "KXHIGHAUS-24DEC06-B49.5",
            "count": 100,
            "created_time": "2024-12-05T23:45:46.246397Z",
            "yes_price": 6,
            "no_price": 94,
            "taker_side": "no"
        },
        {
            "trade_id": "39dd4518-888c-4558-8319-589d02046b52",
            "ticker": "KXHIGHAUS-24DEC06-B49.5",
            "count": 14,
            "created_time": "2024-12-05T22:49:54.458208Z",
            "yes_price": 6,
            "no_price": 94,
            "taker_side": "no"
        },
        {
            "trade_id": "32cc0a16-017b-46d8-864c-5a4a556a37ba",
            "ticker": "KXHIGHAUS-24DEC06-B49.5",
            "count": 41,
            "created_time": "2024-12-05T22:49:36.449789Z",
            "yes_price": 6,
            "no_price": 94,
            "taker_side": "no"
        },
        {
            "trade_id": "747f90e5-e334-4b89-bd14-2b7fe46c4fe4",
            "ticker": "KXHIGHAUS-24DEC06-B49.5",
            "count": 100,
            "created_time": "2024-12-05T22:49:27.503199Z",
            "yes_price": 8,
            "no_price": 92,
            "taker_side": "yes"
        },
        {
            "trade_id": "3fd56e0a-057a-4671-a426-4d4593352bbd",
            "ticker": "KXHIGHAUS-24DEC06-B49.5",
            "count": 45,
            "created_time": "2024-12-05T22:49:21.166619Z",
            "yes_price": 6,
            "no_price": 94,
            "taker_side": "no"
        },
        {
            "trade_id": "3c8d5156-f805-4701-ba90-7d1a84360bc4",
            "ticker": "KXHIGHAUS-24DEC06-B49.5",
            "count": 14,
            "created_time": "2024-12-05T22:36:32.972171Z",
            "yes_price": 6,
            "no_price": 94,
            "taker_side": "no"
        },
        {
            "trade_id": "324f11b7-0307-4c90-9040-cda7540d7e1b",
            "ticker": "KXHIGHAUS-24DEC06-B49.5",
            "count": 80,
            "created_time": "2024-12-05T22:29:38.383103Z",
            "yes_price": 7,
            "no_price": 93,
            "taker_side": "no"
        },
        {
            "trade_id": "7edb5f06-6dec-484e-8ce6-aa7b951b0bdc",
            "ticker": "KXHIGHAUS-24DEC06-B49.5",
            "count": 5,
            "created_time": "2024-12-05T22:11:42.5195Z",
            "yes_price": 7,
            "no_price": 93,
            "taker_side": "no"
        },
        {
            "trade_id": "7f94b357-3adc-467c-a48b-f9e180fafbb1",
            "ticker": "KXHIGHAUS-24DEC06-B49.5",
            "count": 100,
            "created_time": "2024-12-05T22:03:38.816907Z",
            "yes_price": 7,
            "no_price": 93,
            "taker_side": "no"
        },
        {
            "trade_id": "941bd6d6-ba4a-4c2b-bda9-6c9d6df88b4d",
            "ticker": "KXHIGHAUS-24DEC06-B49.5",
            "count": 28,
            "created_time": "2024-12-05T21:03:30.400434Z",
            "yes_price": 9,
            "no_price": 91,
            "taker_side": "no"
        },
        {
            "trade_id": "cba6961d-6e22-4f21-8a3a-102f392a2c57",
            "ticker": "KXHIGHAUS-24DEC06-B49.5",
            "count": 100,
            "created_time": "2024-12-05T20:53:31.454783Z",
            "yes_price": 9,
            "no_price": 91,
            "taker_side": "yes"
        },
        {
            "trade_id": "36586f6f-148f-43a9-9ef0-960d679afbea",
            "ticker": "KXHIGHAUS-24DEC06-B49.5",
            "count": 80,
            "created_time": "2024-12-05T20:30:06.951847Z",
            "yes_price": 10,
            "no_price": 90,
            "taker_side": "yes"
        },
        {
            "trade_id": "7080ae26-d5fc-4e3c-88a6-46b3e10f26d8",
            "ticker": "KXHIGHAUS-24DEC06-B49.5",
            "count": 100,
            "created_time": "2024-12-05T19:42:47.769769Z",
            "yes_price": 12,
            "no_price": 88,
            "taker_side": "yes"
        },
        {
            "trade_id": "31bc7417-7c6b-4ebc-aea7-4330676bbd45",
            "ticker": "KXHIGHAUS-24DEC06-B49.5",
            "count": 52,
            "created_time": "2024-12-05T19:42:47.769769Z",
            "yes_price": 13,
            "no_price": 87,
            "taker_side": "yes"
        },
        {
            "trade_id": "6e05ed53-ca44-4629-b439-e7252f39f46d",
            "ticker": "KXHIGHAUS-24DEC06-B49.5",
            "count": 34,
            "created_time": "2024-12-05T17:33:52.056586Z",
            "yes_price": 11,
            "no_price": 89,
            "taker_side": "yes"
        },
        {
            "trade_id": "8d085622-d576-49b0-8a8b-2d1b125043a8",
            "ticker": "KXHIGHAUS-24DEC06-B49.5",
            "count": 1,
            "created_time": "2024-12-05T17:30:21.178903Z",
            "yes_price": 7,
            "no_price": 93,
            "taker_side": "no"
        },
        {
            "trade_id": "74604e69-c914-4009-8133-4e1ca1c9b59e",
            "ticker": "KXHIGHAUS-24DEC06-B49.5",
            "count": 64,
            "created_time": "2024-12-05T16:27:00.311807Z",
            "yes_price": 7,
            "no_price": 93,
            "taker_side": "no"
        },
        {
            "trade_id": "5cdb7706-fe26-4208-9a75-12b7499b698e",
            "ticker": "KXHIGHAUS-24DEC06-B49.5",
            "count": 80,
            "created_time": "2024-12-05T15:57:35.444451Z",
            "yes_price": 9,
            "no_price": 91,
            "taker_side": "no"
        },
        {
            "trade_id": "77885597-8fc9-4a87-b2ed-7aa0142b4f0e",
            "ticker": "KXHIGHAUS-24DEC06-B49.5",
            "count": 100,
            "created_time": "2024-12-05T15:54:37.854074Z",
            "yes_price": 9,
            "no_price": 91,
            "taker_side": "no"
        },
        {
            "trade_id": "d48122d9-59a7-4ddd-a80c-d4bcae059aa9",
            "ticker": "KXHIGHAUS-24DEC06-B49.5",
            "count": 50,
            "created_time": "2024-12-05T15:52:34.862883Z",
            "yes_price": 10,
            "no_price": 90,
            "taker_side": "yes"
        },
        {
            "trade_id": "fb04edcd-6a27-4a42-b7d4-bab633ab0768",
            "ticker": "KXHIGHAUS-24DEC06-B49.5",
            "count": 100,
            "created_time": "2024-12-05T15:51:28.295078Z",
            "yes_price": 9,
            "no_price": 91,
            "taker_side": "no"
        },
        {
            "trade_id": "f7038d5d-5ee1-476a-9120-ec71d5d4345c",
            "ticker": "KXHIGHAUS-24DEC06-B49.5",
            "count": 240,
            "created_time": "2024-12-05T15:32:14.504259Z",
            "yes_price": 12,
            "no_price": 88,
            "taker_side": "yes"
        },
        {
            "trade_id": "e3552dfd-6996-4c69-b7c0-795d3af37093",
            "ticker": "KXHIGHAUS-24DEC06-B49.5",
            "count": 41,
            "created_time": "2024-12-05T15:32:14.504259Z",
            "yes_price": 13,
            "no_price": 87,
            "taker_side": "yes"
        },
        {
            "trade_id": "b7ca241b-8c6a-487e-a6fd-7973ce1c2aba",
            "ticker": "KXHIGHAUS-24DEC06-B49.5",
            "count": 240,
            "created_time": "2024-12-05T15:32:14.504259Z",
            "yes_price": 14,
            "no_price": 86,
            "taker_side": "yes"
        },
        {
            "trade_id": "81aff0a6-7c61-41d3-8cf9-0c9e49e53a80",
            "ticker": "KXHIGHAUS-24DEC06-B49.5",
            "count": 7,
            "created_time": "2024-12-05T15:32:14.504259Z",
            "yes_price": 13,
            "no_price": 87,
            "taker_side": "yes"
        },
        {
            "trade_id": "68bf6e60-91dd-4ab3-9611-370bb32c64ba",
            "ticker": "KXHIGHAUS-24DEC06-B49.5",
            "count": 192,
            "created_time": "2024-12-05T15:32:14.504259Z",
            "yes_price": 13,
            "no_price": 87,
            "taker_side": "yes"
        },
        {
            "trade_id": "f517cde3-9b22-4604-b5af-4762c9c9103f",
            "ticker": "KXHIGHAUS-24DEC06-B49.5",
            "count": 240,
            "created_time": "2024-12-05T15:29:34.6024Z",
            "yes_price": 11,
            "no_price": 89,
            "taker_side": "yes"
        },
        {
            "trade_id": "66860380-9b99-4813-ba06-634a8a449855",
            "ticker": "KXHIGHAUS-24DEC06-B49.5",
            "count": 1,
            "created_time": "2024-12-05T15:23:22.959845Z",
            "yes_price": 13,
            "no_price": 87,
            "taker_side": "yes"
        },
        {
            "trade_id": "fd0c3c3c-5911-40f4-96f0-d5a8d550c494",
            "ticker": "KXHIGHAUS-24DEC06-B49.5",
            "count": 8,
            "created_time": "2024-12-05T15:17:10.579229Z",
            "yes_price": 12,
            "no_price": 88,
            "taker_side": "yes"
        },
        {
            "trade_id": "b0f52a71-4bd7-451b-8de8-4496a812e521",
            "ticker": "KXHIGHAUS-24DEC06-B49.5",
            "count": 47,
            "created_time": "2024-12-05T15:17:10.579229Z",
            "yes_price": 13,
            "no_price": 87,
            "taker_side": "yes"
        },
        {
            "trade_id": "3a148d40-4185-494d-b716-801813a3798e",
            "ticker": "KXHIGHAUS-24DEC06-B49.5",
            "count": 8,
            "created_time": "2024-12-05T15:02:58.745666Z",
            "yes_price": 10,
            "no_price": 90,
            "taker_side": "yes"
        }
    ],
    "KXHIGHAUS-24DEC06-B51.5": [
        {
            "trade_id": "0833be63-02cf-4b1e-8c6d-0fd87b9b5096",
            "ticker": "KXHIGHAUS-24DEC06-B51.5",
            "count": 1,
            "created_time": "2024-12-07T01:14:32.750685Z",
            "yes_price": 1,
            "no_price": 99,
            "taker_side": "yes"
        },
        {
            "trade_id": "b9b16290-a4c9-4fa7-948c-e7a4e7755870",
            "ticker": "KXHIGHAUS-24DEC06-B51.5",
            "count": 1,
            "created_time": "2024-12-07T01:09:29.410931Z",
            "yes_price": 1,
            "no_price": 99,
            "taker_side": "yes"
        },
        {
            "trade_id": "dbf20d49-6297-415a-9410-b4bf64a7b8ae",
            "ticker": "KXHIGHAUS-24DEC06-B51.5",
            "count": 1,
            "created_time": "2024-12-07T01:04:26.578697Z",
            "yes_price": 1,
            "no_price": 99,
            "taker_side": "yes"
        },
        {
            "trade_id": "af8d8d60-b33a-44f5-9afc-a4679997309e",
            "ticker": "KXHIGHAUS-24DEC06-B51.5",
            "count": 1,
            "created_time": "2024-12-07T00:59:23.840621Z",
            "yes_price": 1,
            "no_price": 99,
            "taker_side": "yes"
        },
        {
            "trade_id": "c24cf594-b92e-472c-b9f7-bd5822d3b597",
            "ticker": "KXHIGHAUS-24DEC06-B51.5",
            "count": 1,
            "created_time": "2024-12-07T00:54:20.86319Z",
            "yes_price": 1,
            "no_price": 99,
            "taker_side": "yes"
        },
        {
            "trade_id": "3f26657f-28a9-4c8b-a221-dcf0548cb773",
            "ticker": "KXHIGHAUS-24DEC06-B51.5",
            "count": 1,
            "created_time": "2024-12-07T00:49:17.549561Z",
            "yes_price": 1,
            "no_price": 99,
            "taker_side": "yes"
        },
        {
            "trade_id": "4a15cace-6e0c-49de-a239-04c5777c41cb",
            "ticker": "KXHIGHAUS-24DEC06-B51.5",
            "count": 1,
            "created_time": "2024-12-07T00:44:14.860226Z",
            "yes_price": 1,
            "no_price": 99,
            "taker_side": "yes"
        },
        {
            "trade_id": "bd011fd5-b39d-4b23-b599-06e95a350d02",
            "ticker": "KXHIGHAUS-24DEC06-B51.5",
            "count": 1,
            "created_time": "2024-12-07T00:23:24.715552Z",
            "yes_price": 1,
            "no_price": 99,
            "taker_side": "yes"
        },
        {
            "trade_id": "b3fba3bb-46c4-4202-b587-3e50b792d4d8",
            "ticker": "KXHIGHAUS-24DEC06-B51.5",
            "count": 1,
            "created_time": "2024-12-07T00:18:21.900144Z",
            "yes_price": 1,
            "no_price": 99,
            "taker_side": "yes"
        },
        {
            "trade_id": "6336bc2b-5cd4-48c7-9485-022ef0dfbc1d",
            "ticker": "KXHIGHAUS-24DEC06-B51.5",
            "count": 1,
            "created_time": "2024-12-07T00:13:18.791818Z",
            "yes_price": 1,
            "no_price": 99,
            "taker_side": "yes"
        },
        {
            "trade_id": "8c8aa92c-2090-48cd-9e3b-9e8040959d39",
            "ticker": "KXHIGHAUS-24DEC06-B51.5",
            "count": 1,
            "created_time": "2024-12-07T00:08:16.101936Z",
            "yes_price": 1,
            "no_price": 99,
            "taker_side": "yes"
        },
        {
            "trade_id": "e1620723-5157-4323-82c3-22013d40695d",
            "ticker": "KXHIGHAUS-24DEC06-B51.5",
            "count": 1,
            "created_time": "2024-12-07T00:03:13.225773Z",
            "yes_price": 1,
            "no_price": 99,
            "taker_side": "yes"
        },
        {
            "trade_id": "a1970e68-35ed-4783-be49-023c58eec52a",
            "ticker": "KXHIGHAUS-24DEC06-B51.5",
            "count": 1,
            "created_time": "2024-12-06T23:58:10.279466Z",
            "yes_price": 1,
            "no_price": 99,
            "taker_side": "yes"
        },
        {
            "trade_id": "a5112e41-5e92-4866-8271-8dd616db6f16",
            "ticker": "KXHIGHAUS-24DEC06-B51.5",
            "count": 1,
            "created_time": "2024-12-06T23:53:07.647972Z",
            "yes_price": 1,
            "no_price": 99,
            "taker_side": "yes"
        },
        {
            "trade_id": "8f439801-a7e6-4dc0-8d2f-1ffe1b5f3b26",
            "ticker": "KXHIGHAUS-24DEC06-B51.5",
            "count": 28,
            "created_time": "2024-12-06T23:03:17.2166Z",
            "yes_price": 1,
            "no_price": 99,
            "taker_side": "yes"
        },
        {
            "trade_id": "7024e1b7-1949-4738-b42c-40015031037b",
            "ticker": "KXHIGHAUS-24DEC06-B51.5",
            "count": 1,
            "created_time": "2024-12-06T23:02:41.460865Z",
            "yes_price": 1,
            "no_price": 99,
            "taker_side": "yes"
        },
        {
            "trade_id": "6448c287-134a-48aa-a1c2-48f07f10de8a",
            "ticker": "KXHIGHAUS-24DEC06-B51.5",
            "count": 1,
            "created_time": "2024-12-06T22:57:38.478888Z",
            "yes_price": 1,
            "no_price": 99,
            "taker_side": "yes"
        },
        {
            "trade_id": "b035f2a2-adb4-4d59-9aa0-b213b08e9f7c",
            "ticker": "KXHIGHAUS-24DEC06-B51.5",
            "count": 1,
            "created_time": "2024-12-06T22:52:35.556473Z",
            "yes_price": 1,
            "no_price": 99,
            "taker_side": "yes"
        },
        {
            "trade_id": "4605a93e-3197-4053-9405-58551d18b259",
            "ticker": "KXHIGHAUS-24DEC06-B51.5",
            "count": 1,
            "created_time": "2024-12-06T22:47:32.432825Z",
            "yes_price": 1,
            "no_price": 99,
            "taker_side": "yes"
        },
        {
            "trade_id": "ed8fc39c-3023-406d-9cff-f7853579a0a2",
            "ticker": "KXHIGHAUS-24DEC06-B51.5",
            "count": 1,
            "created_time": "2024-12-06T22:42:29.400493Z",
            "yes_price": 1,
            "no_price": 99,
            "taker_side": "yes"
        },
        {
            "trade_id": "8b987374-8ef8-4107-88ab-c7e454938bcf",
            "ticker": "KXHIGHAUS-24DEC06-B51.5",
            "count": 1,
            "created_time": "2024-12-06T22:41:51.801379Z",
            "yes_price": 1,
            "no_price": 99,
            "taker_side": "yes"
        },
        {
            "trade_id": "73f08d4c-0f5c-41fa-839e-cd7b0c72656b",
            "ticker": "KXHIGHAUS-24DEC06-B51.5",
            "count": 1,
            "created_time": "2024-12-06T22:41:51.723257Z",
            "yes_price": 1,
            "no_price": 99,
            "taker_side": "yes"
        },
        {
            "trade_id": "19e8c247-4369-4869-b5c8-1b8986b14cbd",
            "ticker": "KXHIGHAUS-24DEC06-B51.5",
            "count": 1,
            "created_time": "2024-12-06T22:36:47.582249Z",
            "yes_price": 1,
            "no_price": 99,
            "taker_side": "yes"
        },
        {
            "trade_id": "d536265d-5878-4977-b1a3-b9d5a76ea315",
            "ticker": "KXHIGHAUS-24DEC06-B51.5",
            "count": 1,
            "created_time": "2024-12-06T22:36:47.404726Z",
            "yes_price": 1,
            "no_price": 99,
            "taker_side": "yes"
        },
        {
            "trade_id": "7c8225cf-03ed-48f6-a7b2-0e7d72ca14f9",
            "ticker": "KXHIGHAUS-24DEC06-B51.5",
            "count": 1,
            "created_time": "2024-12-06T22:31:43.479054Z",
            "yes_price": 1,
            "no_price": 99,
            "taker_side": "yes"
        },
        {
            "trade_id": "8ec2ec9f-4c22-444d-abe2-f5dba8d0255b",
            "ticker": "KXHIGHAUS-24DEC06-B51.5",
            "count": 1,
            "created_time": "2024-12-06T22:31:43.298973Z",
            "yes_price": 1,
            "no_price": 99,
            "taker_side": "yes"
        },
        {
            "trade_id": "7ca85bd6-ad54-45ff-a0ca-076e6c978384",
            "ticker": "KXHIGHAUS-24DEC06-B51.5",
            "count": 1,
            "created_time": "2024-12-06T22:26:39.044165Z",
            "yes_price": 1,
            "no_price": 99,
            "taker_side": "yes"
        },
        {
            "trade_id": "9c092e2b-6408-46b0-8a11-0e643fd561f2",
            "ticker": "KXHIGHAUS-24DEC06-B51.5",
            "count": 1,
            "created_time": "2024-12-06T22:26:38.961336Z",
            "yes_price": 1,
            "no_price": 99,
            "taker_side": "yes"
        },
        {
            "trade_id": "9d155074-9d4a-43ab-a351-34e2503af028",
            "ticker": "KXHIGHAUS-24DEC06-B51.5",
            "count": 56,
            "created_time": "2024-12-06T22:24:53.857716Z",
            "yes_price": 1,
            "no_price": 99,
            "taker_side": "yes"
        },
        {
            "trade_id": "1ce50ab5-d1d7-4e36-9178-783715f42e57",
            "ticker": "KXHIGHAUS-24DEC06-B51.5",
            "count": 1,
            "created_time": "2024-12-06T22:21:35.020491Z",
            "yes_price": 1,
            "no_price": 99,
            "taker_side": "yes"
        },
        {
            "trade_id": "a8e35b86-9c0e-413e-8c46-fb56d38e3aae",
            "ticker": "KXHIGHAUS-24DEC06-B51.5",
            "count": 1,
            "created_time": "2024-12-06T22:21:34.825665Z",
            "yes_price": 1,
            "no_price": 99,
            "taker_side": "yes"
        },
        {
            "trade_id": "86d095d7-64a2-43e7-b46f-557bf9be754a",
            "ticker": "KXHIGHAUS-24DEC06-B51.5",
            "count": 1,
            "created_time": "2024-12-06T22:16:30.843954Z",
            "yes_price": 1,
            "no_price": 99,
            "taker_side": "yes"
        },
        {
            "trade_id": "481db2d5-599d-4213-baed-3012c006771e",
            "ticker": "KXHIGHAUS-24DEC06-B51.5",
            "count": 1,
            "created_time": "2024-12-06T22:16:30.660653Z",
            "yes_price": 1,
            "no_price": 99,
            "taker_side": "yes"
        },
        {
            "trade_id": "d5945701-40af-4349-97e2-0c65625383c4",
            "ticker": "KXHIGHAUS-24DEC06-B51.5",
            "count": 1,
            "created_time": "2024-12-06T22:11:26.383032Z",
            "yes_price": 1,
            "no_price": 99,
            "taker_side": "yes"
        },
        {
            "trade_id": "d5a00bcf-d5c1-4d90-ba25-2c07e87c9281",
            "ticker": "KXHIGHAUS-24DEC06-B51.5",
            "count": 1,
            "created_time": "2024-12-06T22:11:26.202155Z",
            "yes_price": 1,
            "no_price": 99,
            "taker_side": "yes"
        },
        {
            "trade_id": "d973caea-5121-411e-85cf-784873282d36",
            "ticker": "KXHIGHAUS-24DEC06-B51.5",
            "count": 5,
            "created_time": "2024-12-06T22:09:28.691979Z",
            "yes_price": 1,
            "no_price": 99,
            "taker_side": "yes"
        },
        {
            "trade_id": "6da01e05-7316-4f09-b472-4a147d6c9447",
            "ticker": "KXHIGHAUS-24DEC06-B51.5",
            "count": 1,
            "created_time": "2024-12-06T22:06:22.111186Z",
            "yes_price": 1,
            "no_price": 99,
            "taker_side": "yes"
        },
        {
            "trade_id": "3e046861-598e-48ca-bf20-cfc2c1bcb6c7",
            "ticker": "KXHIGHAUS-24DEC06-B51.5",
            "count": 1,
            "created_time": "2024-12-06T22:06:21.931645Z",
            "yes_price": 1,
            "no_price": 99,
            "taker_side": "yes"
        },
        {
            "trade_id": "788d930f-3d54-48dc-8e84-d791190fa86c",
            "ticker": "KXHIGHAUS-24DEC06-B51.5",
            "count": 467,
            "created_time": "2024-12-06T22:03:38.339018Z",
            "yes_price": 1,
            "no_price": 99,
            "taker_side": "yes"
        },
        {
            "trade_id": "fcef096e-d72e-4cc3-8558-88c8f8bf290c",
            "ticker": "KXHIGHAUS-24DEC06-B51.5",
            "count": 99,
            "created_time": "2024-12-06T21:58:54.547399Z",
            "yes_price": 1,
            "no_price": 99,
            "taker_side": "yes"
        },
        {
            "trade_id": "60cba069-1b7f-4ae6-b168-fac3fb70c393",
            "ticker": "KXHIGHAUS-24DEC06-B51.5",
            "count": 53,
            "created_time": "2024-12-06T21:52:37.301706Z",
            "yes_price": 1,
            "no_price": 99,
            "taker_side": "yes"
        },
        {
            "trade_id": "84c78236-d017-4e5f-975c-1437d6aecf6e",
            "ticker": "KXHIGHAUS-24DEC06-B51.5",
            "count": 40,
            "created_time": "2024-12-06T21:50:48.375835Z",
            "yes_price": 1,
            "no_price": 99,
            "taker_side": "yes"
        },
        {
            "trade_id": "73dd558e-d3b5-4bbc-9add-bb0c160e43df",
            "ticker": "KXHIGHAUS-24DEC06-B51.5",
            "count": 469,
            "created_time": "2024-12-06T21:49:48.307237Z",
            "yes_price": 1,
            "no_price": 99,
            "taker_side": "yes"
        },
        {
            "trade_id": "570f23b7-04c2-44c3-a27c-37850900cbfb",
            "ticker": "KXHIGHAUS-24DEC06-B51.5",
            "count": 501,
            "created_time": "2024-12-06T21:49:48.307237Z",
            "yes_price": 1,
            "no_price": 99,
            "taker_side": "yes"
        },
        {
            "trade_id": "3f8ec796-82f0-433d-8ed5-b060257391d0",
            "ticker": "KXHIGHAUS-24DEC06-B51.5",
            "count": 8030,
            "created_time": "2024-12-06T21:49:48.307237Z",
            "yes_price": 1,
            "no_price": 99,
            "taker_side": "yes"
        },
        {
            "trade_id": "cbf449ec-2dbf-4c2d-aefd-57ccf386cda0",
            "ticker": "KXHIGHAUS-24DEC06-B51.5",
            "count": 130,
            "created_time": "2024-12-06T21:38:07.72541Z",
            "yes_price": 1,
            "no_price": 99,
            "taker_side": "yes"
        },
        {
            "trade_id": "dce7a182-30ce-4060-86d9-2fdff3fe0dd9",
            "ticker": "KXHIGHAUS-24DEC06-B51.5",
            "count": 99,
            "created_time": "2024-12-06T21:37:46.840834Z",
            "yes_price": 1,
            "no_price": 99,
            "taker_side": "yes"
        },
        {
            "trade_id": "ed66b826-bdf5-4252-881d-0e1212aa129f",
            "ticker": "KXHIGHAUS-24DEC06-B51.5",
            "count": 1000,
            "created_time": "2024-12-06T21:35:53.063787Z",
            "yes_price": 1,
            "no_price": 99,
            "taker_side": "yes"
        },
        {
            "trade_id": "104d77fa-52cb-479d-a9f2-f8a0420948ac",
            "ticker": "KXHIGHAUS-24DEC06-B51.5",
            "count": 30,
            "created_time": "2024-12-06T21:32:37.687509Z",
            "yes_price": 1,
            "no_price": 99,
            "taker_side": "yes"
        },
        {
            "trade_id": "d4817e88-006a-441b-9c83-0dfa0426893f",
            "ticker": "KXHIGHAUS-24DEC06-B51.5",
            "count": 1,
            "created_time": "2024-12-06T21:22:06.928254Z",
            "yes_price": 1,
            "no_price": 99,
            "taker_side": "yes"
        },
        {
            "trade_id": "ae5ed2db-2536-4461-817e-c315c60b9baa",
            "ticker": "KXHIGHAUS-24DEC06-B51.5",
            "count": 1,
            "created_time": "2024-12-06T21:22:06.849576Z",
            "yes_price": 1,
            "no_price": 99,
            "taker_side": "yes"
        },
        {
            "trade_id": "4be63d45-60c5-402a-b6af-fcd9b812dfa3",
            "ticker": "KXHIGHAUS-24DEC06-B51.5",
            "count": 1,
            "created_time": "2024-12-06T21:20:44.16418Z",
            "yes_price": 1,
            "no_price": 99,
            "taker_side": "yes"
        },
        {
            "trade_id": "35e59f4c-967d-4c75-b7c6-4136c5a90778",
            "ticker": "KXHIGHAUS-24DEC06-B51.5",
            "count": 1,
            "created_time": "2024-12-06T21:20:44.078431Z",
            "yes_price": 1,
            "no_price": 99,
            "taker_side": "yes"
        },
        {
            "trade_id": "eae74371-7b9c-4045-847f-ea1ea475dca3",
            "ticker": "KXHIGHAUS-24DEC06-B51.5",
            "count": 100,
            "created_time": "2024-12-06T20:59:30.461425Z",
            "yes_price": 1,
            "no_price": 99,
            "taker_side": "yes"
        },
        {
            "trade_id": "0ec89548-ef3d-48b9-9d46-54de0adc0ccd",
            "ticker": "KXHIGHAUS-24DEC06-B51.5",
            "count": 93,
            "created_time": "2024-12-06T20:57:36.007359Z",
            "yes_price": 1,
            "no_price": 99,
            "taker_side": "yes"
        },
        {
            "trade_id": "8db8b2f0-5585-44df-8ccb-7f4d573bde9c",
            "ticker": "KXHIGHAUS-24DEC06-B51.5",
            "count": 467,
            "created_time": "2024-12-06T20:12:04.351738Z",
            "yes_price": 1,
            "no_price": 99,
            "taker_side": "yes"
        },
        {
            "trade_id": "8f7b8d60-6bcb-45cd-b144-b71d8ec4ace7",
            "ticker": "KXHIGHAUS-24DEC06-B51.5",
            "count": 880,
            "created_time": "2024-12-06T20:07:45.200456Z",
            "yes_price": 1,
            "no_price": 99,
            "taker_side": "yes"
        },
        {
            "trade_id": "f5e27e8a-6919-4484-8cb4-45c4df03d59f",
            "ticker": "KXHIGHAUS-24DEC06-B51.5",
            "count": 294,
            "created_time": "2024-12-06T20:05:41.508608Z",
            "yes_price": 1,
            "no_price": 99,
            "taker_side": "yes"
        },
        {
            "trade_id": "82945279-821a-46fd-a44b-8d5711743f54",
            "ticker": "KXHIGHAUS-24DEC06-B51.5",
            "count": 888,
            "created_time": "2024-12-06T20:04:25.541465Z",
            "yes_price": 1,
            "no_price": 99,
            "taker_side": "yes"
        },
        {
            "trade_id": "1582f8ef-2d8a-41a7-9f50-24d78f33102a",
            "ticker": "KXHIGHAUS-24DEC06-B51.5",
            "count": 93,
            "created_time": "2024-12-06T20:04:06.502863Z",
            "yes_price": 1,
            "no_price": 99,
            "taker_side": "yes"
        },
        {
            "trade_id": "5b788b32-c295-4c5c-ad83-c9df0ceee133",
            "ticker": "KXHIGHAUS-24DEC06-B51.5",
            "count": 160,
            "created_time": "2024-12-06T20:03:19.518544Z",
            "yes_price": 1,
            "no_price": 99,
            "taker_side": "yes"
        },
        {
            "trade_id": "5def10f8-0477-49e9-9b0a-d0da11fd778e",
            "ticker": "KXHIGHAUS-24DEC06-B51.5",
            "count": 100,
            "created_time": "2024-12-06T20:02:56.584054Z",
            "yes_price": 1,
            "no_price": 99,
            "taker_side": "yes"
        },
        {
            "trade_id": "07ff6ac3-83b6-4702-b400-c08705a2d7ab",
            "ticker": "KXHIGHAUS-24DEC06-B51.5",
            "count": 200,
            "created_time": "2024-12-06T20:02:37.368703Z",
            "yes_price": 1,
            "no_price": 99,
            "taker_side": "yes"
        },
        {
            "trade_id": "9952f133-8fe2-446f-9193-d13cc8b08fca",
            "ticker": "KXHIGHAUS-24DEC06-B51.5",
            "count": 120,
            "created_time": "2024-12-06T20:02:08.318722Z",
            "yes_price": 1,
            "no_price": 99,
            "taker_side": "no"
        },
        {
            "trade_id": "98ed022c-00e5-4c2f-9ec9-06ccd4a3fd8a",
            "ticker": "KXHIGHAUS-24DEC06-B51.5",
            "count": 319,
            "created_time": "2024-12-06T20:02:08.318722Z",
            "yes_price": 1,
            "no_price": 99,
            "taker_side": "no"
        },
        {
            "trade_id": "b2edfe27-ad3c-447f-9181-d0b24c2c6ad4",
            "ticker": "KXHIGHAUS-24DEC06-B51.5",
            "count": 7,
            "created_time": "2024-12-06T20:02:08.148416Z",
            "yes_price": 1,
            "no_price": 99,
            "taker_side": "no"
        },
        {
            "trade_id": "67e752b5-079a-4b81-a4cf-07e4a7411bbd",
            "ticker": "KXHIGHAUS-24DEC06-B51.5",
            "count": 50,
            "created_time": "2024-12-06T20:02:08.148416Z",
            "yes_price": 1,
            "no_price": 99,
            "taker_side": "no"
        },
        {
            "trade_id": "40b4f0d4-9142-4ffb-bfd9-53fd5fca39ef",
            "ticker": "KXHIGHAUS-24DEC06-B51.5",
            "count": 350,
            "created_time": "2024-12-06T20:02:08.148416Z",
            "yes_price": 1,
            "no_price": 99,
            "taker_side": "no"
        },
        {
            "trade_id": "0834b5a5-b8af-4f63-a34a-af37473db8c7",
            "ticker": "KXHIGHAUS-24DEC06-B51.5",
            "count": 309,
            "created_time": "2024-12-06T20:02:08.148416Z",
            "yes_price": 1,
            "no_price": 99,
            "taker_side": "no"
        },
        {
            "trade_id": "15e20e70-5ff8-4f91-95da-2becccbc3295",
            "ticker": "KXHIGHAUS-24DEC06-B51.5",
            "count": 11,
            "created_time": "2024-12-06T20:00:52.722547Z",
            "yes_price": 3,
            "no_price": 97,
            "taker_side": "yes"
        },
        {
            "trade_id": "d9a5782a-3396-4d84-bed2-06523f0cdfd8",
            "ticker": "KXHIGHAUS-24DEC06-B51.5",
            "count": 35,
            "created_time": "2024-12-06T20:00:46.132264Z",
            "yes_price": 3,
            "no_price": 97,
            "taker_side": "yes"
        },
        {
            "trade_id": "48d784d2-a86e-48e7-b308-978900158b0b",
            "ticker": "KXHIGHAUS-24DEC06-B51.5",
            "count": 256,
            "created_time": "2024-12-06T20:00:46.089382Z",
            "yes_price": 3,
            "no_price": 97,
            "taker_side": "yes"
        },
        {
            "trade_id": "eae752f8-3b6b-4f82-8aa2-328b52b154c2",
            "ticker": "KXHIGHAUS-24DEC06-B51.5",
            "count": 499,
            "created_time": "2024-12-06T20:00:45.988905Z",
            "yes_price": 5,
            "no_price": 95,
            "taker_side": "no"
        },
        {
            "trade_id": "d998487e-9d91-4692-bc77-227793a4eb6b",
            "ticker": "KXHIGHAUS-24DEC06-B51.5",
            "count": 5,
            "created_time": "2024-12-06T20:00:45.988905Z",
            "yes_price": 3,
            "no_price": 97,
            "taker_side": "no"
        },
        {
            "trade_id": "92d2bfcb-dc82-4e11-9ac7-6b157a75cd84",
            "ticker": "KXHIGHAUS-24DEC06-B51.5",
            "count": 60,
            "created_time": "2024-12-06T20:00:45.988905Z",
            "yes_price": 6,
            "no_price": 94,
            "taker_side": "no"
        },
        {
            "trade_id": "7f1d3cc1-83a5-4c8c-b336-e5a44b237b50",
            "ticker": "KXHIGHAUS-24DEC06-B51.5",
            "count": 40,
            "created_time": "2024-12-06T20:00:45.988905Z",
            "yes_price": 3,
            "no_price": 97,
            "taker_side": "no"
        },
        {
            "trade_id": "22d7fdaf-1d21-4a8b-9adc-90b42cdebe36",
            "ticker": "KXHIGHAUS-24DEC06-B51.5",
            "count": 10,
            "created_time": "2024-12-06T20:00:45.988905Z",
            "yes_price": 3,
            "no_price": 97,
            "taker_side": "no"
        },
        {
            "trade_id": "0422550e-540b-425e-9e82-72a47daecad3",
            "ticker": "KXHIGHAUS-24DEC06-B51.5",
            "count": 140,
            "created_time": "2024-12-06T20:00:45.988905Z",
            "yes_price": 6,
            "no_price": 94,
            "taker_side": "no"
        },
        {
            "trade_id": "87809aaf-1a8b-41ef-9398-31b0ddde30d8",
            "ticker": "KXHIGHAUS-24DEC06-B51.5",
            "count": 2,
            "created_time": "2024-12-06T19:53:26.554725Z",
            "yes_price": 11,
            "no_price": 89,
            "taker_side": "yes"
        },
        {
            "trade_id": "a9d0cf8f-364e-422c-a4ed-c3d596d797f1",
            "ticker": "KXHIGHAUS-24DEC06-B51.5",
            "count": 15,
            "created_time": "2024-12-06T19:52:24.537788Z",
            "yes_price": 7,
            "no_price": 93,
            "taker_side": "no"
        },
        {
            "trade_id": "f53d1733-4f17-42ef-9b8e-e7a3f8f4c7b9",
            "ticker": "KXHIGHAUS-24DEC06-B51.5",
            "count": 10,
            "created_time": "2024-12-06T19:51:32.084971Z",
            "yes_price": 6,
            "no_price": 94,
            "taker_side": "no"
        },
        {
            "trade_id": "0beb8a00-b2e9-4047-acc3-23800f6928dc",
            "ticker": "KXHIGHAUS-24DEC06-B51.5",
            "count": 10,
            "created_time": "2024-12-06T19:51:25.550551Z",
            "yes_price": 11,
            "no_price": 89,
            "taker_side": "yes"
        },
        {
            "trade_id": "f97219dc-ee7b-4150-8456-55385d56a7ff",
            "ticker": "KXHIGHAUS-24DEC06-B51.5",
            "count": 57,
            "created_time": "2024-12-06T19:48:00.050431Z",
            "yes_price": 8,
            "no_price": 92,
            "taker_side": "no"
        },
        {
            "trade_id": "d360c6b1-2208-41b6-8801-45beb67279e1",
            "ticker": "KXHIGHAUS-24DEC06-B51.5",
            "count": 100,
            "created_time": "2024-12-06T19:48:00.050431Z",
            "yes_price": 7,
            "no_price": 93,
            "taker_side": "no"
        },
        {
            "trade_id": "01b16c76-2ef0-4a99-8353-04534a8a08c2",
            "ticker": "KXHIGHAUS-24DEC06-B51.5",
            "count": 79,
            "created_time": "2024-12-06T19:48:00.050431Z",
            "yes_price": 5,
            "no_price": 95,
            "taker_side": "no"
        },
        {
            "trade_id": "b81859da-a814-4769-92ed-b2435b4343a7",
            "ticker": "KXHIGHAUS-24DEC06-B51.5",
            "count": 2,
            "created_time": "2024-12-06T19:46:16.62679Z",
            "yes_price": 11,
            "no_price": 89,
            "taker_side": "yes"
        },
        {
            "trade_id": "92679bcf-d707-4020-989c-19e1202f7ae4",
            "ticker": "KXHIGHAUS-24DEC06-B51.5",
            "count": 42,
            "created_time": "2024-12-06T19:45:21.774857Z",
            "yes_price": 11,
            "no_price": 89,
            "taker_side": "yes"
        },
        {
            "trade_id": "501e8179-d14f-4162-8760-baf0f8464326",
            "ticker": "KXHIGHAUS-24DEC06-B51.5",
            "count": 1,
            "created_time": "2024-12-06T19:44:53.388335Z",
            "yes_price": 8,
            "no_price": 92,
            "taker_side": "no"
        },
        {
            "trade_id": "ceda0aac-daac-4df7-9cb9-4c64aa09c12f",
            "ticker": "KXHIGHAUS-24DEC06-B51.5",
            "count": 1,
            "created_time": "2024-12-06T19:44:53.308795Z",
            "yes_price": 8,
            "no_price": 92,
            "taker_side": "no"
        },
        {
            "trade_id": "0c3b39e5-354d-42cd-8219-f12394da6088",
            "ticker": "KXHIGHAUS-24DEC06-B51.5",
            "count": 22,
            "created_time": "2024-12-06T19:42:47.558419Z",
            "yes_price": 5,
            "no_price": 95,
            "taker_side": "no"
        },
        {
            "trade_id": "99346ea3-502f-4ddc-aef9-189c323c36f5",
            "ticker": "KXHIGHAUS-24DEC06-B51.5",
            "count": 78,
            "created_time": "2024-12-06T19:42:42.036054Z",
            "yes_price": 12,
            "no_price": 88,
            "taker_side": "yes"
        },
        {
            "trade_id": "b41100b3-34fa-444a-a938-8ff3c3162d2c",
            "ticker": "KXHIGHAUS-24DEC06-B51.5",
            "count": 52,
            "created_time": "2024-12-06T19:42:18.862397Z",
            "yes_price": 12,
            "no_price": 88,
            "taker_side": "yes"
        },
        {
            "trade_id": "9b833f42-345c-41cf-88b8-91376978b890",
            "ticker": "KXHIGHAUS-24DEC06-B51.5",
            "count": 35,
            "created_time": "2024-12-06T19:42:18.862397Z",
            "yes_price": 9,
            "no_price": 91,
            "taker_side": "yes"
        },
        {
            "trade_id": "7af6288c-5647-439c-8742-6ed2f8bd16c5",
            "ticker": "KXHIGHAUS-24DEC06-B51.5",
            "count": 9,
            "created_time": "2024-12-06T19:41:32.56998Z",
            "yes_price": 7,
            "no_price": 93,
            "taker_side": "no"
        },
        {
            "trade_id": "27de3c1a-d80d-4664-a15b-a43b89197741",
            "ticker": "KXHIGHAUS-24DEC06-B51.5",
            "count": 6,
            "created_time": "2024-12-06T19:41:32.56998Z",
            "yes_price": 8,
            "no_price": 92,
            "taker_side": "no"
        },
        {
            "trade_id": "999958ab-7bcd-4175-a0b4-fe554d23d7c0",
            "ticker": "KXHIGHAUS-24DEC06-B51.5",
            "count": 34,
            "created_time": "2024-12-06T19:39:41.317689Z",
            "yes_price": 7,
            "no_price": 93,
            "taker_side": "no"
        },
        {
            "trade_id": "2f2feb84-53fd-4484-a9ce-9c171c0b6bd3",
            "ticker": "KXHIGHAUS-24DEC06-B51.5",
            "count": 34,
            "created_time": "2024-12-06T19:39:14.932563Z",
            "yes_price": 8,
            "no_price": 92,
            "taker_side": "no"
        },
        {
            "trade_id": "c8b8317c-ba98-4030-b4d4-2aeb33d3b9f2",
            "ticker": "KXHIGHAUS-24DEC06-B51.5",
            "count": 10,
            "created_time": "2024-12-06T19:38:55.829712Z",
            "yes_price": 9,
            "no_price": 91,
            "taker_side": "yes"
        },
        {
            "trade_id": "b7d1de9a-73c1-4833-b046-91894c14f847",
            "ticker": "KXHIGHAUS-24DEC06-B51.5",
            "count": 60,
            "created_time": "2024-12-06T19:38:27.102765Z",
            "yes_price": 9,
            "no_price": 91,
            "taker_side": "no"
        },
        {
            "trade_id": "494bfd3b-0e43-4900-b72f-961ff09d9b74",
            "ticker": "KXHIGHAUS-24DEC06-B51.5",
            "count": 16,
            "created_time": "2024-12-06T19:38:27.102765Z",
            "yes_price": 9,
            "no_price": 91,
            "taker_side": "no"
        },
        {
            "trade_id": "e65da908-15f3-4afc-88ad-9bd8ff301fbd",
            "ticker": "KXHIGHAUS-24DEC06-B51.5",
            "count": 100,
            "created_time": "2024-12-06T19:37:59.377227Z",
            "yes_price": 10,
            "no_price": 90,
            "taker_side": "no"
        },
        {
            "trade_id": "bf07c1e1-e0b2-436d-b2e1-dd248e75fbc2",
            "ticker": "KXHIGHAUS-24DEC06-B51.5",
            "count": 10,
            "created_time": "2024-12-06T19:37:59.377227Z",
            "yes_price": 9,
            "no_price": 91,
            "taker_side": "no"
        },
        {
            "trade_id": "248c612b-7d41-4882-a083-93e75a734d17",
            "ticker": "KXHIGHAUS-24DEC06-B51.5",
            "count": 19,
            "created_time": "2024-12-06T19:37:13.090958Z",
            "yes_price": 13,
            "no_price": 87,
            "taker_side": "yes"
        },
        {
            "trade_id": "54a55289-db02-4530-924a-553673de8934",
            "ticker": "KXHIGHAUS-24DEC06-B51.5",
            "count": 11,
            "created_time": "2024-12-06T19:31:27.632144Z",
            "yes_price": 9,
            "no_price": 91,
            "taker_side": "no"
        },
        {
            "trade_id": "a31ef0af-a154-4b6a-bdfc-731cfd01b788",
            "ticker": "KXHIGHAUS-24DEC06-B51.5",
            "count": 10,
            "created_time": "2024-12-06T19:27:07.700395Z",
            "yes_price": 13,
            "no_price": 87,
            "taker_side": "yes"
        },
        {
            "trade_id": "42818046-da31-4cf5-9b07-465a49313a13",
            "ticker": "KXHIGHAUS-24DEC06-B51.5",
            "count": 2,
            "created_time": "2024-12-06T19:27:07.700395Z",
            "yes_price": 14,
            "no_price": 86,
            "taker_side": "yes"
        },
        {
            "trade_id": "b5ad32be-c82b-4ce5-8bfe-e88616773a43",
            "ticker": "KXHIGHAUS-24DEC06-B51.5",
            "count": 60,
            "created_time": "2024-12-06T19:24:33.010411Z",
            "yes_price": 10,
            "no_price": 90,
            "taker_side": "no"
        },
        {
            "trade_id": "55e1886b-3373-491e-a95e-c40f099837cc",
            "ticker": "KXHIGHAUS-24DEC06-B51.5",
            "count": 271,
            "created_time": "2024-12-06T19:24:33.010411Z",
            "yes_price": 10,
            "no_price": 90,
            "taker_side": "no"
        },
        {
            "trade_id": "e1aca0ef-0bc1-4fc1-a9cd-84ff81dbcb7c",
            "ticker": "KXHIGHAUS-24DEC06-B51.5",
            "count": 53,
            "created_time": "2024-12-06T19:23:23.616959Z",
            "yes_price": 12,
            "no_price": 88,
            "taker_side": "no"
        },
        {
            "trade_id": "39186493-37dd-45cd-8d24-2c3b1f847c13",
            "ticker": "KXHIGHAUS-24DEC06-B51.5",
            "count": 60,
            "created_time": "2024-12-06T19:23:23.616959Z",
            "yes_price": 13,
            "no_price": 87,
            "taker_side": "no"
        },
        {
            "trade_id": "64068a7d-b185-4e35-8eee-f5b5cd9b3117",
            "ticker": "KXHIGHAUS-24DEC06-B51.5",
            "count": 115,
            "created_time": "2024-12-06T19:23:11.476718Z",
            "yes_price": 14,
            "no_price": 86,
            "taker_side": "no"
        },
        {
            "trade_id": "ceed1561-d411-4ee3-897f-bd23fbedadad",
            "ticker": "KXHIGHAUS-24DEC06-B51.5",
            "count": 1,
            "created_time": "2024-12-06T19:23:10.047431Z",
            "yes_price": 14,
            "no_price": 86,
            "taker_side": "no"
        },
        {
            "trade_id": "c20f2377-d7dc-4681-a83a-fa69bf7271e2",
            "ticker": "KXHIGHAUS-24DEC06-B51.5",
            "count": 1,
            "created_time": "2024-12-06T19:23:09.930168Z",
            "yes_price": 14,
            "no_price": 86,
            "taker_side": "no"
        },
        {
            "trade_id": "a6bbe689-1e78-4fd6-b39b-fe56a160799b",
            "ticker": "KXHIGHAUS-24DEC06-B51.5",
            "count": 19,
            "created_time": "2024-12-06T19:22:44.4127Z",
            "yes_price": 14,
            "no_price": 86,
            "taker_side": "yes"
        },
        {
            "trade_id": "2eb9db6e-5c04-48e9-a3f4-374c2ca46f09",
            "ticker": "KXHIGHAUS-24DEC06-B51.5",
            "count": 80,
            "created_time": "2024-12-06T19:22:44.4127Z",
            "yes_price": 14,
            "no_price": 86,
            "taker_side": "yes"
        },
        {
            "trade_id": "2d364da5-edf9-4365-84a8-8ccffe3be9bb",
            "ticker": "KXHIGHAUS-24DEC06-B51.5",
            "count": 100,
            "created_time": "2024-12-06T19:22:44.4127Z",
            "yes_price": 16,
            "no_price": 84,
            "taker_side": "yes"
        },
        {
            "trade_id": "2b97d90d-f5f7-4ff9-931b-8d5c258a926f",
            "ticker": "KXHIGHAUS-24DEC06-B51.5",
            "count": 60,
            "created_time": "2024-12-06T19:22:44.4127Z",
            "yes_price": 13,
            "no_price": 87,
            "taker_side": "yes"
        },
        {
            "trade_id": "1798802f-ba93-4d76-bfec-729dbc87b5aa",
            "ticker": "KXHIGHAUS-24DEC06-B51.5",
            "count": 24,
            "created_time": "2024-12-06T19:22:44.4127Z",
            "yes_price": 14,
            "no_price": 86,
            "taker_side": "yes"
        },
        {
            "trade_id": "0432b45c-4874-4dd3-aaa9-31867ccd7b49",
            "ticker": "KXHIGHAUS-24DEC06-B51.5",
            "count": 150,
            "created_time": "2024-12-06T19:22:44.4127Z",
            "yes_price": 13,
            "no_price": 87,
            "taker_side": "yes"
        },
        {
            "trade_id": "ab3d0cb5-819d-4063-8b1c-ecacebed4dc5",
            "ticker": "KXHIGHAUS-24DEC06-B51.5",
            "count": 106,
            "created_time": "2024-12-06T19:21:40.643191Z",
            "yes_price": 7,
            "no_price": 93,
            "taker_side": "no"
        },
        {
            "trade_id": "17ca4744-35c7-4d6b-a5dd-244598dd98f9",
            "ticker": "KXHIGHAUS-24DEC06-B51.5",
            "count": 108,
            "created_time": "2024-12-06T19:21:09.953387Z",
            "yes_price": 8,
            "no_price": 92,
            "taker_side": "no"
        },
        {
            "trade_id": "f8ec4d12-846d-4351-87b3-6afc71b132a3",
            "ticker": "KXHIGHAUS-24DEC06-B51.5",
            "count": 60,
            "created_time": "2024-12-06T19:18:14.175327Z",
            "yes_price": 13,
            "no_price": 87,
            "taker_side": "yes"
        },
        {
            "trade_id": "ebfaf846-878b-4cfa-a94e-53a546a96623",
            "ticker": "KXHIGHAUS-24DEC06-B51.5",
            "count": 5,
            "created_time": "2024-12-06T19:18:14.175327Z",
            "yes_price": 14,
            "no_price": 86,
            "taker_side": "yes"
        },
        {
            "trade_id": "ef928e27-be38-4c15-87ad-1bfdbecf48d4",
            "ticker": "KXHIGHAUS-24DEC06-B51.5",
            "count": 29,
            "created_time": "2024-12-06T19:16:28.817387Z",
            "yes_price": 5,
            "no_price": 95,
            "taker_side": "no"
        },
        {
            "trade_id": "f81e4363-3694-4b70-99bb-cdd0d07cb649",
            "ticker": "KXHIGHAUS-24DEC06-B51.5",
            "count": 51,
            "created_time": "2024-12-06T19:14:19.975489Z",
            "yes_price": 6,
            "no_price": 94,
            "taker_side": "no"
        },
        {
            "trade_id": "dbdd7787-455a-405a-95da-680fd4879cfb",
            "ticker": "KXHIGHAUS-24DEC06-B51.5",
            "count": 15,
            "created_time": "2024-12-06T19:12:44.338891Z",
            "yes_price": 9,
            "no_price": 91,
            "taker_side": "no"
        },
        {
            "trade_id": "144c4ddf-44c7-41a6-8579-d3d34bad8da6",
            "ticker": "KXHIGHAUS-24DEC06-B51.5",
            "count": 40,
            "created_time": "2024-12-06T19:12:44.338891Z",
            "yes_price": 9,
            "no_price": 91,
            "taker_side": "no"
        },
        {
            "trade_id": "02a0f243-fc14-42f0-840d-6d7e508631c0",
            "ticker": "KXHIGHAUS-24DEC06-B51.5",
            "count": 54,
            "created_time": "2024-12-06T19:12:44.338891Z",
            "yes_price": 9,
            "no_price": 91,
            "taker_side": "no"
        },
        {
            "trade_id": "955b7eb4-b3fc-4432-9d3f-0e6cfaef48b6",
            "ticker": "KXHIGHAUS-24DEC06-B51.5",
            "count": 35,
            "created_time": "2024-12-06T19:12:12.751028Z",
            "yes_price": 12,
            "no_price": 88,
            "taker_side": "no"
        },
        {
            "trade_id": "1b848749-cd71-4347-b0fe-8c20e00b83c4",
            "ticker": "KXHIGHAUS-24DEC06-B51.5",
            "count": 192,
            "created_time": "2024-12-06T19:12:12.751028Z",
            "yes_price": 13,
            "no_price": 87,
            "taker_side": "no"
        },
        {
            "trade_id": "d288ad3e-e441-4615-866e-35bdbc26d3eb",
            "ticker": "KXHIGHAUS-24DEC06-B51.5",
            "count": 24,
            "created_time": "2024-12-06T19:11:53.027151Z",
            "yes_price": 14,
            "no_price": 86,
            "taker_side": "no"
        },
        {
            "trade_id": "32756820-06bd-43e7-a227-0c6a5da23d4e",
            "ticker": "KXHIGHAUS-24DEC06-B51.5",
            "count": 8,
            "created_time": "2024-12-06T19:11:53.027151Z",
            "yes_price": 13,
            "no_price": 87,
            "taker_side": "no"
        },
        {
            "trade_id": "1f408e38-a12b-4541-8f92-8babbdef4a65",
            "ticker": "KXHIGHAUS-24DEC06-B51.5",
            "count": 60,
            "created_time": "2024-12-06T19:11:26.302966Z",
            "yes_price": 15,
            "no_price": 85,
            "taker_side": "no"
        },
        {
            "trade_id": "f6a34be5-157d-4df1-8fde-dc09f951915d",
            "ticker": "KXHIGHAUS-24DEC06-B51.5",
            "count": 18,
            "created_time": "2024-12-06T19:10:40.60994Z",
            "yes_price": 15,
            "no_price": 85,
            "taker_side": "no"
        },
        {
            "trade_id": "8440d8a6-8ea1-48da-8bb0-62665aab04cc",
            "ticker": "KXHIGHAUS-24DEC06-B51.5",
            "count": 3,
            "created_time": "2024-12-06T19:08:51.459697Z",
            "yes_price": 16,
            "no_price": 84,
            "taker_side": "no"
        },
        {
