{
    "KXHIGHAUS-24NOV20-T65": [
        {
            "trade_id": "fd1cc104-d54c-4988-a929-fbaf81703a5f",
            "ticker": "KXHIGHAUS-24NOV20-T65",
            "count": 354,
            "created_time": "2024-11-20T22:01:10.403652Z",
            "yes_price": 1,
            "no_price": 99,
            "taker_side": "yes"
        },
        {
            "trade_id": "fc4d7538-b229-42c2-81e0-0d7dd2904f79",
            "ticker": "KXHIGHAUS-24NOV20-T65",
            "count": 124,
            "created_time": "2024-11-20T22:01:10.403652Z",
            "yes_price": 1,
            "no_price": 99,
            "taker_side": "yes"
        },
        {
            "trade_id": "b28accd0-12c2-43aa-ad1d-162399a0645f",
            "ticker": "KXHIGHAUS-24NOV20-T65",
            "count": 3593,
            "created_time": "2024-11-20T22:01:10.403652Z",
            "yes_price": 1,
            "no_price": 99,
            "taker_side": "yes"
        },
        {
            "trade_id": "af545ddb-aa9b-4892-902f-c5da2c752c08",
            "ticker": "KXHIGHAUS-24NOV20-T65",
            "count": 15,
            "created_time": "2024-11-20T22:01:10.403652Z",
            "yes_price": 1,
            "no_price": 99,
            "taker_side": "yes"
        },
        {
            "trade_id": "946cf001-c189-48df-b64e-cf6837990018",
            "ticker": "KXHIGHAUS-24NOV20-T65",
            "count": 125,
            "created_time": "2024-11-20T22:01:10.403652Z",
            "yes_price": 1,
            "no_price": 99,
            "taker_side": "yes"
        },
        {
            "trade_id": "77c3f056-e4c4-4a67-a883-d7f36ee76899",
            "ticker": "KXHIGHAUS-24NOV20-T65",
            "count": 125,
            "created_time": "2024-11-20T22:01:10.403652Z",
            "yes_price": 1,
            "no_price": 99,
            "taker_side": "yes"
        },
        {
            "trade_id": "72a1fd9c-349b-4716-8a49-7bf7603361e2",
            "ticker": "KXHIGHAUS-24NOV20-T65",
            "count": 1034,
            "created_time": "2024-11-20T22:01:10.403652Z",
            "yes_price": 1,
            "no_price": 99,
            "taker_side": "yes"
        },
        {
            "trade_id": "6429b0d2-9e36-4897-b763-9d1cb45d5e07",
            "ticker": "KXHIGHAUS-24NOV20-T65",
            "count": 125,
            "created_time": "2024-11-20T22:01:10.403652Z",
            "yes_price": 1,
            "no_price": 99,
            "taker_side": "yes"
        },
        {
            "trade_id": "5c2265f8-a38e-4a0b-82e1-49aee941ab77",
            "ticker": "KXHIGHAUS-24NOV20-T65",
            "count": 1900,
            "created_time": "2024-11-20T22:01:10.403652Z",
            "yes_price": 1,
            "no_price": 99,
            "taker_side": "yes"
        },
        {
            "trade_id": "4b22fd76-dca2-449e-a8de-b121ef6bb179",
            "ticker": "KXHIGHAUS-24NOV20-T65",
            "count": 50,
            "created_time": "2024-11-20T22:01:10.403652Z",
            "yes_price": 1,
            "no_price": 99,
            "taker_side": "yes"
        },
        {
            "trade_id": "495aa7c0-55ae-4500-8537-1273f79c487e",
            "ticker": "KXHIGHAUS-24NOV20-T65",
            "count": 1900,
            "created_time": "2024-11-20T22:01:10.403652Z",
            "yes_price": 1,
            "no_price": 99,
            "taker_side": "yes"
        },
        {
            "trade_id": "92fb7fb4-9afd-4862-bcdd-877e0919297a",
            "ticker": "KXHIGHAUS-24NOV20-T65",
            "count": 1,
            "created_time": "2024-11-20T20:47:23.019485Z",
            "yes_price": 1,
            "no_price": 99,
            "taker_side": "yes"
        },
        {
            "trade_id": "7db7e659-abec-488c-ba15-e593ce3c82b3",
            "ticker": "KXHIGHAUS-24NOV20-T65",
            "count": 305,
            "created_time": "2024-11-20T15:18:44.86132Z",
            "yes_price": 1,
            "no_price": 99,
            "taker_side": "no"
        },
        {
            "trade_id": "9ed37d11-d254-42c1-858a-a7a07a1dcf6d",
            "ticker": "KXHIGHAUS-24NOV20-T65",
            "count": 10,
            "created_time": "2024-11-20T15:12:26.28109Z",
            "yes_price": 1,
            "no_price": 99,
            "taker_side": "no"
        },
        {
            "trade_id": "150b9b21-0056-4386-8812-7fda29b28b68",
            "ticker": "KXHIGHAUS-24NOV20-T65",
            "count": 5,
            "created_time": "2024-11-20T15:10:42.948028Z",
            "yes_price": 1,
            "no_price": 99,
            "taker_side": "no"
        },
        {
            "trade_id": "129570bb-e373-4fd9-affb-45fd0744a375",
            "ticker": "KXHIGHAUS-24NOV20-T65",
            "count": 11,
            "created_time": "2024-11-20T15:09:29.238572Z",
            "yes_price": 1,
            "no_price": 99,
            "taker_side": "no"
        },
        {
            "trade_id": "d295acf9-aea6-45bb-8cdd-0121ce1310fe",
            "ticker": "KXHIGHAUS-24NOV20-T65",
            "count": 100,
            "created_time": "2024-11-20T15:07:01.534322Z",
            "yes_price": 1,
            "no_price": 99,
            "taker_side": "no"
        },
        {
            "trade_id": "084dd252-c7ca-44df-830f-2754c6e1d5ce",
            "ticker": "KXHIGHAUS-24NOV20-T65",
            "count": 48,
            "created_time": "2024-11-20T15:06:50.616874Z",
            "yes_price": 1,
            "no_price": 99,
            "taker_side": "no"
        },
        {
            "trade_id": "4dc21ab9-4e3e-4146-bd75-8b292d064178",
            "ticker": "KXHIGHAUS-24NOV20-T65",
            "count": 9,
            "created_time": "2024-11-20T15:06:50.256429Z",
            "yes_price": 1,
            "no_price": 99,
            "taker_side": "no"
        },
        {
            "trade_id": "fa8f66b0-523b-44cf-9f52-48c05fbc84ce",
            "ticker": "KXHIGHAUS-24NOV20-T65",
            "count": 9,
            "created_time": "2024-11-20T15:06:50.188482Z",
            "yes_price": 1,
            "no_price": 99,
            "taker_side": "no"
        },
        {
            "trade_id": "4f88df8b-6ca1-4af1-856d-8382b275f3d4",
            "ticker": "KXHIGHAUS-24NOV20-T65",
            "count": 6,
            "created_time": "2024-11-20T15:06:48.356985Z",
            "yes_price": 1,
            "no_price": 99,
            "taker_side": "no"
        },
        {
            "trade_id": "6e88cb57-d052-4617-9765-3004904ae0da",
            "ticker": "KXHIGHAUS-24NOV20-T65",
            "count": 32,
            "created_time": "2024-11-20T15:06:30.590911Z",
            "yes_price": 1,
            "no_price": 99,
            "taker_side": "no"
        },
        {
            "trade_id": "dbad54c5-b7b0-4a97-8529-1e15d9732d5f",
            "ticker": "KXHIGHAUS-24NOV20-T65",
            "count": 21,
            "created_time": "2024-11-20T14:59:43.971783Z",
            "yes_price": 1,
            "no_price": 99,
            "taker_side": "no"
        },
        {
            "trade_id": "673ee3a6-db4d-4d1e-ac85-92550558b9fa",
            "ticker": "KXHIGHAUS-24NOV20-T65",
            "count": 100,
            "created_time": "2024-11-20T14:27:39.686241Z",
            "yes_price": 2,
            "no_price": 98,
            "taker_side": "yes"
        },
        {
            "trade_id": "30320711-dc54-46da-b31a-804f250129f9",
            "ticker": "KXHIGHAUS-24NOV20-T65",
            "count": 1,
            "created_time": "2024-11-20T14:27:39.686241Z",
            "yes_price": 2,
            "no_price": 98,
            "taker_side": "yes"
        },
        {
            "trade_id": "4b560e38-05c9-4cbc-8efc-0c457e65d318",
            "ticker": "KXHIGHAUS-24NOV20-T65",
            "count": 16,
            "created_time": "2024-11-20T14:27:32.694393Z",
            "yes_price": 1,
            "no_price": 99,
            "taker_side": "no"
        },
        {
            "trade_id": "e34af2e6-5a57-4d81-be43-59dff52efc3c",
            "ticker": "KXHIGHAUS-24NOV20-T65",
            "count": 28,
            "created_time": "2024-11-20T14:27:24.788575Z",
            "yes_price": 1,
            "no_price": 99,
            "taker_side": "yes"
        },
        {
            "trade_id": "d66dc0fd-431a-4e66-8689-4b2c3cf757d8",
            "ticker": "KXHIGHAUS-24NOV20-T65",
            "count": 92,
            "created_time": "2024-11-19T18:01:10.924121Z",
            "yes_price": 1,
            "no_price": 99,
            "taker_side": "yes"
        },
        {
            "trade_id": "718c3d01-1984-456d-a0ed-8c4a4a7c4f82",
            "ticker": "KXHIGHAUS-24NOV20-T65",
            "count": 8,
            "created_time": "2024-11-19T18:01:10.924121Z",
            "yes_price": 1,
            "no_price": 99,
            "taker_side": "yes"
        },
        {
            "trade_id": "3f60d8cc-6b46-493a-ae18-3e397fe23da5",
            "ticker": "KXHIGHAUS-24NOV20-T65",
            "count": 112,
            "created_time": "2024-11-19T15:06:59.102534Z",
            "yes_price": 1,
            "no_price": 99,
            "taker_side": "yes"
        }
    ],
    "KXHIGHAUS-24NOV20-B65.5": [
        {
            "trade_id": "fdf102ed-2874-440b-b6a2-51c4738a6a30",
            "ticker": "KXHIGHAUS-24NOV20-B65.5",
            "count": 28,
            "created_time": "2024-11-20T21:31:49.450432Z",
            "yes_price": 1,
            "no_price": 99,
            "taker_side": "yes"
        },
        {
            "trade_id": "cc0d5c11-8d10-473d-80ad-3ab0e1013218",
            "ticker": "KXHIGHAUS-24NOV20-B65.5",
            "count": 726,
            "created_time": "2024-11-20T21:15:04.795316Z",
            "yes_price": 1,
            "no_price": 99,
            "taker_side": "yes"
        },
        {
            "trade_id": "b02c0561-3beb-4575-9917-18fbb6298feb",
            "ticker": "KXHIGHAUS-24NOV20-B65.5",
            "count": 125,
            "created_time": "2024-11-20T21:15:04.795316Z",
            "yes_price": 1,
            "no_price": 99,
            "taker_side": "yes"
        },
        {
            "trade_id": "5ef47618-846f-461e-b469-6238dbf30bca",
            "ticker": "KXHIGHAUS-24NOV20-B65.5",
            "count": 50,
            "created_time": "2024-11-20T21:15:04.795316Z",
            "yes_price": 1,
            "no_price": 99,
            "taker_side": "yes"
        },
        {
            "trade_id": "42590436-fc4e-473f-ab94-d80832a2e219",
            "ticker": "KXHIGHAUS-24NOV20-B65.5",
            "count": 32,
            "created_time": "2024-11-20T21:15:04.795316Z",
            "yes_price": 1,
            "no_price": 99,
            "taker_side": "yes"
        },
        {
            "trade_id": "bfc8f97a-4899-4d28-8711-bd8ad81ff827",
            "ticker": "KXHIGHAUS-24NOV20-B65.5",
            "count": 93,
            "created_time": "2024-11-20T21:09:55.502022Z",
            "yes_price": 1,
            "no_price": 99,
            "taker_side": "yes"
        },
        {
            "trade_id": "9f0b2cd0-8e9f-43a4-b55f-5451b265d678",
            "ticker": "KXHIGHAUS-24NOV20-B65.5",
            "count": 79,
            "created_time": "2024-11-20T21:09:55.502022Z",
            "yes_price": 1,
            "no_price": 99,
            "taker_side": "yes"
        },
        {
            "trade_id": "7a827859-425c-4dc6-b4c1-04a2b4de0cd3",
            "ticker": "KXHIGHAUS-24NOV20-B65.5",
            "count": 4,
            "created_time": "2024-11-20T20:47:12.53816Z",
            "yes_price": 1,
            "no_price": 99,
            "taker_side": "yes"
        },
        {
            "trade_id": "e583dd78-ad98-444a-b7c6-8fdf1c15aab8",
            "ticker": "KXHIGHAUS-24NOV20-B65.5",
            "count": 42,
            "created_time": "2024-11-20T19:14:15.905525Z",
            "yes_price": 1,
            "no_price": 99,
            "taker_side": "yes"
        },
        {
            "trade_id": "79379039-c3b8-4c3f-a4cd-b8e725d489bd",
            "ticker": "KXHIGHAUS-24NOV20-B65.5",
            "count": 125,
            "created_time": "2024-11-20T19:14:15.905525Z",
            "yes_price": 1,
            "no_price": 99,
            "taker_side": "yes"
        },
        {
            "trade_id": "29d5960a-e785-4b14-b23f-48782f3d4291",
            "ticker": "KXHIGHAUS-24NOV20-B65.5",
            "count": 142,
            "created_time": "2024-11-20T18:53:18.50646Z",
            "yes_price": 7,
            "no_price": 93,
            "taker_side": "yes"
        },
        {
            "trade_id": "1ab29dee-813b-4530-b4fb-c4e29100914d",
            "ticker": "KXHIGHAUS-24NOV20-B65.5",
            "count": 110,
            "created_time": "2024-11-20T18:53:18.50646Z",
            "yes_price": 8,
            "no_price": 92,
            "taker_side": "yes"
        },
        {
            "trade_id": "b8114d28-475e-48d7-ba83-9882f791d76e",
            "ticker": "KXHIGHAUS-24NOV20-B65.5",
            "count": 13,
            "created_time": "2024-11-20T18:38:39.370878Z",
            "yes_price": 7,
            "no_price": 93,
            "taker_side": "yes"
        },
        {
            "trade_id": "f9040969-79f0-4ffd-816f-e4efa7d61800",
            "ticker": "KXHIGHAUS-24NOV20-B65.5",
            "count": 4,
            "created_time": "2024-11-20T18:36:31.355065Z",
            "yes_price": 7,
            "no_price": 93,
            "taker_side": "yes"
        },
        {
            "trade_id": "fe0f675d-cba4-4da5-9997-1be0a99fce9c",
            "ticker": "KXHIGHAUS-24NOV20-B65.5",
            "count": 150,
            "created_time": "2024-11-20T18:35:40.260392Z",
            "yes_price": 2,
            "no_price": 98,
            "taker_side": "yes"
        },
        {
            "trade_id": "e72e9d1e-b3bf-43c7-b523-a90850b4cead",
            "ticker": "KXHIGHAUS-24NOV20-B65.5",
            "count": 46,
            "created_time": "2024-11-20T18:35:40.260392Z",
            "yes_price": 7,
            "no_price": 93,
            "taker_side": "yes"
        },
        {
            "trade_id": "e3dde629-8073-4594-bfac-c865233fb52f",
            "ticker": "KXHIGHAUS-24NOV20-B65.5",
            "count": 46,
            "created_time": "2024-11-20T18:35:40.260392Z",
            "yes_price": 6,
            "no_price": 94,
            "taker_side": "yes"
        },
        {
            "trade_id": "825a61da-42a5-4166-98b1-ab20edeccee6",
            "ticker": "KXHIGHAUS-24NOV20-B65.5",
            "count": 3722,
            "created_time": "2024-11-20T18:35:40.260392Z",
            "yes_price": 1,
            "no_price": 99,
            "taker_side": "yes"
        },
        {
            "trade_id": "1f512d87-0711-4018-9312-a455ed160825",
            "ticker": "KXHIGHAUS-24NOV20-B65.5",
            "count": 7,
            "created_time": "2024-11-20T18:35:40.260392Z",
            "yes_price": 8,
            "no_price": 92,
            "taker_side": "yes"
        },
        {
            "trade_id": "763b46c3-58cd-4715-8624-fc9945277762",
            "ticker": "KXHIGHAUS-24NOV20-B65.5",
            "count": 52,
            "created_time": "2024-11-20T18:30:52.918098Z",
            "yes_price": 3,
            "no_price": 97,
            "taker_side": "yes"
        },
        {
            "trade_id": "ac505d19-566f-43cd-a9f9-bd895f094399",
            "ticker": "KXHIGHAUS-24NOV20-B65.5",
            "count": 153,
            "created_time": "2024-11-20T18:17:31.130887Z",
            "yes_price": 4,
            "no_price": 96,
            "taker_side": "yes"
        },
        {
            "trade_id": "91aefafb-7b11-4d54-9d6a-79e514920058",
            "ticker": "KXHIGHAUS-24NOV20-B65.5",
            "count": 106,
            "created_time": "2024-11-20T18:17:31.130887Z",
            "yes_price": 5,
            "no_price": 95,
            "taker_side": "yes"
        },
        {
            "trade_id": "5040f558-5a68-4f47-bf74-2f3874a8d7c7",
            "ticker": "KXHIGHAUS-24NOV20-B65.5",
            "count": 19,
            "created_time": "2024-11-20T18:17:31.130887Z",
            "yes_price": 8,
            "no_price": 92,
            "taker_side": "yes"
        },
        {
            "trade_id": "11b773ca-ddff-4a50-98cf-eca49b6e32af",
            "ticker": "KXHIGHAUS-24NOV20-B65.5",
            "count": 15,
            "created_time": "2024-11-20T18:17:31.130887Z",
            "yes_price": 7,
            "no_price": 93,
            "taker_side": "yes"
        },
        {
            "trade_id": "fdfe9d41-5003-43c7-873c-fff47aad30fc",
            "ticker": "KXHIGHAUS-24NOV20-B65.5",
            "count": 100,
            "created_time": "2024-11-20T18:08:09.158469Z",
            "yes_price": 1,
            "no_price": 99,
            "taker_side": "yes"
        },
        {
            "trade_id": "ced8fe56-74fe-43bd-8f24-7e74b45bfff1",
            "ticker": "KXHIGHAUS-24NOV20-B65.5",
            "count": 150,
            "created_time": "2024-11-20T18:08:09.158469Z",
            "yes_price": 2,
            "no_price": 98,
            "taker_side": "yes"
        },
        {
            "trade_id": "55a2b710-4b74-41f2-b844-b6c432808f6e",
            "ticker": "KXHIGHAUS-24NOV20-B65.5",
            "count": 200,
            "created_time": "2024-11-20T18:08:09.158469Z",
            "yes_price": 3,
            "no_price": 97,
            "taker_side": "yes"
        },
        {
            "trade_id": "473e6152-088f-430c-828a-462244e41b3f",
            "ticker": "KXHIGHAUS-24NOV20-B65.5",
            "count": 200,
            "created_time": "2024-11-20T18:08:09.158469Z",
            "yes_price": 2,
            "no_price": 98,
            "taker_side": "yes"
        },
        {
            "trade_id": "1fa53a69-3e19-4ed3-95b2-da4cd05f771e",
            "ticker": "KXHIGHAUS-24NOV20-B65.5",
            "count": 94,
            "created_time": "2024-11-20T18:08:09.158469Z",
            "yes_price": 5,
            "no_price": 95,
            "taker_side": "yes"
        },
        {
            "trade_id": "4fc74ee6-1459-443b-916d-e2e384056e40",
            "ticker": "KXHIGHAUS-24NOV20-B65.5",
            "count": 100,
            "created_time": "2024-11-20T16:57:41.997925Z",
            "yes_price": 1,
            "no_price": 99,
            "taker_side": "yes"
        },
        {
            "trade_id": "c81d13d2-8c1b-46b8-884c-eba2e8a5183e",
            "ticker": "KXHIGHAUS-24NOV20-B65.5",
            "count": 25,
            "created_time": "2024-11-20T16:51:28.243137Z",
            "yes_price": 2,
            "no_price": 98,
            "taker_side": "no"
        },
        {
            "trade_id": "d07e92ea-4ad9-4197-936a-9cf8de914894",
            "ticker": "KXHIGHAUS-24NOV20-B65.5",
            "count": 477,
            "created_time": "2024-11-20T16:33:18.81771Z",
            "yes_price": 8,
            "no_price": 92,
            "taker_side": "yes"
        },
        {
            "trade_id": "c66f5b9a-60c3-43ac-91c4-32b279a8fce9",
            "ticker": "KXHIGHAUS-24NOV20-B65.5",
            "count": 100,
            "created_time": "2024-11-20T16:33:18.81771Z",
            "yes_price": 6,
            "no_price": 94,
            "taker_side": "yes"
        },
        {
            "trade_id": "c0bb3f8d-694e-4290-b735-b77660eca1b3",
            "ticker": "KXHIGHAUS-24NOV20-B65.5",
            "count": 163,
            "created_time": "2024-11-20T16:33:18.81771Z",
            "yes_price": 2,
            "no_price": 98,
            "taker_side": "yes"
        },
        {
            "trade_id": "c0ab6413-c53a-4c0c-b0ef-7c594cde718e",
            "ticker": "KXHIGHAUS-24NOV20-B65.5",
            "count": 300,
            "created_time": "2024-11-20T16:33:18.81771Z",
            "yes_price": 7,
            "no_price": 93,
            "taker_side": "yes"
        },
        {
            "trade_id": "a65f99a2-61c2-4d2d-bdd3-6aa6ec5da132",
            "ticker": "KXHIGHAUS-24NOV20-B65.5",
            "count": 79,
            "created_time": "2024-11-20T16:33:18.81771Z",
            "yes_price": 2,
            "no_price": 98,
            "taker_side": "yes"
        },
        {
            "trade_id": "7b3d38ca-655e-478f-a67c-9d30e9a0526b",
            "ticker": "KXHIGHAUS-24NOV20-B65.5",
            "count": 150,
            "created_time": "2024-11-20T16:33:18.81771Z",
            "yes_price": 3,
            "no_price": 97,
            "taker_side": "yes"
        },
        {
            "trade_id": "7141e29c-1483-4ef9-83df-760c0ccda3ea",
            "ticker": "KXHIGHAUS-24NOV20-B65.5",
            "count": 29,
            "created_time": "2024-11-20T16:33:18.81771Z",
            "yes_price": 7,
            "no_price": 93,
            "taker_side": "yes"
        },
        {
            "trade_id": "43dc47cc-2868-48c0-83f9-c40b55eec938",
            "ticker": "KXHIGHAUS-24NOV20-B65.5",
            "count": 46,
            "created_time": "2024-11-20T16:33:18.81771Z",
            "yes_price": 7,
            "no_price": 93,
            "taker_side": "yes"
        },
        {
            "trade_id": "31077403-2d9e-4892-b527-3c0c3eccc8a6",
            "ticker": "KXHIGHAUS-24NOV20-B65.5",
            "count": 250,
            "created_time": "2024-11-20T16:07:41.142687Z",
            "yes_price": 1,
            "no_price": 99,
            "taker_side": "no"
        },
        {
            "trade_id": "f38bf101-3328-4f8c-bb19-ea168eac550f",
            "ticker": "KXHIGHAUS-24NOV20-B65.5",
            "count": 37,
            "created_time": "2024-11-20T16:04:25.895131Z",
            "yes_price": 2,
            "no_price": 98,
            "taker_side": "yes"
        },
        {
            "trade_id": "12f35401-7008-44bc-801e-1c03c4879626",
            "ticker": "KXHIGHAUS-24NOV20-B65.5",
            "count": 9,
            "created_time": "2024-11-20T16:04:25.895131Z",
            "yes_price": 2,
            "no_price": 98,
            "taker_side": "yes"
        },
        {
            "trade_id": "97404d1c-530f-475d-bf9c-40d3ff15c33d",
            "ticker": "KXHIGHAUS-24NOV20-B65.5",
            "count": 50,
            "created_time": "2024-11-20T16:03:21.544793Z",
            "yes_price": 1,
            "no_price": 99,
            "taker_side": "no"
        },
        {
            "trade_id": "86811f5f-7e31-4568-92ae-d1fe3cba4d9b",
            "ticker": "KXHIGHAUS-24NOV20-B65.5",
            "count": 20,
            "created_time": "2024-11-20T15:35:21.509599Z",
            "yes_price": 1,
            "no_price": 99,
            "taker_side": "no"
        },
        {
            "trade_id": "32220f2c-7b9e-43ca-b698-905b081e3023",
            "ticker": "KXHIGHAUS-24NOV20-B65.5",
            "count": 273,
            "created_time": "2024-11-20T15:18:52.707496Z",
            "yes_price": 1,
            "no_price": 99,
            "taker_side": "no"
        },
        {
            "trade_id": "ea000c39-4bdc-45b5-9da0-6f5bfb35450c",
            "ticker": "KXHIGHAUS-24NOV20-B65.5",
            "count": 10,
            "created_time": "2024-11-20T15:12:26.28751Z",
            "yes_price": 1,
            "no_price": 99,
            "taker_side": "no"
        },
        {
            "trade_id": "b65a803e-e547-4447-815c-464946525bb9",
            "ticker": "KXHIGHAUS-24NOV20-B65.5",
            "count": 5,
            "created_time": "2024-11-20T15:10:42.914925Z",
            "yes_price": 1,
            "no_price": 99,
            "taker_side": "no"
        },
        {
            "trade_id": "63f43a33-843f-4c18-80f9-b725dd2e50a4",
            "ticker": "KXHIGHAUS-24NOV20-B65.5",
            "count": 11,
            "created_time": "2024-11-20T15:09:29.221605Z",
            "yes_price": 1,
            "no_price": 99,
            "taker_side": "no"
        },
        {
            "trade_id": "a5897ad0-8d13-495d-b5b1-da72ec3b05fb",
            "ticker": "KXHIGHAUS-24NOV20-B65.5",
            "count": 100,
            "created_time": "2024-11-20T15:07:01.53758Z",
            "yes_price": 1,
            "no_price": 99,
            "taker_side": "no"
        },
        {
            "trade_id": "d7a1c5b1-5c1c-425f-9d1b-2fb8b1371383",
            "ticker": "KXHIGHAUS-24NOV20-B65.5",
            "count": 48,
            "created_time": "2024-11-20T15:06:50.583315Z",
            "yes_price": 1,
            "no_price": 99,
            "taker_side": "no"
        },
        {
            "trade_id": "02092518-0117-4d35-92d5-c4896ba70a9a",
            "ticker": "KXHIGHAUS-24NOV20-B65.5",
            "count": 9,
            "created_time": "2024-11-20T15:06:50.21102Z",
            "yes_price": 2,
            "no_price": 98,
            "taker_side": "no"
        },
        {
            "trade_id": "843a4ec9-4db7-4be3-812e-d068b139fb6d",
            "ticker": "KXHIGHAUS-24NOV20-B65.5",
            "count": 6,
            "created_time": "2024-11-20T15:06:48.359631Z",
            "yes_price": 2,
            "no_price": 98,
            "taker_side": "no"
        },
        {
            "trade_id": "29917d18-1362-4c57-acd0-5bc3cc8f666e",
            "ticker": "KXHIGHAUS-24NOV20-B65.5",
            "count": 32,
            "created_time": "2024-11-20T15:06:30.567718Z",
            "yes_price": 1,
            "no_price": 99,
            "taker_side": "no"
        },
        {
            "trade_id": "79ebc00a-37ff-4f18-8b5b-ac60742f8fed",
            "ticker": "KXHIGHAUS-24NOV20-B65.5",
            "count": 21,
            "created_time": "2024-11-20T14:59:43.974132Z",
            "yes_price": 1,
            "no_price": 99,
            "taker_side": "no"
        },
        {
            "trade_id": "1eee42c1-835f-451f-87e3-c9c9e93cf376",
            "ticker": "KXHIGHAUS-24NOV20-B65.5",
            "count": 40,
            "created_time": "2024-11-20T14:37:26.206879Z",
            "yes_price": 7,
            "no_price": 93,
            "taker_side": "yes"
        },
        {
            "trade_id": "0025744e-24bf-47e8-9f42-7f1ace807903",
            "ticker": "KXHIGHAUS-24NOV20-B65.5",
            "count": 16,
            "created_time": "2024-11-20T14:27:32.695605Z",
            "yes_price": 4,
            "no_price": 96,
            "taker_side": "no"
        },
        {
            "trade_id": "5cabab40-8704-453b-afbe-d4cfc578c6f3",
            "ticker": "KXHIGHAUS-24NOV20-B65.5",
            "count": 3,
            "created_time": "2024-11-20T14:26:32.468937Z",
            "yes_price": 7,
            "no_price": 93,
            "taker_side": "yes"
        },
        {
            "trade_id": "86aa5bb9-73a9-4f94-9e0b-41412d226233",
            "ticker": "KXHIGHAUS-24NOV20-B65.5",
            "count": 1,
            "created_time": "2024-11-20T14:26:31.862628Z",
            "yes_price": 4,
            "no_price": 96,
            "taker_side": "no"
        },
        {
            "trade_id": "ae0ee9f1-c955-48f3-bcf7-56e7867ff839",
            "ticker": "KXHIGHAUS-24NOV20-B65.5",
            "count": 3,
            "created_time": "2024-11-20T14:26:29.102011Z",
            "yes_price": 7,
            "no_price": 93,
            "taker_side": "yes"
        },
        {
            "trade_id": "ff7418c1-fe9e-4447-aa57-26175a4efedb",
            "ticker": "KXHIGHAUS-24NOV20-B65.5",
            "count": 1,
            "created_time": "2024-11-20T14:26:28.153241Z",
            "yes_price": 4,
            "no_price": 96,
            "taker_side": "no"
        },
        {
            "trade_id": "e9bdee72-01d7-4bcd-822d-6d97f25cd0d4",
            "ticker": "KXHIGHAUS-24NOV20-B65.5",
            "count": 5,
            "created_time": "2024-11-20T14:26:25.541164Z",
            "yes_price": 7,
            "no_price": 93,
            "taker_side": "yes"
        },
        {
            "trade_id": "82891f5c-3c7c-4ddb-9314-b1abb77b8adc",
            "ticker": "KXHIGHAUS-24NOV20-B65.5",
            "count": 1,
            "created_time": "2024-11-20T14:26:24.696901Z",
            "yes_price": 4,
            "no_price": 96,
            "taker_side": "no"
        },
        {
            "trade_id": "ecbbaee5-c260-48cb-9cd2-7ad7e9dd716c",
            "ticker": "KXHIGHAUS-24NOV20-B65.5",
            "count": 8,
            "created_time": "2024-11-20T14:26:22.01566Z",
            "yes_price": 7,
            "no_price": 93,
            "taker_side": "yes"
        },
        {
            "trade_id": "cba75ffb-7494-4072-b1c8-542d0eb6987e",
            "ticker": "KXHIGHAUS-24NOV20-B65.5",
            "count": 2,
            "created_time": "2024-11-20T14:26:21.233878Z",
            "yes_price": 4,
            "no_price": 96,
            "taker_side": "no"
        },
        {
            "trade_id": "0a8b7f2e-7722-40de-8f8f-24218176e7d6",
            "ticker": "KXHIGHAUS-24NOV20-B65.5",
            "count": 12,
            "created_time": "2024-11-20T14:26:17.917284Z",
            "yes_price": 7,
            "no_price": 93,
            "taker_side": "yes"
        },
        {
            "trade_id": "bdc3cde2-aee8-494c-b49b-ac00311aadfb",
            "ticker": "KXHIGHAUS-24NOV20-B65.5",
            "count": 3,
            "created_time": "2024-11-20T14:26:17.114891Z",
            "yes_price": 4,
            "no_price": 96,
            "taker_side": "no"
        },
        {
            "trade_id": "469d6caf-91f1-4a7a-8767-52d6e36bab13",
            "ticker": "KXHIGHAUS-24NOV20-B65.5",
            "count": 3,
            "created_time": "2024-11-20T14:26:13.536815Z",
            "yes_price": 4,
            "no_price": 96,
            "taker_side": "yes"
        },
        {
            "trade_id": "0ce377b6-fa69-45c5-9ec8-7029cba1ca1f",
            "ticker": "KXHIGHAUS-24NOV20-B65.5",
            "count": 40,
            "created_time": "2024-11-20T14:26:07.444701Z",
            "yes_price": 4,
            "no_price": 96,
            "taker_side": "yes"
        },
        {
            "trade_id": "55551557-887b-42d6-b5e7-73b8cbefff5e",
            "ticker": "KXHIGHAUS-24NOV20-B65.5",
            "count": 1,
            "created_time": "2024-11-20T14:23:36.672851Z",
            "yes_price": 4,
            "no_price": 96,
            "taker_side": "yes"
        },
        {
            "trade_id": "0bee3df1-658d-4ddc-8958-4c4386f37947",
            "ticker": "KXHIGHAUS-24NOV20-B65.5",
            "count": 2,
            "created_time": "2024-11-20T14:23:31.56336Z",
            "yes_price": 4,
            "no_price": 96,
            "taker_side": "yes"
        },
        {
            "trade_id": "411399e7-131e-4ffe-95f3-3100bcbad442",
            "ticker": "KXHIGHAUS-24NOV20-B65.5",
            "count": 4,
            "created_time": "2024-11-20T14:23:25.848325Z",
            "yes_price": 4,
            "no_price": 96,
            "taker_side": "yes"
        },
        {
            "trade_id": "ae660b3f-729b-424c-b1ef-0489bb40b767",
            "ticker": "KXHIGHAUS-24NOV20-B65.5",
            "count": 100,
            "created_time": "2024-11-20T14:03:50.511048Z",
            "yes_price": 1,
            "no_price": 99,
            "taker_side": "no"
        },
        {
            "trade_id": "e993fb30-5073-45fd-a366-86b01a1dc119",
            "ticker": "KXHIGHAUS-24NOV20-B65.5",
            "count": 14,
            "created_time": "2024-11-20T13:09:52.620074Z",
            "yes_price": 1,
            "no_price": 99,
            "taker_side": "no"
        },
        {
            "trade_id": "8fe6efde-ff30-4bdb-8307-a2e1b1e2ae62",
            "ticker": "KXHIGHAUS-24NOV20-B65.5",
            "count": 18,
            "created_time": "2024-11-20T13:06:10.902957Z",
            "yes_price": 1,
            "no_price": 99,
            "taker_side": "no"
        },
        {
            "trade_id": "f713484e-dd5f-4669-a49b-23e882c13bab",
            "ticker": "KXHIGHAUS-24NOV20-B65.5",
            "count": 13,
            "created_time": "2024-11-20T06:41:50.857237Z",
            "yes_price": 7,
            "no_price": 93,
            "taker_side": "yes"
        },
        {
            "trade_id": "e2b90cd6-5058-44e3-abca-4af26f3d0982",
            "ticker": "KXHIGHAUS-24NOV20-B65.5",
            "count": 50,
            "created_time": "2024-11-20T06:17:01.929388Z",
            "yes_price": 4,
            "no_price": 96,
            "taker_side": "yes"
        },
        {
            "trade_id": "d97dc648-147c-4d93-8f57-e64340bdb1b1",
            "ticker": "KXHIGHAUS-24NOV20-B65.5",
            "count": 1,
            "created_time": "2024-11-20T06:17:01.929388Z",
            "yes_price": 5,
            "no_price": 95,
            "taker_side": "yes"
        },
        {
            "trade_id": "d8ebbf8a-6d5a-4b9b-9c25-250c44c7bd51",
            "ticker": "KXHIGHAUS-24NOV20-B65.5",
            "count": 1,
            "created_time": "2024-11-20T06:17:01.929388Z",
            "yes_price": 6,
            "no_price": 94,
            "taker_side": "yes"
        },
        {
            "trade_id": "8c26fcbd-274b-4a70-aba8-6e36ebc0a12c",
            "ticker": "KXHIGHAUS-24NOV20-B65.5",
            "count": 50,
            "created_time": "2024-11-20T06:17:01.929388Z",
            "yes_price": 3,
            "no_price": 97,
            "taker_side": "yes"
        },
        {
            "trade_id": "5a2a97dd-f893-4c8a-bf75-89fe6f1c23a3",
            "ticker": "KXHIGHAUS-24NOV20-B65.5",
            "count": 2,
            "created_time": "2024-11-20T06:17:01.929388Z",
            "yes_price": 3,
            "no_price": 97,
            "taker_side": "yes"
        },
        {
            "trade_id": "4cb59c66-14ba-47d7-9ba6-1b26b0df325b",
            "ticker": "KXHIGHAUS-24NOV20-B65.5",
            "count": 12,
            "created_time": "2024-11-20T06:17:01.929388Z",
            "yes_price": 7,
            "no_price": 93,
            "taker_side": "yes"
        },
        {
            "trade_id": "486a969f-6042-4b9c-8f0a-387e8723cd60",
            "ticker": "KXHIGHAUS-24NOV20-B65.5",
            "count": 1,
            "created_time": "2024-11-20T06:17:01.929388Z",
            "yes_price": 3,
            "no_price": 97,
            "taker_side": "yes"
        },
        {
            "trade_id": "0573d1b5-c295-4b9d-9996-6711c056696b",
            "ticker": "KXHIGHAUS-24NOV20-B65.5",
            "count": 1,
            "created_time": "2024-11-20T06:17:01.929388Z",
            "yes_price": 4,
            "no_price": 96,
            "taker_side": "yes"
        },
        {
            "trade_id": "c7f63a47-9794-4fa2-8838-89d760ea1356",
            "ticker": "KXHIGHAUS-24NOV20-B65.5",
            "count": 100,
            "created_time": "2024-11-20T04:19:08.165515Z",
            "yes_price": 2,
            "no_price": 98,
            "taker_side": "yes"
        },
        {
            "trade_id": "f26186e2-710e-4a2b-bffc-2e98a7f8fd7e",
            "ticker": "KXHIGHAUS-24NOV20-B65.5",
            "count": 2,
            "created_time": "2024-11-20T04:06:26.40627Z",
            "yes_price": 1,
            "no_price": 99,
            "taker_side": "no"
        },
        {
            "trade_id": "6329ad56-c66d-49f1-82ed-2221caf19e9d",
            "ticker": "KXHIGHAUS-24NOV20-B65.5",
            "count": 100,
            "created_time": "2024-11-20T04:06:25.933723Z",
            "yes_price": 2,
            "no_price": 98,
            "taker_side": "no"
        },
        {
            "trade_id": "ad638a4b-6b26-413d-86b4-1ca2cc8dd2b3",
            "ticker": "KXHIGHAUS-24NOV20-B65.5",
            "count": 100,
            "created_time": "2024-11-20T04:06:25.92791Z",
            "yes_price": 2,
            "no_price": 98,
            "taker_side": "no"
        },
        {
            "trade_id": "a345e446-f885-43a8-b0c4-9d808d4936a2",
            "ticker": "KXHIGHAUS-24NOV20-B65.5",
            "count": 45,
            "created_time": "2024-11-20T03:36:00.353711Z",
            "yes_price": 4,
            "no_price": 96,
            "taker_side": "no"
        },
        {
            "trade_id": "862b2119-4952-443b-be37-c4fdfbd65506",
            "ticker": "KXHIGHAUS-24NOV20-B65.5",
            "count": 31,
            "created_time": "2024-11-20T03:36:00.353711Z",
            "yes_price": 4,
            "no_price": 96,
            "taker_side": "no"
        },
        {
            "trade_id": "cc247af9-f94a-46ba-b950-f85f210878f9",
            "ticker": "KXHIGHAUS-24NOV20-B65.5",
            "count": 4,
            "created_time": "2024-11-20T03:31:35.68809Z",
            "yes_price": 7,
            "no_price": 93,
            "taker_side": "yes"
        },
        {
            "trade_id": "c080f88d-042b-4a0e-82cc-58c1fd49f454",
            "ticker": "KXHIGHAUS-24NOV20-B65.5",
            "count": 25,
            "created_time": "2024-11-20T02:44:01.232689Z",
            "yes_price": 4,
            "no_price": 96,
            "taker_side": "no"
        },
        {
            "trade_id": "f26f876a-9c64-4bc5-bff9-767d321587dc",
            "ticker": "KXHIGHAUS-24NOV20-B65.5",
            "count": 3,
            "created_time": "2024-11-20T02:40:51.648259Z",
            "yes_price": 4,
            "no_price": 96,
            "taker_side": "no"
        },
        {
            "trade_id": "7278956b-c67a-4f6b-9c73-0ac1f13b66d6",
            "ticker": "KXHIGHAUS-24NOV20-B65.5",
            "count": 13,
            "created_time": "2024-11-20T02:40:01.665909Z",
            "yes_price": 7,
            "no_price": 93,
            "taker_side": "yes"
        },
        {
            "trade_id": "7fff5584-6f17-4ff8-b37c-335500c60d96",
            "ticker": "KXHIGHAUS-24NOV20-B65.5",
            "count": 27,
            "created_time": "2024-11-20T02:20:50.070027Z",
            "yes_price": 4,
            "no_price": 96,
            "taker_side": "no"
        },
        {
            "trade_id": "84159399-a2bd-4241-9db7-bc791b23292e",
            "ticker": "KXHIGHAUS-24NOV20-B65.5",
            "count": 50,
            "created_time": "2024-11-20T02:06:28.91478Z",
            "yes_price": 5,
            "no_price": 95,
            "taker_side": "no"
        },
        {
            "trade_id": "20fabc65-4a4f-4d5f-9548-4fc1f34f4f1c",
            "ticker": "KXHIGHAUS-24NOV20-B65.5",
            "count": 17,
            "created_time": "2024-11-20T01:33:27.443229Z",
            "yes_price": 2,
            "no_price": 98,
            "taker_side": "no"
        },
        {
            "trade_id": "e7ed646a-6039-4cd8-b95c-246a2e786888",
            "ticker": "KXHIGHAUS-24NOV20-B65.5",
            "count": 134,
            "created_time": "2024-11-20T01:05:16.338287Z",
            "yes_price": 7,
            "no_price": 93,
            "taker_side": "yes"
        },
        {
            "trade_id": "b4993971-1044-42ff-9dd2-73207ed220cc",
            "ticker": "KXHIGHAUS-24NOV20-B65.5",
            "count": 62,
            "created_time": "2024-11-20T00:58:50.140759Z",
            "yes_price": 7,
            "no_price": 93,
            "taker_side": "yes"
        },
        {
            "trade_id": "448e6498-7554-4a23-b903-d4b8ba8d2662",
            "ticker": "KXHIGHAUS-24NOV20-B65.5",
            "count": 83,
            "created_time": "2024-11-20T00:58:50.140759Z",
            "yes_price": 6,
            "no_price": 94,
            "taker_side": "yes"
        },
        {
            "trade_id": "92254e8a-893c-4aeb-8242-ff47ac336636",
            "ticker": "KXHIGHAUS-24NOV20-B65.5",
            "count": 17,
            "created_time": "2024-11-20T00:51:58.546038Z",
            "yes_price": 6,
            "no_price": 94,
            "taker_side": "yes"
        },
        {
            "trade_id": "7fd6c28d-8917-4877-bf51-0483b1e3945f",
            "ticker": "KXHIGHAUS-24NOV20-B65.5",
            "count": 6,
            "created_time": "2024-11-20T00:13:19.401211Z",
            "yes_price": 2,
            "no_price": 98,
            "taker_side": "no"
        },
        {
            "trade_id": "b25fe3fa-73ea-4433-b937-3ecf057f456d",
            "ticker": "KXHIGHAUS-24NOV20-B65.5",
            "count": 11,
            "created_time": "2024-11-20T00:03:14.837282Z",
            "yes_price": 2,
            "no_price": 98,
            "taker_side": "no"
        },
        {
            "trade_id": "a36b85c8-4b98-4b2f-830d-3705638b68d1",
            "ticker": "KXHIGHAUS-24NOV20-B65.5",
            "count": 1,
            "created_time": "2024-11-19T23:50:16.384268Z",
            "yes_price": 2,
            "no_price": 98,
            "taker_side": "no"
        },
        {
            "trade_id": "e138ce58-9274-49f3-a416-e7c6eb4181bd",
            "ticker": "KXHIGHAUS-24NOV20-B65.5",
            "count": 1,
            "created_time": "2024-11-19T23:24:18.085932Z",
            "yes_price": 2,
            "no_price": 98,
            "taker_side": "no"
        },
        {
            "trade_id": "d4f96ee8-ae92-4577-9deb-9e08bdb2eca9",
            "ticker": "KXHIGHAUS-24NOV20-B65.5",
            "count": 3690,
            "created_time": "2024-11-19T23:04:52.260812Z",
            "yes_price": 1,
            "no_price": 99,
            "taker_side": "yes"
        },
        {
            "trade_id": "692b0f27-a401-49d9-8f4f-d6f8580db49a",
            "ticker": "KXHIGHAUS-24NOV20-B65.5",
            "count": 45,
            "created_time": "2024-11-19T23:04:52.179759Z",
            "yes_price": 1,
            "no_price": 99,
            "taker_side": "no"
        },
        {
            "trade_id": "1f30f752-a5c1-49fc-98e5-04cb0534c6d3",
            "ticker": "KXHIGHAUS-24NOV20-B65.5",
            "count": 120,
            "created_time": "2024-11-19T23:04:52.179759Z",
            "yes_price": 1,
            "no_price": 99,
            "taker_side": "no"
        },
        {
            "trade_id": "d379fa7e-24f2-4a72-a81e-435883287a91",
            "ticker": "KXHIGHAUS-24NOV20-B65.5",
            "count": 100,
            "created_time": "2024-11-19T23:04:20.345489Z",
            "yes_price": 2,
            "no_price": 98,
            "taker_side": "no"
        },
        {
            "trade_id": "7275b649-7d6e-45e7-a177-1ce4a3b44d19",
            "ticker": "KXHIGHAUS-24NOV20-B65.5",
            "count": 45,
            "created_time": "2024-11-19T23:04:20.345489Z",
            "yes_price": 2,
            "no_price": 98,
            "taker_side": "no"
        },
        {
            "trade_id": "e9cea9c5-b39e-4d3a-b10e-ea5c81615dfb",
            "ticker": "KXHIGHAUS-24NOV20-B65.5",
            "count": 68,
            "created_time": "2024-11-19T22:29:50.476715Z",
            "yes_price": 10,
            "no_price": 90,
            "taker_side": "yes"
        },
        {
            "trade_id": "70eaa92c-0c97-4c18-95df-072834ff6d00",
            "ticker": "KXHIGHAUS-24NOV20-B65.5",
            "count": 100,
            "created_time": "2024-11-19T22:29:50.476715Z",
            "yes_price": 9,
            "no_price": 91,
            "taker_side": "yes"
        },
        {
            "trade_id": "349945d1-8ab2-47b3-8db2-605f2df9864d",
            "ticker": "KXHIGHAUS-24NOV20-B65.5",
            "count": 63,
            "created_time": "2024-11-19T22:21:33.324746Z",
            "yes_price": 8,
            "no_price": 92,
            "taker_side": "no"
        },
        {
            "trade_id": "da50683f-d43a-4dc4-8129-fbb1d7d92b6e",
            "ticker": "KXHIGHAUS-24NOV20-B65.5",
            "count": 100,
            "created_time": "2024-11-19T22:06:34.35007Z",
            "yes_price": 9,
            "no_price": 91,
            "taker_side": "no"
        },
        {
            "trade_id": "03f7899e-7ef7-48ff-8bbc-59b35e641f59",
            "ticker": "KXHIGHAUS-24NOV20-B65.5",
            "count": 10,
            "created_time": "2024-11-19T22:06:34.35007Z",
            "yes_price": 10,
            "no_price": 90,
            "taker_side": "no"
        },
        {
            "trade_id": "7c4c9f29-e2cb-46e4-91ab-08eff5b76010",
            "ticker": "KXHIGHAUS-24NOV20-B65.5",
            "count": 3,
            "created_time": "2024-11-19T21:42:45.241923Z",
            "yes_price": 12,
            "no_price": 88,
            "taker_side": "yes"
        },
        {
            "trade_id": "6f7dd03e-2c45-42c3-9cef-647f26299bf0",
            "ticker": "KXHIGHAUS-24NOV20-B65.5",
            "count": 28,
            "created_time": "2024-11-19T21:42:45.241923Z",
            "yes_price": 13,
            "no_price": 87,
            "taker_side": "yes"
        },
        {
            "trade_id": "2e13b908-4136-4eda-af8c-00adc76ba921",
            "ticker": "KXHIGHAUS-24NOV20-B65.5",
            "count": 45,
            "created_time": "2024-11-19T21:42:45.241923Z",
            "yes_price": 12,
            "no_price": 88,
            "taker_side": "yes"
        },
        {
            "trade_id": "17d4acc9-9e50-4a98-8b76-80cec66c82fd",
            "ticker": "KXHIGHAUS-24NOV20-B65.5",
            "count": 1,
            "created_time": "2024-11-19T20:15:20.313996Z",
            "yes_price": 14,
            "no_price": 86,
            "taker_side": "yes"
        },
        {
            "trade_id": "f45f3282-049c-4b2d-9685-2bb12c05799d",
            "ticker": "KXHIGHAUS-24NOV20-B65.5",
            "count": 5,
            "created_time": "2024-11-19T20:10:30.20049Z",
            "yes_price": 16,
            "no_price": 84,
            "taker_side": "yes"
        },
        {
            "trade_id": "67e6eef2-9545-40b7-b43c-884d96699e46",
            "ticker": "KXHIGHAUS-24NOV20-B65.5",
            "count": 100,
            "created_time": "2024-11-19T20:06:35.753018Z",
            "yes_price": 14,
            "no_price": 86,
            "taker_side": "yes"
        },
        {
            "trade_id": "46c055a2-80fe-411a-a794-ef780243804c",
            "ticker": "KXHIGHAUS-24NOV20-B65.5",
            "count": 50,
            "created_time": "2024-11-19T20:06:35.753018Z",
            "yes_price": 14,
            "no_price": 86,
            "taker_side": "yes"
        },
        {
            "trade_id": "d3b59063-840c-4495-baf6-1c30356005f0",
            "ticker": "KXHIGHAUS-24NOV20-B65.5",
            "count": 168,
            "created_time": "2024-11-19T18:48:27.629195Z",
            "yes_price": 14,
            "no_price": 86,
            "taker_side": "no"
        },
        {
            "trade_id": "9eed8b11-2d6c-478d-8858-c08fdbb6da9c",
            "ticker": "KXHIGHAUS-24NOV20-B65.5",
            "count": 5,
            "created_time": "2024-11-19T18:27:01.861845Z",
            "yes_price": 15,
            "no_price": 85,
            "taker_side": "yes"
        },
        {
            "trade_id": "56b5a4c0-3c34-4c3d-a4b6-d0dbf1e478bc",
            "ticker": "KXHIGHAUS-24NOV20-B65.5",
            "count": 4,
            "created_time": "2024-11-19T18:27:01.861845Z",
            "yes_price": 16,
            "no_price": 84,
            "taker_side": "yes"
        },
        {
            "trade_id": "09000257-8d8a-4f06-8673-a56ed7a749fa",
            "ticker": "KXHIGHAUS-24NOV20-B65.5",
            "count": 50,
            "created_time": "2024-11-19T18:27:01.861845Z",
            "yes_price": 16,
            "no_price": 84,
            "taker_side": "yes"
        },
        {
            "trade_id": "2d7a7952-796f-44ca-93c4-7bafbd143116",
            "ticker": "KXHIGHAUS-24NOV20-B65.5",
            "count": 200,
            "created_time": "2024-11-19T17:54:35.55969Z",
            "yes_price": 15,
            "no_price": 85,
            "taker_side": "yes"
        },
        {
            "trade_id": "f902530b-af85-4e97-bcff-8eed4874de75",
            "ticker": "KXHIGHAUS-24NOV20-B65.5",
            "count": 100,
            "created_time": "2024-11-19T17:45:32.556794Z",
            "yes_price": 14,
            "no_price": 86,
            "taker_side": "yes"
        },
        {
            "trade_id": "a7699bf8-c08c-4bde-abf5-128ac4b4862d",
            "ticker": "KXHIGHAUS-24NOV20-B65.5",
            "count": 100,
            "created_time": "2024-11-19T17:45:32.556794Z",
            "yes_price": 14,
            "no_price": 86,
            "taker_side": "yes"
        },
        {
            "trade_id": "e47031d0-9657-4130-8b07-6a72653b0ecb",
            "ticker": "KXHIGHAUS-24NOV20-B65.5",
            "count": 100,
            "created_time": "2024-11-19T17:45:32.502646Z",
            "yes_price": 14,
            "no_price": 86,
            "taker_side": "yes"
        },
        {
            "trade_id": "34368ae8-9074-44ca-926b-deeacca5f8f6",
            "ticker": "KXHIGHAUS-24NOV20-B65.5",
            "count": 4,
            "created_time": "2024-11-19T17:39:23.439581Z",
            "yes_price": 14,
            "no_price": 86,
            "taker_side": "yes"
        },
        {
            "trade_id": "e72b39bd-1e69-495d-9fb6-19700b167d56",
            "ticker": "KXHIGHAUS-24NOV20-B65.5",
            "count": 4,
            "created_time": "2024-11-19T17:12:32.48878Z",
            "yes_price": 12,
            "no_price": 88,
            "taker_side": "yes"
        },
        {
            "trade_id": "d2e65564-e651-4a65-9ec4-61e4404c46ca",
            "ticker": "KXHIGHAUS-24NOV20-B65.5",
            "count": 300,
            "created_time": "2024-11-19T17:06:26.661959Z",
            "yes_price": 13,
            "no_price": 87,
            "taker_side": "yes"
        },
        {
            "trade_id": "fd9010be-b75e-4096-8308-e2d75001ba43",
            "ticker": "KXHIGHAUS-24NOV20-B65.5",
            "count": 100,
            "created_time": "2024-11-19T17:06:26.586756Z",
            "yes_price": 9,
            "no_price": 91,
            "taker_side": "yes"
        },
        {
            "trade_id": "bc353c17-fca8-4907-89e0-15c06c942d0b",
            "ticker": "KXHIGHAUS-24NOV20-B65.5",
            "count": 4,
            "created_time": "2024-11-19T17:06:26.586756Z",
            "yes_price": 11,
            "no_price": 89,
            "taker_side": "yes"
        },
        {
            "trade_id": "33bd106f-f471-4568-9cce-ba06f4b18b07",
            "ticker": "KXHIGHAUS-24NOV20-B65.5",
            "count": 100,
            "created_time": "2024-11-19T17:06:26.586756Z",
            "yes_price": 10,
            "no_price": 90,
            "taker_side": "yes"
        },
        {
            "trade_id": "15350222-de2a-4673-8091-ff8d8a2b979a",
            "ticker": "KXHIGHAUS-24NOV20-B65.5",
            "count": 100,
            "created_time": "2024-11-19T15:29:30.516639Z",
            "yes_price": 4,
            "no_price": 96,
            "taker_side": "yes"
        },
        {
            "trade_id": "9a2500c4-8a66-4655-bc41-14c64d7c5b16",
            "ticker": "KXHIGHAUS-24NOV20-B65.5",
            "count": 4,
            "created_time": "2024-11-19T15:20:21.282799Z",
            "yes_price": 2,
            "no_price": 98,
            "taker_side": "no"
        },
        {
            "trade_id": "9d6f7d64-d1c5-4170-b58a-3308d5eb34ac",
            "ticker": "KXHIGHAUS-24NOV20-B65.5",
            "count": 4,
            "created_time": "2024-11-19T15:17:28.894771Z",
            "yes_price": 9,
            "no_price": 91,
            "taker_side": "yes"
        }
    ],
    "KXHIGHAUS-24NOV20-B67.5": [
        {
            "trade_id": "27cfc25e-11be-4950-87be-0383d9e11193",
            "ticker": "KXHIGHAUS-24NOV20-B67.5",
            "count": 841,
            "created_time": "2024-11-21T04:57:22.384561Z",
            "yes_price": 1,
            "no_price": 99,
            "taker_side": "yes"
        },
        {
            "trade_id": "51be0c79-dd60-4a63-8bd6-d2b929128a78",
            "ticker": "KXHIGHAUS-24NOV20-B67.5",
            "count": 86,
            "created_time": "2024-11-21T04:37:47.674797Z",
            "yes_price": 1,
            "no_price": 99,
            "taker_side": "yes"
        },
        {
            "trade_id": "4a80ca74-7869-4d01-ad84-918e8f076c36",
            "ticker": "KXHIGHAUS-24NOV20-B67.5",
            "count": 1,
            "created_time": "2024-11-21T03:13:07.211782Z",
            "yes_price": 1,
            "no_price": 99,
            "taker_side": "yes"
        },
        {
            "trade_id": "cdc1083a-e9b7-41ba-a2e8-2fa97572eff6",
            "ticker": "KXHIGHAUS-24NOV20-B67.5",
            "count": 93,
            "created_time": "2024-11-21T01:29:40.440333Z",
            "yes_price": 1,
            "no_price": 99,
            "taker_side": "yes"
        },
        {
            "trade_id": "a21f7d84-44d2-4ffb-b0dc-bb40741a3072",
            "ticker": "KXHIGHAUS-24NOV20-B67.5",
            "count": 3,
            "created_time": "2024-11-20T23:47:52.328781Z",
            "yes_price": 1,
            "no_price": 99,
            "taker_side": "yes"
        },
        {
            "trade_id": "4f28c59e-119f-41de-b576-0c2d7ec9a1cb",
            "ticker": "KXHIGHAUS-24NOV20-B67.5",
            "count": 97,
            "created_time": "2024-11-20T23:25:36.943975Z",
            "yes_price": 1,
            "no_price": 99,
            "taker_side": "yes"
        },
        {
            "trade_id": "74155615-b95b-467a-8cf1-fd41b9b0fa9b",
            "ticker": "KXHIGHAUS-24NOV20-B67.5",
            "count": 467,
            "created_time": "2024-11-20T23:23:24.900801Z",
            "yes_price": 1,
            "no_price": 99,
            "taker_side": "yes"
        },
        {
            "trade_id": "99948803-3f79-46ce-a703-2a9829894ba4",
            "ticker": "KXHIGHAUS-24NOV20-B67.5",
            "count": 280,
            "created_time": "2024-11-20T23:23:11.873996Z",
            "yes_price": 1,
            "no_price": 99,
            "taker_side": "yes"
        },
        {
            "trade_id": "389370e4-e67b-4790-ae6a-8ae0cbbf29e2",
            "ticker": "KXHIGHAUS-24NOV20-B67.5",
            "count": 50,
            "created_time": "2024-11-20T23:20:12.133448Z",
            "yes_price": 1,
            "no_price": 99,
            "taker_side": "yes"
        },
        {
            "trade_id": "931884b9-61f6-4a0b-b091-ae0b98f277dc",
            "ticker": "KXHIGHAUS-24NOV20-B67.5",
            "count": 935,
            "created_time": "2024-11-20T23:19:44.94733Z",
            "yes_price": 1,
            "no_price": 99,
            "taker_side": "yes"
        },
        {
            "trade_id": "8e28ac0e-aa37-4407-90e7-728cf2085b73",
            "ticker": "KXHIGHAUS-24NOV20-B67.5",
            "count": 30,
            "created_time": "2024-11-20T22:52:49.649924Z",
            "yes_price": 1,
            "no_price": 99,
            "taker_side": "yes"
        },
        {
            "trade_id": "f2ab623b-224b-4346-9ed3-7e7ec1100eea",
            "ticker": "KXHIGHAUS-24NOV20-B67.5",
            "count": 935,
            "created_time": "2024-11-20T22:52:46.407317Z",
            "yes_price": 1,
            "no_price": 99,
            "taker_side": "yes"
        },
        {
            "trade_id": "b41a3926-548d-4cc2-afaa-c1d8cf64c788",
            "ticker": "KXHIGHAUS-24NOV20-B67.5",
            "count": 1870,
            "created_time": "2024-11-20T22:42:20.768262Z",
            "yes_price": 1,
            "no_price": 99,
            "taker_side": "yes"
        },
        {
            "trade_id": "118c1782-3864-43aa-b307-38cd53d10240",
            "ticker": "KXHIGHAUS-24NOV20-B67.5",
            "count": 4675,
            "created_time": "2024-11-20T22:40:14.861003Z",
            "yes_price": 1,
            "no_price": 99,
            "taker_side": "yes"
        },
        {
            "trade_id": "e9e12a9b-4dc8-47a5-8e7c-6be116ab30f3",
            "ticker": "KXHIGHAUS-24NOV20-B67.5",
            "count": 467,
            "created_time": "2024-11-20T22:39:37.48594Z",
            "yes_price": 1,
            "no_price": 99,
            "taker_side": "yes"
        },
        {
            "trade_id": "57031145-4e7f-462f-a88a-81ce97c78e9c",
            "ticker": "KXHIGHAUS-24NOV20-B67.5",
            "count": 467,
            "created_time": "2024-11-20T22:29:47.826924Z",
            "yes_price": 1,
            "no_price": 99,
            "taker_side": "yes"
        },
        {
            "trade_id": "cc4ebb22-9f7e-47f5-a886-ff5e4e4c485b",
            "ticker": "KXHIGHAUS-24NOV20-B67.5",
            "count": 424,
            "created_time": "2024-11-20T22:24:33.833625Z",
            "yes_price": 1,
            "no_price": 99,
            "taker_side": "no"
        },
        {
            "trade_id": "a7ecc01c-3c33-463e-91c0-4ee7f0bea975",
            "ticker": "KXHIGHAUS-24NOV20-B67.5",
            "count": 2,
            "created_time": "2024-11-20T22:24:30.611425Z",
            "yes_price": 1,
            "no_price": 99,
            "taker_side": "no"
        },
        {
            "trade_id": "d3d4b32b-acd2-404b-949d-e34d5e23dc56",
            "ticker": "KXHIGHAUS-24NOV20-B67.5",
            "count": 426,
            "created_time": "2024-11-20T22:22:13.589877Z",
            "yes_price": 2,
            "no_price": 98,
            "taker_side": "yes"
        },
        {
            "trade_id": "490d927d-973a-4451-bce9-d276d993e5f1",
            "ticker": "KXHIGHAUS-24NOV20-B67.5",
            "count": 509,
            "created_time": "2024-11-20T22:22:13.589877Z",
            "yes_price": 2,
            "no_price": 98,
            "taker_side": "yes"
        },
        {
            "trade_id": "1730dbf4-f251-4909-984a-4996f5ec0212",
            "ticker": "KXHIGHAUS-24NOV20-B67.5",
            "count": 4531,
            "created_time": "2024-11-20T22:21:53.699359Z",
            "yes_price": 1,
            "no_price": 99,
            "taker_side": "yes"
        },
        {
            "trade_id": "660f45b3-381f-442e-9ed2-7c452de2d88c",
            "ticker": "KXHIGHAUS-24NOV20-B67.5",
            "count": 469,
            "created_time": "2024-11-20T22:20:48.291446Z",
            "yes_price": 1,
            "no_price": 99,
            "taker_side": "no"
        },
        {
            "trade_id": "4f629662-1a1d-4ec3-b7e0-dcac4c051dcd",
            "ticker": "KXHIGHAUS-24NOV20-B67.5",
            "count": 467,
            "created_time": "2024-11-20T22:20:10.960357Z",
            "yes_price": 2,
            "no_price": 98,
            "taker_side": "yes"
        },
        {
            "trade_id": "5919af73-89d8-4ca7-b5fb-13d5cd7cdaf0",
            "ticker": "KXHIGHAUS-24NOV20-B67.5",
            "count": 31,
            "created_time": "2024-11-20T22:18:20.974553Z",
            "yes_price": 1,
            "no_price": 99,
            "taker_side": "no"
        },
        {
            "trade_id": "d6af22a8-7148-4f54-b387-6b6656d5b04b",
            "ticker": "KXHIGHAUS-24NOV20-B67.5",
            "count": 524,
            "created_time": "2024-11-20T22:18:12.223063Z",
            "yes_price": 2,
            "no_price": 98,
            "taker_side": "yes"
        },
        {
            "trade_id": "b13c11f8-9c14-4e82-af8b-387e0468e267",
            "ticker": "KXHIGHAUS-24NOV20-B67.5",
            "count": 10,
            "created_time": "2024-11-20T22:18:12.223063Z",
            "yes_price": 2,
            "no_price": 98,
            "taker_side": "yes"
        },
        {
            "trade_id": "386dca8c-9da4-4462-9a36-3041e0e133f7",
            "ticker": "KXHIGHAUS-24NOV20-B67.5",
            "count": 167,
            "created_time": "2024-11-20T22:18:12.223063Z",
            "yes_price": 2,
            "no_price": 98,
            "taker_side": "yes"
        },
        {
            "trade_id": "48e78d32-7d5b-4c62-a010-d375e1dd66c9",
            "ticker": "KXHIGHAUS-24NOV20-B67.5",
            "count": 233,
            "created_time": "2024-11-20T22:16:59.667423Z",
            "yes_price": 2,
            "no_price": 98,
            "taker_side": "yes"
        },
        {
            "trade_id": "c7742e8a-cbd6-4ac1-9f97-764b8310155e",
            "ticker": "KXHIGHAUS-24NOV20-B67.5",
            "count": 69,
            "created_time": "2024-11-20T22:15:18.717003Z",
            "yes_price": 1,
            "no_price": 99,
            "taker_side": "yes"
        },
        {
            "trade_id": "2c5c1ff0-2d99-47e7-aca3-7ff3008c7808",
            "ticker": "KXHIGHAUS-24NOV20-B67.5",
            "count": 81,
            "created_time": "2024-11-20T22:15:17.53378Z",
            "yes_price": 1,
            "no_price": 99,
            "taker_side": "yes"
        },
        {
            "trade_id": "881d849d-05ef-40e8-9597-ad5cd2d5cc47",
            "ticker": "KXHIGHAUS-24NOV20-B67.5",
            "count": 50,
            "created_time": "2024-11-20T22:13:17.147407Z",
            "yes_price": 1,
            "no_price": 99,
            "taker_side": "yes"
        },
        {
            "trade_id": "40b80967-8676-4080-a918-22a0816facb4",
            "ticker": "KXHIGHAUS-24NOV20-B67.5",
            "count": 7515,
            "created_time": "2024-11-20T22:10:18.87665Z",
            "yes_price": 1,
            "no_price": 99,
            "taker_side": "yes"
        },
        {
            "trade_id": "11518169-8944-4712-b1f6-60e0b0b08e0b",
            "ticker": "KXHIGHAUS-24NOV20-B67.5",
            "count": 67,
            "created_time": "2024-11-20T22:10:16.836989Z",
            "yes_price": 1,
            "no_price": 99,
            "taker_side": "yes"
        },
        {
            "trade_id": "fde3f0ab-2578-4633-8a4b-d88b4647f69c",
            "ticker": "KXHIGHAUS-24NOV20-B67.5",
            "count": 9351,
            "created_time": "2024-11-20T22:09:40.587202Z",
            "yes_price": 1,
            "no_price": 99,
            "taker_side": "yes"
        },
        {
            "trade_id": "55542ad0-e715-4c4e-97eb-b5bcd82c9d4d",
            "ticker": "KXHIGHAUS-24NOV20-B67.5",
            "count": 600,
            "created_time": "2024-11-20T22:08:13.556803Z",
            "yes_price": 1,
            "no_price": 99,
            "taker_side": "yes"
        },
        {
            "trade_id": "d61e9681-1c6d-4509-8d23-4f455a1498e0",
            "ticker": "KXHIGHAUS-24NOV20-B67.5",
            "count": 1000,
            "created_time": "2024-11-20T22:07:55.49171Z",
            "yes_price": 1,
            "no_price": 99,
            "taker_side": "yes"
        },
        {
            "trade_id": "5d193dc5-faa9-4842-b3b9-f569db11d74b",
            "ticker": "KXHIGHAUS-24NOV20-B67.5",
            "count": 467,
            "created_time": "2024-11-20T22:05:36.414682Z",
            "yes_price": 1,
            "no_price": 99,
            "taker_side": "yes"
        },
        {
            "trade_id": "772a5c20-1d08-4401-b70a-51611de94ce1",
            "ticker": "KXHIGHAUS-24NOV20-B67.5",
            "count": 1000,
            "created_time": "2024-11-20T22:04:35.222071Z",
            "yes_price": 1,
            "no_price": 99,
            "taker_side": "no"
        },
        {
            "trade_id": "6feaa93f-ddf0-4a8a-8d1f-31ea426948b2",
            "ticker": "KXHIGHAUS-24NOV20-B67.5",
            "count": 5000,
            "created_time": "2024-11-20T22:04:35.222071Z",
            "yes_price": 1,
            "no_price": 99,
            "taker_side": "no"
        },
        {
            "trade_id": "ae3bac8b-bb38-48e8-83c1-8c805c251b0e",
            "ticker": "KXHIGHAUS-24NOV20-B67.5",
            "count": 24,
            "created_time": "2024-11-20T22:03:43.060676Z",
            "yes_price": 3,
            "no_price": 97,
            "taker_side": "yes"
        },
        {
            "trade_id": "996ce036-0d85-4a59-a5e2-7827609b0f75",
            "ticker": "KXHIGHAUS-24NOV20-B67.5",
            "count": 150,
            "created_time": "2024-11-20T22:03:43.060676Z",
            "yes_price": 2,
            "no_price": 98,
            "taker_side": "yes"
        },
        {
            "trade_id": "2f1c9bc3-f672-42ce-b127-79f46dd79869",
            "ticker": "KXHIGHAUS-24NOV20-B67.5",
            "count": 150,
            "created_time": "2024-11-20T22:03:40.54918Z",
            "yes_price": 2,
            "no_price": 98,
            "taker_side": "yes"
        },
        {
            "trade_id": "2ebb860a-1d6f-4445-9f20-562403422751",
            "ticker": "KXHIGHAUS-24NOV20-B67.5",
            "count": 149,
            "created_time": "2024-11-20T22:03:40.54918Z",
            "yes_price": 3,
            "no_price": 97,
            "taker_side": "yes"
        },
        {
            "trade_id": "8a2b648c-17c6-49e2-ac07-f4153ce6069d",
            "ticker": "KXHIGHAUS-24NOV20-B67.5",
            "count": 50,
            "created_time": "2024-11-20T22:03:13.29173Z",
            "yes_price": 3,
            "no_price": 97,
            "taker_side": "yes"
        },
        {
            "trade_id": "3be2fdce-6430-4e97-af2a-f7d3605ad3e9",
            "ticker": "KXHIGHAUS-24NOV20-B67.5",
            "count": 150,
            "created_time": "2024-11-20T22:03:13.29173Z",
            "yes_price": 2,
            "no_price": 98,
            "taker_side": "yes"
        },
        {
            "trade_id": "872f014a-5729-4e9d-b7d4-e47425e67b96",
            "ticker": "KXHIGHAUS-24NOV20-B67.5",
            "count": 150,
            "created_time": "2024-11-20T22:02:45.394049Z",
            "yes_price": 2,
            "no_price": 98,
            "taker_side": "yes"
        },
        {
            "trade_id": "42418d92-132f-4fda-92e9-79bd2e45aa1b",
            "ticker": "KXHIGHAUS-24NOV20-B67.5",
            "count": 55,
            "created_time": "2024-11-20T22:02:45.394049Z",
            "yes_price": 3,
            "no_price": 97,
            "taker_side": "yes"
        },
        {
            "trade_id": "e8d67bdb-1d95-44bd-84f5-99fab4594d01",
            "ticker": "KXHIGHAUS-24NOV20-B67.5",
            "count": 55,
            "created_time": "2024-11-20T22:02:34.002079Z",
            "yes_price": 3,
            "no_price": 97,
            "taker_side": "yes"
        },
        {
            "trade_id": "9ce74c95-8e35-4aad-87ab-d285711bc827",
            "ticker": "KXHIGHAUS-24NOV20-B67.5",
            "count": 150,
            "created_time": "2024-11-20T22:02:34.002079Z",
            "yes_price": 2,
            "no_price": 98,
            "taker_side": "yes"
        },
        {
            "trade_id": "f357b717-789a-4e62-8350-fe20fb876320",
            "ticker": "KXHIGHAUS-24NOV20-B67.5",
            "count": 150,
            "created_time": "2024-11-20T22:02:23.617881Z",
            "yes_price": 2,
            "no_price": 98,
            "taker_side": "yes"
        },
        {
            "trade_id": "84a3fe97-3988-480c-96fd-6b3fcdf8694f",
            "ticker": "KXHIGHAUS-24NOV20-B67.5",
            "count": 55,
            "created_time": "2024-11-20T22:02:23.617881Z",
            "yes_price": 3,
            "no_price": 97,
            "taker_side": "yes"
        },
        {
            "trade_id": "caa95cc4-8260-486a-9187-3a750c6c3273",
            "ticker": "KXHIGHAUS-24NOV20-B67.5",
            "count": 976,
            "created_time": "2024-11-20T22:02:21.903852Z",
            "yes_price": 3,
            "no_price": 97,
            "taker_side": "yes"
        },
        {
            "trade_id": "86a93ecb-5dd3-4493-a88c-ad75548a74fd",
            "ticker": "KXHIGHAUS-24NOV20-B67.5",
            "count": 10,
            "created_time": "2024-11-20T22:02:21.903852Z",
            "yes_price": 3,
            "no_price": 97,
            "taker_side": "yes"
        },
        {
            "trade_id": "2e01ff28-c699-4964-9bf0-e0b4323ab91a",
            "ticker": "KXHIGHAUS-24NOV20-B67.5",
            "count": 150,
            "created_time": "2024-11-20T22:02:21.903852Z",
            "yes_price": 2,
            "no_price": 98,
            "taker_side": "yes"
        },
        {
            "trade_id": "e9601d6d-8e9a-40fb-b8b4-163d3d3cd394",
            "ticker": "KXHIGHAUS-24NOV20-B67.5",
            "count": 135,
            "created_time": "2024-11-20T22:01:56.725825Z",
            "yes_price": 2,
            "no_price": 98,
            "taker_side": "yes"
        },
        {
            "trade_id": "a6b66af5-ab82-40ed-ae4d-62cafc625542",
            "ticker": "KXHIGHAUS-24NOV20-B67.5",
            "count": 800,
            "created_time": "2024-11-20T22:01:56.725825Z",
            "yes_price": 2,
            "no_price": 98,
            "taker_side": "yes"
        },
        {
            "trade_id": "cb65056b-c015-4283-b92f-6c2330b49fac",
            "ticker": "KXHIGHAUS-24NOV20-B67.5",
            "count": 19,
            "created_time": "2024-11-20T21:56:20.05657Z",
            "yes_price": 1,
            "no_price": 99,
            "taker_side": "no"
        },
        {
            "trade_id": "059d0424-2226-4554-89f1-25d201fe2147",
            "ticker": "KXHIGHAUS-24NOV20-B67.5",
            "count": 497,
            "created_time": "2024-11-20T21:54:01.604075Z",
            "yes_price": 4,
            "no_price": 96,
            "taker_side": "yes"
        },
        {
            "trade_id": "deafe8fb-8fb3-4d84-969d-be76059961e7",
            "ticker": "KXHIGHAUS-24NOV20-B67.5",
            "count": 2384,
            "created_time": "2024-11-20T21:53:59.070788Z",
            "yes_price": 3,
            "no_price": 97,
            "taker_side": "yes"
        },
        {
            "trade_id": "d396d628-d35c-4672-add6-496ad2668634",
            "ticker": "KXHIGHAUS-24NOV20-B67.5",
            "count": 500,
            "created_time": "2024-11-20T21:53:59.070788Z",
            "yes_price": 3,
            "no_price": 97,
            "taker_side": "yes"
        },
        {
            "trade_id": "a41641e8-a7d3-411e-85c9-40044bc5c222",
            "ticker": "KXHIGHAUS-24NOV20-B67.5",
            "count": 26,
            "created_time": "2024-11-20T21:53:59.070788Z",
            "yes_price": 3,
            "no_price": 97,
            "taker_side": "yes"
        },
        {
            "trade_id": "5863f0ff-6410-45f4-8a77-bd8e3f70727d",
            "ticker": "KXHIGHAUS-24NOV20-B67.5",
            "count": 3000,
            "created_time": "2024-11-20T21:53:59.070788Z",
            "yes_price": 3,
            "no_price": 97,
            "taker_side": "yes"
        },
        {
            "trade_id": "24e73fc4-a01b-4108-9d8c-5879514a214a",
            "ticker": "KXHIGHAUS-24NOV20-B67.5",
            "count": 500,
            "created_time": "2024-11-20T21:53:59.070788Z",
            "yes_price": 2,
            "no_price": 98,
            "taker_side": "yes"
        },
        {
            "trade_id": "183776aa-aebd-4499-97d9-e19f8d9a5daf",
            "ticker": "KXHIGHAUS-24NOV20-B67.5",
            "count": 1170,
            "created_time": "2024-11-20T21:53:59.070788Z",
            "yes_price": 4,
            "no_price": 96,
            "taker_side": "yes"
        },
        {
            "trade_id": "b716a1f1-3fda-4bb6-aba6-d1eea1cf6253",
            "ticker": "KXHIGHAUS-24NOV20-B67.5",
            "count": 7,
            "created_time": "2024-11-20T21:53:29.686271Z",
            "yes_price": 2,
            "no_price": 98,
            "taker_side": "yes"
        },
        {
            "trade_id": "4db9a876-a96d-4cf8-b157-e01665b969c2",
            "ticker": "KXHIGHAUS-24NOV20-B67.5",
            "count": 196,
            "created_time": "2024-11-20T21:53:29.686271Z",
            "yes_price": 2,
            "no_price": 98,
            "taker_side": "yes"
        },
        {
            "trade_id": "786d0e0d-a276-4449-a888-c7180193265e",
            "ticker": "KXHIGHAUS-24NOV20-B67.5",
            "count": 20,
            "created_time": "2024-11-20T21:47:59.413241Z",
            "yes_price": 2,
            "no_price": 98,
            "taker_side": "yes"
        },
        {
            "trade_id": "81e15fce-cf7d-4260-8016-29cb68f951fc",
            "ticker": "KXHIGHAUS-24NOV20-B67.5",
            "count": 416,
            "created_time": "2024-11-20T21:47:34.721806Z",
            "yes_price": 1,
            "no_price": 99,
            "taker_side": "yes"
        },
        {
            "trade_id": "705a432e-e410-4482-9034-4f320e903777",
            "ticker": "KXHIGHAUS-24NOV20-B67.5",
            "count": 150,
            "created_time": "2024-11-20T21:47:34.721806Z",
            "yes_price": 2,
            "no_price": 98,
            "taker_side": "yes"
        },
        {
            "trade_id": "48775f73-689d-42d4-b822-afc95410c9b5",
            "ticker": "KXHIGHAUS-24NOV20-B67.5",
            "count": 1696,
            "created_time": "2024-11-20T21:47:34.721806Z",
            "yes_price": 2,
            "no_price": 98,
            "taker_side": "yes"
        },
        {
            "trade_id": "1a470f1e-d378-47d2-b9c2-f16a4ca9aaf6",
            "ticker": "KXHIGHAUS-24NOV20-B67.5",
            "count": 284,
            "created_time": "2024-11-20T21:47:34.721806Z",
            "yes_price": 2,
            "no_price": 98,
            "taker_side": "yes"
        },
        {
            "trade_id": "8359d753-5123-4fc5-9086-c6dd619a07cc",
            "ticker": "KXHIGHAUS-24NOV20-B67.5",
            "count": 93,
            "created_time": "2024-11-20T21:47:03.782595Z",
            "yes_price": 1,
            "no_price": 99,
            "taker_side": "yes"
        },
        {
            "trade_id": "2b5421f1-6651-48f0-950f-3d1d5c2c84d9",
            "ticker": "KXHIGHAUS-24NOV20-B67.5",
            "count": 30,
            "created_time": "2024-11-20T21:46:07.739358Z",
            "yes_price": 1,
            "no_price": 99,
            "taker_side": "yes"
        },
        {
            "trade_id": "d2362e1d-0f44-47b9-b418-5ced533b9d9f",
            "ticker": "KXHIGHAUS-24NOV20-B67.5",
            "count": 461,
            "created_time": "2024-11-20T21:44:56.079678Z",
            "yes_price": 1,
            "no_price": 99,
            "taker_side": "yes"
        },
        {
            "trade_id": "0be0a403-e74e-4ef1-8c59-60e5cd6719b3",
            "ticker": "KXHIGHAUS-24NOV20-B67.5",
            "count": 5,
            "created_time": "2024-11-20T21:44:56.079678Z",
            "yes_price": 1,
            "no_price": 99,
            "taker_side": "yes"
        },
        {
            "trade_id": "b182666d-534d-4d92-887a-4609ec3125fd",
            "ticker": "KXHIGHAUS-24NOV20-B67.5",
            "count": 467,
            "created_time": "2024-11-20T21:42:15.708446Z",
            "yes_price": 1,
            "no_price": 99,
            "taker_side": "yes"
        },
        {
            "trade_id": "22dd2660-4b43-4eef-8dc3-86289006907b",
            "ticker": "KXHIGHAUS-24NOV20-B67.5",
            "count": 8,
            "created_time": "2024-11-20T21:39:24.631278Z",
            "yes_price": 1,
            "no_price": 99,
            "taker_side": "yes"
        },
        {
            "trade_id": "d0dcd3d9-e971-466d-9b95-87b5488de204",
            "ticker": "KXHIGHAUS-24NOV20-B67.5",
            "count": 20,
            "created_time": "2024-11-20T21:33:37.30175Z",
            "yes_price": 1,
            "no_price": 99,
            "taker_side": "yes"
        },
        {
            "trade_id": "c639fdcf-7853-45b9-94fc-798c6d92b403",
            "ticker": "KXHIGHAUS-24NOV20-B67.5",
            "count": 980,
            "created_time": "2024-11-20T21:33:37.30175Z",
            "yes_price": 1,
            "no_price": 99,
            "taker_side": "yes"
        },
        {
            "trade_id": "6b11479b-a6ca-4978-a156-03cfefc4ae3e",
            "ticker": "KXHIGHAUS-24NOV20-B67.5",
            "count": 420,
            "created_time": "2024-11-20T21:33:13.983029Z",
            "yes_price": 1,
            "no_price": 99,
            "taker_side": "yes"
        },
        {
            "trade_id": "d33c102c-a35c-4820-b356-b121750b0231",
            "ticker": "KXHIGHAUS-24NOV20-B67.5",
            "count": 11,
            "created_time": "2024-11-20T21:32:20.209769Z",
            "yes_price": 2,
            "no_price": 98,
            "taker_side": "yes"
        },
        {
            "trade_id": "95c6a720-aa8d-493a-b705-6ce2abc541a7",
            "ticker": "KXHIGHAUS-24NOV20-B67.5",
            "count": 100,
            "created_time": "2024-11-20T21:31:46.441307Z",
            "yes_price": 2,
            "no_price": 98,
            "taker_side": "yes"
        },
        {
            "trade_id": "b5b80f76-d591-4635-9fe5-d7af0648cc77",
            "ticker": "KXHIGHAUS-24NOV20-B67.5",
            "count": 193,
            "created_time": "2024-11-20T21:29:58.631201Z",
            "yes_price": 2,
            "no_price": 98,
            "taker_side": "yes"
        },
        {
            "trade_id": "2d5f0c1c-efb8-4ef9-b96f-254a46b46a25",
            "ticker": "KXHIGHAUS-24NOV20-B67.5",
            "count": 40,
            "created_time": "2024-11-20T21:29:58.631201Z",
            "yes_price": 2,
            "no_price": 98,
            "taker_side": "yes"
        },
        {
            "trade_id": "14ebeefa-1532-4035-b4f5-061d307b1a1e",
            "ticker": "KXHIGHAUS-24NOV20-B67.5",
            "count": 46,
            "created_time": "2024-11-20T21:29:12.224983Z",
            "yes_price": 2,
            "no_price": 98,
            "taker_side": "yes"
        },
        {
            "trade_id": "d8b21133-e779-48f8-bffe-3c7219abd908",
            "ticker": "KXHIGHAUS-24NOV20-B67.5",
            "count": 17,
            "created_time": "2024-11-20T21:28:12.3835Z",
            "yes_price": 2,
            "no_price": 98,
            "taker_side": "yes"
        },
        {
            "trade_id": "c54c57e7-5c20-44d6-bbc0-b633b7d43f80",
            "ticker": "KXHIGHAUS-24NOV20-B67.5",
            "count": 200,
            "created_time": "2024-11-20T21:27:42.918731Z",
            "yes_price": 1,
            "no_price": 99,
            "taker_side": "no"
        },
        {
            "trade_id": "ad1b604e-499e-4383-9b9b-0e750c551233",
            "ticker": "KXHIGHAUS-24NOV20-B67.5",
            "count": 1,
            "created_time": "2024-11-20T21:27:32.379282Z",
            "yes_price": 2,
            "no_price": 98,
            "taker_side": "yes"
        },
        {
            "trade_id": "40db2a1e-9286-40a4-941b-b923cc7ab168",
            "ticker": "KXHIGHAUS-24NOV20-B67.5",
            "count": 50,
            "created_time": "2024-11-20T21:23:46.475248Z",
            "yes_price": 1,
            "no_price": 99,
            "taker_side": "no"
        },
        {
            "trade_id": "71f3c6c0-fbd9-45dc-b3fd-30327ae4d350",
            "ticker": "KXHIGHAUS-24NOV20-B67.5",
            "count": 46,
            "created_time": "2024-11-20T21:22:33.194728Z",
            "yes_price": 2,
            "no_price": 98,
            "taker_side": "yes"
        },
        {
            "trade_id": "2b22e5e8-abaa-49b6-b6f7-3668bf128d84",
            "ticker": "KXHIGHAUS-24NOV20-B67.5",
            "count": 19,
            "created_time": "2024-11-20T21:21:07.621148Z",
            "yes_price": 3,
            "no_price": 97,
            "taker_side": "yes"
        },
        {
            "trade_id": "f04b7a5f-bccb-4b0a-b232-a5de63631d66",
            "ticker": "KXHIGHAUS-24NOV20-B67.5",
            "count": 1960,
            "created_time": "2024-11-20T21:20:56.659548Z",
            "yes_price": 3,
            "no_price": 97,
            "taker_side": "yes"
        },
        {
            "trade_id": "dd40d828-9214-4bc1-a99c-547bac459975",
            "ticker": "KXHIGHAUS-24NOV20-B67.5",
            "count": 500,
            "created_time": "2024-11-20T21:20:56.659548Z",
            "yes_price": 3,
            "no_price": 97,
            "taker_side": "yes"
        },
        {
            "trade_id": "cb5c8540-657d-460f-9eca-960c92ed6da2",
            "ticker": "KXHIGHAUS-24NOV20-B67.5",
            "count": 652,
            "created_time": "2024-11-20T21:20:56.659548Z",
            "yes_price": 3,
            "no_price": 97,
            "taker_side": "yes"
        },
        {
            "trade_id": "4d942481-aaa3-41ac-93cc-789f21c7a005",
            "ticker": "KXHIGHAUS-24NOV20-B67.5",
            "count": 9,
            "created_time": "2024-11-20T21:20:56.659548Z",
            "yes_price": 3,
            "no_price": 97,
            "taker_side": "yes"
        },
        {
            "trade_id": "cd2b2c57-ece0-4315-b0c1-b32f2ff22fa7",
            "ticker": "KXHIGHAUS-24NOV20-B67.5",
            "count": 2,
            "created_time": "2024-11-20T21:19:56.339185Z",
            "yes_price": 3,
            "no_price": 97,
            "taker_side": "yes"
        },
        {
            "trade_id": "b070cb0f-1b68-45ed-9261-1741d2323d82",
            "ticker": "KXHIGHAUS-24NOV20-B67.5",
            "count": 31,
            "created_time": "2024-11-20T21:17:51.131775Z",
            "yes_price": 2,
            "no_price": 98,
            "taker_side": "yes"
        },
        {
            "trade_id": "c274680f-887c-4959-815a-947044540730",
            "ticker": "KXHIGHAUS-24NOV20-B67.5",
            "count": 6,
            "created_time": "2024-11-20T21:17:15.343435Z",
            "yes_price": 1,
            "no_price": 99,
            "taker_side": "no"
        },
        {
            "trade_id": "1b3c4f34-3a49-4a03-8fd0-34f396576330",
            "ticker": "KXHIGHAUS-24NOV20-B67.5",
            "count": 7,
            "created_time": "2024-11-20T21:17:15.343435Z",
            "yes_price": 1,
            "no_price": 99,
            "taker_side": "no"
        },
        {
            "trade_id": "07b5547f-0776-4fd5-b0cb-1fdbac5f88b9",
            "ticker": "KXHIGHAUS-24NOV20-B67.5",
            "count": 119,
            "created_time": "2024-11-20T21:15:35.667851Z",
            "yes_price": 2,
            "no_price": 98,
            "taker_side": "yes"
        },
        {
            "trade_id": "99ef0e21-b0ab-4f6c-aaf1-1d7243958fbf",
            "ticker": "KXHIGHAUS-24NOV20-B67.5",
            "count": 147,
            "created_time": "2024-11-20T21:15:06.169776Z",
            "yes_price": 2,
            "no_price": 98,
            "taker_side": "yes"
        },
        {
            "trade_id": "0fa0c095-ae00-46c4-ae20-6e8654c7a689",
            "ticker": "KXHIGHAUS-24NOV20-B67.5",
            "count": 213,
            "created_time": "2024-11-20T21:15:06.169776Z",
            "yes_price": 3,
            "no_price": 97,
            "taker_side": "yes"
        },
        {
            "trade_id": "1c35bf84-18c9-421b-bbd9-7775fccf9295",
            "ticker": "KXHIGHAUS-24NOV20-B67.5",
            "count": 3,
            "created_time": "2024-11-20T21:12:13.243325Z",
            "yes_price": 2,
            "no_price": 98,
            "taker_side": "yes"
        },
        {
            "trade_id": "f98d3d62-8eb3-441b-8e7e-8d9747363119",
            "ticker": "KXHIGHAUS-24NOV20-B67.5",
            "count": 150,
            "created_time": "2024-11-20T21:12:03.512032Z",
            "yes_price": 2,
            "no_price": 98,
            "taker_side": "yes"
        },
        {
            "trade_id": "edf37d20-d579-4134-aa5c-1e8c0097cb9d",
            "ticker": "KXHIGHAUS-24NOV20-B67.5",
            "count": 183,
            "created_time": "2024-11-20T21:12:03.512032Z",
            "yes_price": 2,
            "no_price": 98,
            "taker_side": "yes"
        },
        {
            "trade_id": "d9bb070d-6e93-4797-a6e1-088cab9966d0",
            "ticker": "KXHIGHAUS-24NOV20-B67.5",
            "count": 89,
            "created_time": "2024-11-20T21:12:03.512032Z",
            "yes_price": 3,
            "no_price": 97,
            "taker_side": "yes"
        },
        {
            "trade_id": "973025fa-9f56-4634-b400-97d38fd8fdfb",
            "ticker": "KXHIGHAUS-24NOV20-B67.5",
            "count": 317,
            "created_time": "2024-11-20T21:10:54.43429Z",
            "yes_price": 2,
            "no_price": 98,
            "taker_side": "yes"
        },
        {
            "trade_id": "49523d06-d8bb-4f7b-b2b4-33dded4f2057",
            "ticker": "KXHIGHAUS-24NOV20-B67.5",
            "count": 150,
            "created_time": "2024-11-20T21:10:54.43429Z",
            "yes_price": 2,
            "no_price": 98,
            "taker_side": "yes"
        },
        {
            "trade_id": "f8f64bb2-d3bd-48d1-acd9-96599e15ed2c",
            "ticker": "KXHIGHAUS-24NOV20-B67.5",
            "count": 19,
            "created_time": "2024-11-20T21:09:50.531844Z",
            "yes_price": 3,
            "no_price": 97,
            "taker_side": "yes"
        },
        {
            "trade_id": "78202738-c5df-4f78-aa76-5b7cd3126195",
            "ticker": "KXHIGHAUS-24NOV20-B67.5",
            "count": 150,
            "created_time": "2024-11-20T21:09:50.531844Z",
            "yes_price": 2,
            "no_price": 98,
            "taker_side": "yes"
        },
        {
            "trade_id": "54959e2a-c071-4eba-a863-565e212daf61",
            "ticker": "KXHIGHAUS-24NOV20-B67.5",
            "count": 289,
            "created_time": "2024-11-20T21:09:50.531844Z",
            "yes_price": 2,
            "no_price": 98,
            "taker_side": "yes"
        },
        {
            "trade_id": "92a9cd62-f44a-462c-9803-90d9acd310df",
            "ticker": "KXHIGHAUS-24NOV20-B67.5",
            "count": 211,
            "created_time": "2024-11-20T21:09:35.955949Z",
            "yes_price": 2,
            "no_price": 98,
            "taker_side": "yes"
        },
        {
            "trade_id": "05a814d9-8868-4383-983d-e0af867f86a8",
            "ticker": "KXHIGHAUS-24NOV20-B67.5",
            "count": 150,
            "created_time": "2024-11-20T21:09:35.955949Z",
            "yes_price": 2,
            "no_price": 98,
            "taker_side": "yes"
        },
        {
            "trade_id": "f1df7d34-f2e8-4c60-9e60-58946350a6d4",
            "ticker": "KXHIGHAUS-24NOV20-B67.5",
            "count": 742,
            "created_time": "2024-11-20T21:09:31.205536Z",
            "yes_price": 3,
            "no_price": 97,
            "taker_side": "yes"
        },
        {
            "trade_id": "3d324063-97d5-4bb4-922f-2f24adf71c30",
            "ticker": "KXHIGHAUS-24NOV20-B67.5",
            "count": 150,
            "created_time": "2024-11-20T21:09:31.205536Z",
            "yes_price": 2,
            "no_price": 98,
            "taker_side": "yes"
        },
        {
            "trade_id": "8d924f49-3fda-4432-852a-81d28798de84",
            "ticker": "KXHIGHAUS-24NOV20-B67.5",
            "count": 152,
            "created_time": "2024-11-20T21:09:26.353198Z",
            "yes_price": 3,
            "no_price": 97,
            "taker_side": "yes"
        },
        {
            "trade_id": "43daaffe-ea70-4040-a8a4-fc06ba13fa1d",
            "ticker": "KXHIGHAUS-24NOV20-B67.5",
            "count": 1975,
            "created_time": "2024-11-20T21:09:26.353198Z",
            "yes_price": 3,
            "no_price": 97,
            "taker_side": "yes"
        },
        {
            "trade_id": "eae94502-d5ce-4e2b-87eb-1ebfb2ec3ca5",
            "ticker": "KXHIGHAUS-24NOV20-B67.5",
            "count": 170,
            "created_time": "2024-11-20T21:08:59.894225Z",
            "yes_price": 2,
            "no_price": 98,
            "taker_side": "yes"
        },
        {
            "trade_id": "d0cd250d-66b9-4a96-adcb-b52a063c3971",
            "ticker": "KXHIGHAUS-24NOV20-B67.5",
            "count": 217,
            "created_time": "2024-11-20T21:08:59.894225Z",
            "yes_price": 4,
            "no_price": 96,
            "taker_side": "yes"
        },
        {
            "trade_id": "6e6f82b6-d7b0-4362-89ac-79789335e1d0",
            "ticker": "KXHIGHAUS-24NOV20-B67.5",
            "count": 1022,
            "created_time": "2024-11-20T21:08:59.894225Z",
            "yes_price": 2,
            "no_price": 98,
            "taker_side": "yes"
        },
        {
            "trade_id": "6b786745-ee08-4636-a900-786b225c6d8d",
            "ticker": "KXHIGHAUS-24NOV20-B67.5",
            "count": 4476,
            "created_time": "2024-11-20T21:08:59.894225Z",
            "yes_price": 3,
            "no_price": 97,
            "taker_side": "yes"
        },
        {
            "trade_id": "37f605a8-7090-4929-a39f-a5856631d315",
            "ticker": "KXHIGHAUS-24NOV20-B67.5",
            "count": 436,
            "created_time": "2024-11-20T21:08:59.894225Z",
            "yes_price": 4,
            "no_price": 96,
            "taker_side": "yes"
        },
        {
            "trade_id": "0bf30723-bbb9-496d-961b-a6072ac7d1c2",
            "ticker": "KXHIGHAUS-24NOV20-B67.5",
            "count": 150,
            "created_time": "2024-11-20T21:08:59.894225Z",
            "yes_price": 2,
            "no_price": 98,
            "taker_side": "yes"
        },
        {
            "trade_id": "cc4412ce-1a51-4fe1-9285-e32799c4dd64",
            "ticker": "KXHIGHAUS-24NOV20-B67.5",
            "count": 147,
            "created_time": "2024-11-20T21:08:46.157856Z",
            "yes_price": 2,
            "no_price": 98,
            "taker_side": "yes"
        },
        {
            "trade_id": "ed8558e2-50fc-497e-a7ac-203d15d41bdf",
            "ticker": "KXHIGHAUS-24NOV20-B67.5",
            "count": 104,
            "created_time": "2024-11-20T21:08:42.865407Z",
            "yes_price": 2,
            "no_price": 98,
            "taker_side": "yes"
        },
        {
            "trade_id": "afddae1b-e7e3-44b9-ac46-e4c4e55a9056",
            "ticker": "KXHIGHAUS-24NOV20-B67.5",
            "count": 831,
            "created_time": "2024-11-20T21:08:42.865407Z",
            "yes_price": 2,
            "no_price": 98,
            "taker_side": "yes"
        },
        {
            "trade_id": "1aad7883-badf-4b8b-b1ac-df4af91df49e",
            "ticker": "KXHIGHAUS-24NOV20-B67.5",
            "count": 46,
            "created_time": "2024-11-20T21:07:40.155302Z",
            "yes_price": 2,
            "no_price": 98,
            "taker_side": "yes"
        },
        {
            "trade_id": "e251d48d-8266-4e98-9e19-f61c0e4a7bb1",
            "ticker": "KXHIGHAUS-24NOV20-B67.5",
            "count": 1448,
            "created_time": "2024-11-20T21:05:20.077525Z",
            "yes_price": 1,
            "no_price": 99,
            "taker_side": "no"
        },
        {
            "trade_id": "8dc9ce9f-c8f3-48fa-8088-eee9b63dc695",
            "ticker": "KXHIGHAUS-24NOV20-B67.5",
            "count": 150,
            "created_time": "2024-11-20T21:05:19.88166Z",
            "yes_price": 2,
            "no_price": 98,
            "taker_side": "yes"
        },
        {
            "trade_id": "676942af-5813-4b81-a20d-ce8f6f1f857b",
            "ticker": "KXHIGHAUS-24NOV20-B67.5",
            "count": 524,
            "created_time": "2024-11-20T21:05:19.88166Z",
            "yes_price": 3,
            "no_price": 97,
            "taker_side": "yes"
        },
        {
            "trade_id": "21782094-4d7f-46ba-96ba-04596ac0b72e",
            "ticker": "KXHIGHAUS-24NOV20-B67.5",
            "count": 962,
            "created_time": "2024-11-20T21:04:50.721327Z",
            "yes_price": 1,
            "no_price": 99,
            "taker_side": "no"
        },
        {
            "trade_id": "988b78e8-b671-41d9-8d8b-9e0bf91c27c0",
            "ticker": "KXHIGHAUS-24NOV20-B67.5",
            "count": 2000,
            "created_time": "2024-11-20T21:04:39.04039Z",
            "yes_price": 2,
            "no_price": 98,
            "taker_side": "yes"
        },
        {
            "trade_id": "4d777cdd-d9e4-4753-8ef4-540a6b4b563e",
            "ticker": "KXHIGHAUS-24NOV20-B67.5",
            "count": 475,
            "created_time": "2024-11-20T21:04:39.04039Z",
            "yes_price": 2,
            "no_price": 98,
            "taker_side": "yes"
        },
        {
            "trade_id": "0a671ffe-43eb-41b8-9fcb-2e752f6a36ae",
            "ticker": "KXHIGHAUS-24NOV20-B67.5",
            "count": 150,
            "created_time": "2024-11-20T21:04:39.04039Z",
            "yes_price": 2,
            "no_price": 98,
            "taker_side": "yes"
        },
        {
            "trade_id": "f9387daf-7dd7-47a2-8189-12ae55cd63ff",
            "ticker": "KXHIGHAUS-24NOV20-B67.5",
            "count": 467,
            "created_time": "2024-11-20T21:04:23.346133Z",
            "yes_price": 2,
            "no_price": 98,
            "taker_side": "yes"
        },
        {
            "trade_id": "5ae76b8b-8588-47f9-a2a7-118e10d2fccf",
            "ticker": "KXHIGHAUS-24NOV20-B67.5",
            "count": 58,
            "created_time": "2024-11-20T21:03:34.053324Z",
            "yes_price": 2,
            "no_price": 98,
            "taker_side": "yes"
        },
        {
            "trade_id": "aa10d65a-c50e-4cd1-9e94-4232a7a01951",
            "ticker": "KXHIGHAUS-24NOV20-B67.5",
            "count": 152,
            "created_time": "2024-11-20T21:02:58.142993Z",
            "yes_price": 3,
            "no_price": 97,
            "taker_side": "yes"
        },
        {
            "trade_id": "09116c8b-c440-4f17-8409-01951db0312a",
            "ticker": "KXHIGHAUS-24NOV20-B67.5",
            "count": 5000,
            "created_time": "2024-11-20T21:02:58.142993Z",
            "yes_price": 3,
            "no_price": 97,
            "taker_side": "yes"
        },
        {
            "trade_id": "c3d9c8c8-f43c-4bcc-9aec-5b36cca8f27f",
            "ticker": "KXHIGHAUS-24NOV20-B67.5",
            "count": 221,
            "created_time": "2024-11-20T21:01:52.879226Z",
            "yes_price": 1,
            "no_price": 99,
            "taker_side": "no"
        },
        {
            "trade_id": "5814fa69-4c31-4461-8734-91aa08ba458d",
            "ticker": "KXHIGHAUS-24NOV20-B67.5",
            "count": 317,
            "created_time": "2024-11-20T21:01:44.62463Z",
            "yes_price": 2,
            "no_price": 98,
            "taker_side": "no"
        },
        {
            "trade_id": "161ac3b6-91c3-444d-b840-33cd7930f040",
            "ticker": "KXHIGHAUS-24NOV20-B67.5",
            "count": 100,
            "created_time": "2024-11-20T21:01:40.624504Z",
            "yes_price": 2,
            "no_price": 98,
            "taker_side": "no"
        },
        {
            "trade_id": "2289d999-d54d-4e47-8077-efec14a536dd",
            "ticker": "KXHIGHAUS-24NOV20-B67.5",
            "count": 124,
            "created_time": "2024-11-20T21:01:39.831355Z",
            "yes_price": 3,
            "no_price": 97,
            "taker_side": "yes"
        },
        {
            "trade_id": "d183c439-4556-4847-b6fc-2de793524295",
            "ticker": "KXHIGHAUS-24NOV20-B67.5",
            "count": 1821,
            "created_time": "2024-11-20T21:01:33.861842Z",
            "yes_price": 3,
            "no_price": 97,
            "taker_side": "yes"
        },
        {
            "trade_id": "185e89af-852c-4747-b98c-fa01e1bd0964",
            "ticker": "KXHIGHAUS-24NOV20-B67.5",
            "count": 500,
            "created_time": "2024-11-20T21:01:33.861842Z",
            "yes_price": 3,
            "no_price": 97,
            "taker_side": "yes"
        },
        {
            "trade_id": "0bdf7381-2ac5-4843-9fe1-b900df24ea6e",
            "ticker": "KXHIGHAUS-24NOV20-B67.5",
            "count": 800,
            "created_time": "2024-11-20T21:01:33.861842Z",
            "yes_price": 3,
            "no_price": 97,
            "taker_side": "yes"
        },
        {
            "trade_id": "81053d70-d058-4b92-b5e8-8fea36185a1a",
            "ticker": "KXHIGHAUS-24NOV20-B67.5",
            "count": 191,
            "created_time": "2024-11-20T21:01:12.977895Z",
            "yes_price": 2,
            "no_price": 98,
            "taker_side": "no"
        },
        {
            "trade_id": "dc0272a5-4e08-4db3-be47-18259d5b3940",
            "ticker": "KXHIGHAUS-24NOV20-B67.5",
            "count": 102,
            "created_time": "2024-11-20T21:01:03.560023Z",
            "yes_price": 2,
            "no_price": 98,
            "taker_side": "yes"
        },
        {
            "trade_id": "67e35612-fd2a-48a8-8555-8325cad22a8e",
            "ticker": "KXHIGHAUS-24NOV20-B67.5",
            "count": 52,
            "created_time": "2024-11-20T21:01:03.560023Z",
            "yes_price": 2,
            "no_price": 98,
            "taker_side": "yes"
        },
        {
            "trade_id": "2f69d7a7-6f12-451a-8672-1e15fa826941",
            "ticker": "KXHIGHAUS-24NOV20-B67.5",
            "count": 150,
            "created_time": "2024-11-20T21:01:03.560023Z",
            "yes_price": 2,
            "no_price": 98,
            "taker_side": "yes"
        },
        {
            "trade_id": "ea50dd87-55c8-4621-8b77-a95b6f1be22a",
            "ticker": "KXHIGHAUS-24NOV20-B67.5",
            "count": 500,
            "created_time": "2024-11-20T21:01:02.015643Z",
            "yes_price": 2,
            "no_price": 98,
            "taker_side": "yes"
        },
        {
            "trade_id": "9d120f46-df92-4d7b-807b-28119c7ed16f",
            "ticker": "KXHIGHAUS-24NOV20-B67.5",
            "count": 98,
            "created_time": "2024-11-20T21:01:02.015643Z",
            "yes_price": 2,
            "no_price": 98,
            "taker_side": "yes"
        },
        {
            "trade_id": "896f1a84-664d-465d-93a3-9c2a5961bcea",
            "ticker": "KXHIGHAUS-24NOV20-B67.5",
            "count": 10,
            "created_time": "2024-11-20T21:01:02.015643Z",
            "yes_price": 2,
            "no_price": 98,
            "taker_side": "yes"
        },
        {
            "trade_id": "21a1692c-9f36-4d05-ac71-59bc4e75729f",
            "ticker": "KXHIGHAUS-24NOV20-B67.5",
            "count": 661,
            "created_time": "2024-11-20T21:00:00.959419Z",
            "yes_price": 1,
            "no_price": 99,
            "taker_side": "no"
        },
        {
            "trade_id": "62f3c7ea-8e63-4aac-bfaa-bc8bc086be1f",
            "ticker": "KXHIGHAUS-24NOV20-B67.5",
            "count": 5000,
            "created_time": "2024-11-20T20:59:30.388462Z",
            "yes_price": 2,
            "no_price": 98,
            "taker_side": "yes"
        },
        {
            "trade_id": "32a12c2f-e95d-4898-8789-8d04b3621130",
            "ticker": "KXHIGHAUS-24NOV20-B67.5",
            "count": 5,
            "created_time": "2024-11-20T20:59:17.821881Z",
            "yes_price": 1,
            "no_price": 99,
            "taker_side": "yes"
        },
        {
            "trade_id": "2cb859cd-45f4-47b2-8cc9-62b1dd6bba83",
            "ticker": "KXHIGHAUS-24NOV20-B67.5",
            "count": 43,
            "created_time": "2024-11-20T20:59:17.821881Z",
            "yes_price": 2,
            "no_price": 98,
            "taker_side": "yes"
        },
        {
            "trade_id": "978480f7-8278-4530-bb2e-d8840ff24d4a",
            "ticker": "KXHIGHAUS-24NOV20-B67.5",
            "count": 50,
            "created_time": "2024-11-20T20:47:56.838243Z",
            "yes_price": 2,
            "no_price": 98,
            "taker_side": "yes"
        },
        {
            "trade_id": "d928a3dc-8228-498b-8017-c8e489a82e22",
            "ticker": "KXHIGHAUS-24NOV20-B67.5",
            "count": 361,
            "created_time": "2024-11-20T20:47:20.759428Z",
            "yes_price": 2,
            "no_price": 98,
            "taker_side": "yes"
        },
        {
            "trade_id": "a8b5db4d-3946-41a1-9259-045e66a1504f",
            "ticker": "KXHIGHAUS-24NOV20-B67.5",
            "count": 482,
