{
    "HIGHAUS-24OCT07-T91": [
        {
            "trade_id": "a8779fae-df19-493e-bb3d-91c31d3580ea",
            "ticker": "HIGHAUS-24OCT07-T91",
            "count": 460,
            "created_time": "2024-10-08T01:48:42.042063Z",
            "yes_price": 1,
            "no_price": 99,
            "taker_side": "yes"
        },
        {
            "trade_id": "3a1e32f0-19ff-44f9-b606-e71a2c9411ab",
            "ticker": "HIGHAUS-24OCT07-T91",
            "count": 460,
            "created_time": "2024-10-08T01:48:42.042063Z",
            "yes_price": 1,
            "no_price": 99,
            "taker_side": "yes"
        },
        {
            "trade_id": "1ed443ed-283e-499f-85ee-ce2098f1f0ea",
            "ticker": "HIGHAUS-24OCT07-T91",
            "count": 14,
            "created_time": "2024-10-08T01:48:42.042063Z",
            "yes_price": 1,
            "no_price": 99,
            "taker_side": "yes"
        },
        {
            "trade_id": "7e8eee01-fc5f-4e3d-b006-7c701e9d80fd",
            "ticker": "HIGHAUS-24OCT07-T91",
            "count": 50,
            "created_time": "2024-10-06T14:22:06.245119Z",
            "yes_price": 1,
            "no_price": 99,
            "taker_side": "no"
        }
    ],
    "HIGHAUS-24OCT07-B91.5": [
        {
            "trade_id": "259216f4-4a64-4a29-9b0e-290304a34a55",
            "ticker": "HIGHAUS-24OCT07-B91.5",
            "count": 3,
            "created_time": "2024-10-07T23:24:53.55271Z",
            "yes_price": 1,
            "no_price": 99,
            "taker_side": "yes"
        },
        {
            "trade_id": "7cc01953-818a-4bdf-b13d-8e601b7e83d8",
            "ticker": "HIGHAUS-24OCT07-B91.5",
            "count": 93,
            "created_time": "2024-10-07T18:28:22.608129Z",
            "yes_price": 1,
            "no_price": 99,
            "taker_side": "yes"
        },
        {
            "trade_id": "7bd7e3cb-0638-4961-87f4-c550d47c7e41",
            "ticker": "HIGHAUS-24OCT07-B91.5",
            "count": 1,
            "created_time": "2024-10-07T18:27:22.613631Z",
            "yes_price": 1,
            "no_price": 99,
            "taker_side": "no"
        },
        {
            "trade_id": "2da97d47-d46b-4552-9ec1-e95c7853fc8f",
            "ticker": "HIGHAUS-24OCT07-B91.5",
            "count": 50,
            "created_time": "2024-10-07T16:12:17.989961Z",
            "yes_price": 5,
            "no_price": 95,
            "taker_side": "yes"
        },
        {
            "trade_id": "42f763db-b572-47c5-af47-be7c1de77e0d",
            "ticker": "HIGHAUS-24OCT07-B91.5",
            "count": 50,
            "created_time": "2024-10-07T14:00:07.416425Z",
            "yes_price": 1,
            "no_price": 99,
            "taker_side": "no"
        },
        {
            "trade_id": "4a907271-beab-464b-85c9-5e4c893e238e",
            "ticker": "HIGHAUS-24OCT07-B91.5",
            "count": 100,
            "created_time": "2024-10-07T12:24:23.312281Z",
            "yes_price": 2,
            "no_price": 98,
            "taker_side": "no"
        },
        {
            "trade_id": "efd6369c-af39-4583-9edb-d0de58ee2604",
            "ticker": "HIGHAUS-24OCT07-B91.5",
            "count": 15,
            "created_time": "2024-10-06T19:33:04.970566Z",
            "yes_price": 7,
            "no_price": 93,
            "taker_side": "no"
        },
        {
            "trade_id": "0399e546-258b-4142-8b40-4d076c45bd06",
            "ticker": "HIGHAUS-24OCT07-B91.5",
            "count": 90,
            "created_time": "2024-10-06T19:30:04.978129Z",
            "yes_price": 9,
            "no_price": 91,
            "taker_side": "no"
        },
        {
            "trade_id": "34b4dd04-99da-4fba-8115-03a2b7d98bc1",
            "ticker": "HIGHAUS-24OCT07-B91.5",
            "count": 55,
            "created_time": "2024-10-06T19:26:26.219344Z",
            "yes_price": 10,
            "no_price": 90,
            "taker_side": "no"
        },
        {
            "trade_id": "62de3c30-80a2-451d-bf37-8c87393172cf",
            "ticker": "HIGHAUS-24OCT07-B91.5",
            "count": 11,
            "created_time": "2024-10-06T17:56:29.399649Z",
            "yes_price": 10,
            "no_price": 90,
            "taker_side": "yes"
        }
    ],
    "HIGHAUS-24OCT07-B93.5": [
        {
            "trade_id": "4280129b-46e0-44d2-b223-26c26cf6bf4a",
            "ticker": "HIGHAUS-24OCT07-B93.5",
            "count": 14,
            "created_time": "2024-10-08T02:43:31.699252Z",
            "yes_price": 1,
            "no_price": 99,
            "taker_side": "yes"
        },
        {
            "trade_id": "956f07ed-2061-4c1d-9cfb-9b5f5508911a",
            "ticker": "HIGHAUS-24OCT07-B93.5",
            "count": 37,
            "created_time": "2024-10-07T22:15:14.984911Z",
            "yes_price": 1,
            "no_price": 99,
            "taker_side": "yes"
        },
        {
            "trade_id": "f8fe651f-a720-4a95-b5c7-66a9def9052c",
            "ticker": "HIGHAUS-24OCT07-B93.5",
            "count": 50,
            "created_time": "2024-10-07T21:26:50.740179Z",
            "yes_price": 1,
            "no_price": 99,
            "taker_side": "no"
        },
        {
            "trade_id": "0013bc23-08ad-4b9a-86d5-253e672ea181",
            "ticker": "HIGHAUS-24OCT07-B93.5",
            "count": 1,
            "created_time": "2024-10-07T21:26:50.740179Z",
            "yes_price": 1,
            "no_price": 99,
            "taker_side": "no"
        },
        {
            "trade_id": "87b44336-7208-4a51-9834-cc787a8b5dc8",
            "ticker": "HIGHAUS-24OCT07-B93.5",
            "count": 14,
            "created_time": "2024-10-07T21:17:44.866371Z",
            "yes_price": 3,
            "no_price": 97,
            "taker_side": "yes"
        },
        {
            "trade_id": "d8c7690b-5c64-4d6b-9fd0-05c3be6db672",
            "ticker": "HIGHAUS-24OCT07-B93.5",
            "count": 38,
            "created_time": "2024-10-07T20:58:04.498416Z",
            "yes_price": 47,
            "no_price": 53,
            "taker_side": "yes"
        },
        {
            "trade_id": "81dc4d55-9dbb-4d69-b526-03a3779fc2c7",
            "ticker": "HIGHAUS-24OCT07-B93.5",
            "count": 20,
            "created_time": "2024-10-07T20:58:04.498416Z",
            "yes_price": 48,
            "no_price": 52,
            "taker_side": "yes"
        },
        {
            "trade_id": "2a67a79b-45de-4f48-8887-2cc010f5ffbd",
            "ticker": "HIGHAUS-24OCT07-B93.5",
            "count": 10,
            "created_time": "2024-10-07T18:55:48.685452Z",
            "yes_price": 48,
            "no_price": 52,
            "taker_side": "yes"
        },
        {
            "trade_id": "b5d24f1c-616f-466c-8427-59a3823cf1b0",
            "ticker": "HIGHAUS-24OCT07-B93.5",
            "count": 29,
            "created_time": "2024-10-07T16:36:43.254758Z",
            "yes_price": 17,
            "no_price": 83,
            "taker_side": "no"
        },
        {
            "trade_id": "38e70879-7400-4575-b58d-0489d97de837",
            "ticker": "HIGHAUS-24OCT07-B93.5",
            "count": 20,
            "created_time": "2024-10-07T15:57:32.498522Z",
            "yes_price": 24,
            "no_price": 76,
            "taker_side": "yes"
        },
        {
            "trade_id": "aa110468-7cd9-4574-9b0a-d8450cfbe954",
            "ticker": "HIGHAUS-24OCT07-B93.5",
            "count": 180,
            "created_time": "2024-10-07T15:56:43.912832Z",
            "yes_price": 17,
            "no_price": 83,
            "taker_side": "no"
        },
        {
            "trade_id": "9f7f77dd-6208-45e2-96d2-1fb8765f85cb",
            "ticker": "HIGHAUS-24OCT07-B93.5",
            "count": 180,
            "created_time": "2024-10-07T15:56:43.912832Z",
            "yes_price": 18,
            "no_price": 82,
            "taker_side": "no"
        },
        {
            "trade_id": "54e1713a-546e-480e-bc53-b5cba8758e4c",
            "ticker": "HIGHAUS-24OCT07-B93.5",
            "count": 126,
            "created_time": "2024-10-07T15:56:43.912832Z",
            "yes_price": 20,
            "no_price": 80,
            "taker_side": "no"
        },
        {
            "trade_id": "4f6f12e3-cd18-4f3c-b7d5-223a4595e26d",
            "ticker": "HIGHAUS-24OCT07-B93.5",
            "count": 8,
            "created_time": "2024-10-07T15:56:43.912832Z",
            "yes_price": 20,
            "no_price": 80,
            "taker_side": "no"
        },
        {
            "trade_id": "31dd8d7f-989b-40aa-9531-e358a5e64203",
            "ticker": "HIGHAUS-24OCT07-B93.5",
            "count": 100,
            "created_time": "2024-10-07T15:56:43.912832Z",
            "yes_price": 18,
            "no_price": 82,
            "taker_side": "no"
        },
        {
            "trade_id": "3e4ec335-8015-474a-b78f-9a172b89a8f9",
            "ticker": "HIGHAUS-24OCT07-B93.5",
            "count": 50,
            "created_time": "2024-10-07T14:55:56.309697Z",
            "yes_price": 23,
            "no_price": 77,
            "taker_side": "no"
        },
        {
            "trade_id": "136a8dc4-39a0-403f-a89c-89f9cca99a8c",
            "ticker": "HIGHAUS-24OCT07-B93.5",
            "count": 100,
            "created_time": "2024-10-07T14:55:56.309697Z",
            "yes_price": 21,
            "no_price": 79,
            "taker_side": "no"
        },
        {
            "trade_id": "e0ae69dd-3210-4ba0-91be-3bba315a6489",
            "ticker": "HIGHAUS-24OCT07-B93.5",
            "count": 38,
            "created_time": "2024-10-07T14:46:10.176148Z",
            "yes_price": 25,
            "no_price": 75,
            "taker_side": "yes"
        },
        {
            "trade_id": "c287ffaf-0321-4b1d-90b1-32d66b2bc34d",
            "ticker": "HIGHAUS-24OCT07-B93.5",
            "count": 5,
            "created_time": "2024-10-07T14:43:40.909821Z",
            "yes_price": 25,
            "no_price": 75,
            "taker_side": "yes"
        },
        {
            "trade_id": "1ea52c76-ca71-491b-ad43-ed744175de43",
            "ticker": "HIGHAUS-24OCT07-B93.5",
            "count": 50,
            "created_time": "2024-10-07T14:36:29.218777Z",
            "yes_price": 25,
            "no_price": 75,
            "taker_side": "no"
        },
        {
            "trade_id": "c00f8219-ed65-4163-b6f6-49209b1f66c1",
            "ticker": "HIGHAUS-24OCT07-B93.5",
            "count": 28,
            "created_time": "2024-10-07T14:36:29.204347Z",
            "yes_price": 27,
            "no_price": 73,
            "taker_side": "no"
        },
        {
            "trade_id": "789b08f5-809b-4a0f-ad84-6248101714d5",
            "ticker": "HIGHAUS-24OCT07-B93.5",
            "count": 18,
            "created_time": "2024-10-07T14:36:29.189485Z",
            "yes_price": 27,
            "no_price": 73,
            "taker_side": "no"
        },
        {
            "trade_id": "5feb2bf3-b1e1-48fa-ace0-7372604cbb17",
            "ticker": "HIGHAUS-24OCT07-B93.5",
            "count": 4,
            "created_time": "2024-10-07T14:00:30.4663Z",
            "yes_price": 27,
            "no_price": 73,
            "taker_side": "no"
        },
        {
            "trade_id": "2cba359a-4f97-4266-991f-ea6a32e2ccda",
            "ticker": "HIGHAUS-24OCT07-B93.5",
            "count": 50,
            "created_time": "2024-10-07T14:00:30.4663Z",
            "yes_price": 29,
            "no_price": 71,
            "taker_side": "no"
        },
        {
            "trade_id": "ab8cd025-8664-47c0-a70c-3d38f94eade3",
            "ticker": "HIGHAUS-24OCT07-B93.5",
            "count": 54,
            "created_time": "2024-10-07T13:59:55.206754Z",
            "yes_price": 29,
            "no_price": 71,
            "taker_side": "no"
        },
        {
            "trade_id": "c9b62b1d-b120-424f-a8aa-164f857cb428",
            "ticker": "HIGHAUS-24OCT07-B93.5",
            "count": 18,
            "created_time": "2024-10-07T13:58:02.798013Z",
            "yes_price": 32,
            "no_price": 68,
            "taker_side": "yes"
        },
        {
            "trade_id": "a6a3312e-3425-4974-9d40-4c007dd828e5",
            "ticker": "HIGHAUS-24OCT07-B93.5",
            "count": 11,
            "created_time": "2024-10-07T13:58:02.798013Z",
            "yes_price": 34,
            "no_price": 66,
            "taker_side": "yes"
        },
        {
            "trade_id": "2906fac0-06bb-4beb-80da-3115b2aef38a",
            "ticker": "HIGHAUS-24OCT07-B93.5",
            "count": 36,
            "created_time": "2024-10-07T12:25:35.496642Z",
            "yes_price": 33,
            "no_price": 67,
            "taker_side": "yes"
        },
        {
            "trade_id": "982f4610-0573-4fde-9195-d8f23e89c3da",
            "ticker": "HIGHAUS-24OCT07-B93.5",
            "count": 37,
            "created_time": "2024-10-07T01:25:27.334404Z",
            "yes_price": 29,
            "no_price": 71,
            "taker_side": "no"
        },
        {
            "trade_id": "809aac26-f45e-47b1-a44b-6e09ea34e1ca",
            "ticker": "HIGHAUS-24OCT07-B93.5",
            "count": 5,
            "created_time": "2024-10-06T19:30:44.549709Z",
            "yes_price": 45,
            "no_price": 55,
            "taker_side": "yes"
        },
        {
            "trade_id": "1e68ff5f-aea9-42f2-b8f6-7f6dd5a7cc86",
            "ticker": "HIGHAUS-24OCT07-B93.5",
            "count": 5,
            "created_time": "2024-10-06T19:27:35.662477Z",
            "yes_price": 44,
            "no_price": 56,
            "taker_side": "yes"
        },
        {
            "trade_id": "d1adaf7a-dbeb-4d8c-a73e-8a31fae6f5e9",
            "ticker": "HIGHAUS-24OCT07-B93.5",
            "count": 11,
            "created_time": "2024-10-06T14:38:17.792869Z",
            "yes_price": 35,
            "no_price": 65,
            "taker_side": "no"
        }
    ],
    "HIGHAUS-24OCT07-B95.5": [
        {
            "trade_id": "69124055-e62b-4bfd-8cb3-4a7a93e287c5",
            "ticker": "HIGHAUS-24OCT07-B95.5",
            "count": 50,
            "created_time": "2024-10-07T22:03:53.180294Z",
            "yes_price": 99,
            "no_price": 1,
            "taker_side": "yes"
        },
        {
            "trade_id": "8eb197fd-4526-4bff-b032-db64dc2cf2be",
            "ticker": "HIGHAUS-24OCT07-B95.5",
            "count": 25,
            "created_time": "2024-10-07T21:58:53.236496Z",
            "yes_price": 97,
            "no_price": 3,
            "taker_side": "yes"
        },
        {
            "trade_id": "9ce89012-baf2-44b7-9287-7128a1c4cb40",
            "ticker": "HIGHAUS-24OCT07-B95.5",
            "count": 38,
            "created_time": "2024-10-07T20:58:04.603255Z",
            "yes_price": 56,
            "no_price": 44,
            "taker_side": "no"
        },
        {
            "trade_id": "2d8508f7-b3ee-4df7-a116-85e396b29ca9",
            "ticker": "HIGHAUS-24OCT07-B95.5",
            "count": 10,
            "created_time": "2024-10-07T18:55:48.757065Z",
            "yes_price": 56,
            "no_price": 44,
            "taker_side": "no"
        },
        {
            "trade_id": "77262bca-2175-418c-a799-a69e7fd96d53",
            "ticker": "HIGHAUS-24OCT07-B95.5",
            "count": 1,
            "created_time": "2024-10-07T16:20:31.383982Z",
            "yes_price": 67,
            "no_price": 33,
            "taker_side": "no"
        },
        {
            "trade_id": "cbb4dfa6-a2f6-4804-946e-b75da0d15ed7",
            "ticker": "HIGHAUS-24OCT07-B95.5",
            "count": 2,
            "created_time": "2024-10-07T16:20:11.446169Z",
            "yes_price": 67,
            "no_price": 33,
            "taker_side": "no"
        },
        {
            "trade_id": "7f9dee05-8d34-4afe-88cf-00c73954204b",
            "ticker": "HIGHAUS-24OCT07-B95.5",
            "count": 4,
            "created_time": "2024-10-07T16:19:50.299391Z",
            "yes_price": 67,
            "no_price": 33,
            "taker_side": "no"
        },
        {
            "trade_id": "931087a3-ea17-4a5c-846a-2113ad23680b",
            "ticker": "HIGHAUS-24OCT07-B95.5",
            "count": 11,
            "created_time": "2024-10-07T16:19:30.919278Z",
            "yes_price": 67,
            "no_price": 33,
            "taker_side": "no"
        },
        {
            "trade_id": "5f941ada-5e37-46b4-ab3e-60b0594250d1",
            "ticker": "HIGHAUS-24OCT07-B95.5",
            "count": 28,
            "created_time": "2024-10-07T16:19:10.847663Z",
            "yes_price": 67,
            "no_price": 33,
            "taker_side": "no"
        },
        {
            "trade_id": "deecd9f4-d03a-4e23-8115-6c231920424c",
            "ticker": "HIGHAUS-24OCT07-B95.5",
            "count": 2,
            "created_time": "2024-10-07T16:13:03.980705Z",
            "yes_price": 74,
            "no_price": 26,
            "taker_side": "yes"
        },
        {
            "trade_id": "ed3ba6e3-4d31-4b25-b104-c3d8b1dd1e2e",
            "ticker": "HIGHAUS-24OCT07-B95.5",
            "count": 20,
            "created_time": "2024-10-07T15:59:00.366653Z",
            "yes_price": 67,
            "no_price": 33,
            "taker_side": "no"
        },
        {
            "trade_id": "1014e539-e9d5-4c06-a57c-c95c17e91ac3",
            "ticker": "HIGHAUS-24OCT07-B95.5",
            "count": 20,
            "created_time": "2024-10-07T15:58:48.726626Z",
            "yes_price": 67,
            "no_price": 33,
            "taker_side": "no"
        },
        {
            "trade_id": "23c377f8-5bd5-4749-9fb4-7e8cbec8d3a1",
            "ticker": "HIGHAUS-24OCT07-B95.5",
            "count": 10,
            "created_time": "2024-10-07T14:50:59.924946Z",
            "yes_price": 66,
            "no_price": 34,
            "taker_side": "no"
        },
        {
            "trade_id": "d771d4ce-942d-4180-b47f-119e3f1cfa61",
            "ticker": "HIGHAUS-24OCT07-B95.5",
            "count": 5,
            "created_time": "2024-10-07T14:43:05.734955Z",
            "yes_price": 67,
            "no_price": 33,
            "taker_side": "no"
        },
        {
            "trade_id": "c80211e5-d95c-40a2-980b-90f02c747708",
            "ticker": "HIGHAUS-24OCT07-B95.5",
            "count": 180,
            "created_time": "2024-10-07T13:59:45.213171Z",
            "yes_price": 67,
            "no_price": 33,
            "taker_side": "yes"
        },
        {
            "trade_id": "7f85e44e-a422-4d73-97b3-6cd537daff4d",
            "ticker": "HIGHAUS-24OCT07-B95.5",
            "count": 125,
            "created_time": "2024-10-07T13:59:45.213171Z",
            "yes_price": 66,
            "no_price": 34,
            "taker_side": "yes"
        },
        {
            "trade_id": "6f2bb755-cbff-4c8b-9a60-b9a62d0b6fd0",
            "ticker": "HIGHAUS-24OCT07-B95.5",
            "count": 90,
            "created_time": "2024-10-07T13:59:45.213171Z",
            "yes_price": 65,
            "no_price": 35,
            "taker_side": "yes"
        },
        {
            "trade_id": "12952728-b733-4548-89c4-f972d7c9b621",
            "ticker": "HIGHAUS-24OCT07-B95.5",
            "count": 180,
            "created_time": "2024-10-07T13:59:45.213171Z",
            "yes_price": 69,
            "no_price": 31,
            "taker_side": "yes"
        },
        {
            "trade_id": "cb69beb8-dbd5-4d61-85c2-978f0b129fa6",
            "ticker": "HIGHAUS-24OCT07-B95.5",
            "count": 21,
            "created_time": "2024-10-07T13:40:42.369333Z",
            "yes_price": 63,
            "no_price": 37,
            "taker_side": "no"
        },
        {
            "trade_id": "308b5d40-9632-4d79-b843-d915e48ce083",
            "ticker": "HIGHAUS-24OCT07-B95.5",
            "count": 54,
            "created_time": "2024-10-07T13:40:40.963154Z",
            "yes_price": 63,
            "no_price": 37,
            "taker_side": "yes"
        },
        {
            "trade_id": "002dce15-246a-4fb0-a591-6cebc0a5b54f",
            "ticker": "HIGHAUS-24OCT07-B95.5",
            "count": 15,
            "created_time": "2024-10-07T13:40:23.062106Z",
            "yes_price": 63,
            "no_price": 37,
            "taker_side": "yes"
        },
        {
            "trade_id": "f274d0d8-092d-494f-b2b3-3afdc6fbe8ad",
            "ticker": "HIGHAUS-24OCT07-B95.5",
            "count": 2,
            "created_time": "2024-10-07T13:22:34.305842Z",
            "yes_price": 63,
            "no_price": 37,
            "taker_side": "yes"
        },
        {
            "trade_id": "19804cde-c214-43a7-8e55-8565ee2e0cf7",
            "ticker": "HIGHAUS-24OCT07-B95.5",
            "count": 90,
            "created_time": "2024-10-07T02:58:58.107177Z",
            "yes_price": 60,
            "no_price": 40,
            "taker_side": "yes"
        },
        {
            "trade_id": "205dddc7-2604-48cb-aa19-bf3ce075bf46",
            "ticker": "HIGHAUS-24OCT07-B95.5",
            "count": 42,
            "created_time": "2024-10-07T00:56:57.597648Z",
            "yes_price": 57,
            "no_price": 43,
            "taker_side": "yes"
        },
        {
            "trade_id": "acb5d35e-479d-4542-83ef-99cec08beef7",
            "ticker": "HIGHAUS-24OCT07-B95.5",
            "count": 10,
            "created_time": "2024-10-07T00:11:22.324459Z",
            "yes_price": 64,
            "no_price": 36,
            "taker_side": "yes"
        },
        {
            "trade_id": "e8c5429f-c311-4d33-ba0f-858b644155e2",
            "ticker": "HIGHAUS-24OCT07-B95.5",
            "count": 36,
            "created_time": "2024-10-06T23:44:37.208359Z",
            "yes_price": 63,
            "no_price": 37,
            "taker_side": "yes"
        },
        {
            "trade_id": "216cd72a-aded-42e2-96aa-4334e91a71a8",
            "ticker": "HIGHAUS-24OCT07-B95.5",
            "count": 112,
            "created_time": "2024-10-06T23:44:37.208359Z",
            "yes_price": 62,
            "no_price": 38,
            "taker_side": "yes"
        },
        {
            "trade_id": "7ebb7764-b1b0-4158-8668-1031f8931301",
            "ticker": "HIGHAUS-24OCT07-B95.5",
            "count": 20,
            "created_time": "2024-10-06T23:33:18.257384Z",
            "yes_price": 62,
            "no_price": 38,
            "taker_side": "yes"
        },
        {
            "trade_id": "932e3d34-2fbe-4db1-ba8e-a0b036c03569",
            "ticker": "HIGHAUS-24OCT07-B95.5",
            "count": 9,
            "created_time": "2024-10-06T23:12:35.994643Z",
            "yes_price": 55,
            "no_price": 45,
            "taker_side": "yes"
        },
        {
            "trade_id": "e3ff64df-7d09-409e-80f2-7aec96a92d61",
            "ticker": "HIGHAUS-24OCT07-B95.5",
            "count": 10,
            "created_time": "2024-10-06T19:27:14.466641Z",
            "yes_price": 46,
            "no_price": 54,
            "taker_side": "yes"
        },
        {
            "trade_id": "d5f6a9db-9275-478a-b071-3d281e239fa0",
            "ticker": "HIGHAUS-24OCT07-B95.5",
            "count": 90,
            "created_time": "2024-10-06T18:00:29.700919Z",
            "yes_price": 44,
            "no_price": 56,
            "taker_side": "no"
        },
        {
            "trade_id": "d4c0e6d3-2959-41c3-b76c-50717f4707bb",
            "ticker": "HIGHAUS-24OCT07-B95.5",
            "count": 180,
            "created_time": "2024-10-06T17:25:24.694231Z",
            "yes_price": 51,
            "no_price": 49,
            "taker_side": "yes"
        },
        {
            "trade_id": "c3505071-c140-4780-a96c-7fce1e9b2983",
            "ticker": "HIGHAUS-24OCT07-B95.5",
            "count": 90,
            "created_time": "2024-10-06T17:25:24.694231Z",
            "yes_price": 48,
            "no_price": 52,
            "taker_side": "yes"
        },
        {
            "trade_id": "2cbbb7d2-ed3c-4c61-93cb-3b2a79c94c67",
            "ticker": "HIGHAUS-24OCT07-B95.5",
            "count": 180,
            "created_time": "2024-10-06T17:25:24.694231Z",
            "yes_price": 53,
            "no_price": 47,
            "taker_side": "yes"
        },
        {
            "trade_id": "e2fe9f9a-87e5-45b3-a4f4-545c143a9d13",
            "ticker": "HIGHAUS-24OCT07-B95.5",
            "count": 72,
            "created_time": "2024-10-06T16:50:34.066157Z",
            "yes_price": 52,
            "no_price": 48,
            "taker_side": "yes"
        },
        {
            "trade_id": "c8004743-6db8-4956-8c17-eb070ff6c886",
            "ticker": "HIGHAUS-24OCT07-B95.5",
            "count": 2,
            "created_time": "2024-10-06T16:50:34.066157Z",
            "yes_price": 55,
            "no_price": 45,
            "taker_side": "yes"
        }
    ],
    "HIGHAUS-24OCT07-B97.5": [
        {
            "trade_id": "5071cc45-a0cc-43a1-ba9e-ab699fcaebaf",
            "ticker": "HIGHAUS-24OCT07-B97.5",
            "count": 12,
            "created_time": "2024-10-07T22:03:45.866742Z",
            "yes_price": 1,
            "no_price": 99,
            "taker_side": "no"
        },
        {
            "trade_id": "17fa68ba-160b-40fd-8c52-46f9fe77756b",
            "ticker": "HIGHAUS-24OCT07-B97.5",
            "count": 38,
            "created_time": "2024-10-07T20:58:04.597221Z",
            "yes_price": 1,
            "no_price": 99,
            "taker_side": "no"
        },
        {
            "trade_id": "d053ec89-d711-4269-8ca2-bb7313bdde26",
            "ticker": "HIGHAUS-24OCT07-B97.5",
            "count": 10,
            "created_time": "2024-10-07T18:55:48.75298Z",
            "yes_price": 4,
            "no_price": 96,
            "taker_side": "no"
        },
        {
            "trade_id": "a6518865-1387-446c-aa04-51f48e49ecf8",
            "ticker": "HIGHAUS-24OCT07-B97.5",
            "count": 1,
            "created_time": "2024-10-07T18:13:13.87668Z",
            "yes_price": 4,
            "no_price": 96,
            "taker_side": "no"
        },
        {
            "trade_id": "3255b7f3-f6fa-4240-9231-0704d723ba67",
            "ticker": "HIGHAUS-24OCT07-B97.5",
            "count": 20,
            "created_time": "2024-10-07T15:54:24.803176Z",
            "yes_price": 3,
            "no_price": 97,
            "taker_side": "no"
        },
        {
            "trade_id": "d9c36e24-6e02-455c-9f6f-df01a2647a7b",
            "ticker": "HIGHAUS-24OCT07-B97.5",
            "count": 50,
            "created_time": "2024-10-07T14:50:09.923783Z",
            "yes_price": 11,
            "no_price": 89,
            "taker_side": "yes"
        },
        {
            "trade_id": "cf44dfcb-186a-424c-8979-32fff2403ea6",
            "ticker": "HIGHAUS-24OCT07-B97.5",
            "count": 69,
            "created_time": "2024-10-07T14:48:41.836919Z",
            "yes_price": 11,
            "no_price": 89,
            "taker_side": "yes"
        },
        {
            "trade_id": "603bda7b-6a33-4013-b1e6-7d5c1242b55a",
            "ticker": "HIGHAUS-24OCT07-B97.5",
            "count": 18,
            "created_time": "2024-10-07T14:48:41.836919Z",
            "yes_price": 10,
            "no_price": 90,
            "taker_side": "yes"
        },
        {
            "trade_id": "9e87c469-7f4e-4f31-adab-85e1e13f9f8e",
            "ticker": "HIGHAUS-24OCT07-B97.5",
            "count": 5,
            "created_time": "2024-10-06T19:33:31.936976Z",
            "yes_price": 2,
            "no_price": 98,
            "taker_side": "no"
        },
        {
            "trade_id": "743ab880-ff42-4652-b844-4f25479f78d1",
            "ticker": "HIGHAUS-24OCT07-B97.5",
            "count": 15,
            "created_time": "2024-10-06T19:33:13.490595Z",
            "yes_price": 2,
            "no_price": 98,
            "taker_side": "no"
        },
        {
            "trade_id": "563eebeb-52d6-4dc2-b9ac-2ec30f9b741b",
            "ticker": "HIGHAUS-24OCT07-B97.5",
            "count": 38,
            "created_time": "2024-10-06T19:30:19.210356Z",
            "yes_price": 2,
            "no_price": 98,
            "taker_side": "no"
        },
        {
            "trade_id": "0f18d5f2-1336-4fa6-a4af-bb295195c94a",
            "ticker": "HIGHAUS-24OCT07-B97.5",
            "count": 52,
            "created_time": "2024-10-06T19:30:19.210356Z",
            "yes_price": 2,
            "no_price": 98,
            "taker_side": "no"
        },
        {
            "trade_id": "df2a5f31-2693-49ae-bde8-4dcb96655ea5",
            "ticker": "HIGHAUS-24OCT07-B97.5",
            "count": 50,
            "created_time": "2024-10-06T19:26:46.153425Z",
            "yes_price": 2,
            "no_price": 98,
            "taker_side": "no"
        }
    ],
    "HIGHAUS-24OCT07-T98": [
        {
            "trade_id": "6f358a10-9f40-428e-b1e3-d59525d8d307",
            "ticker": "HIGHAUS-24OCT07-T98",
            "count": 50,
            "created_time": "2024-10-06T19:26:35.651566Z",
            "yes_price": 1,
            "no_price": 99,
            "taker_side": "no"
        }
    ]
}