{
    "KXHIGHAUS-24DEC09-T78": [
        {
            "trade_id": "f33c003d-1c04-4437-9aaa-0d03794bb463",
            "ticker": "KXHIGHAUS-24DEC09-T78",
            "count": 93,
            "created_time": "2024-12-10T04:16:22.418236Z",
            "yes_price": 1,
            "no_price": 99,
            "taker_side": "yes"
        },
        {
            "trade_id": "196d5265-ab8b-4b0f-9d76-900c8ba10a1e",
            "ticker": "KXHIGHAUS-24DEC09-T78",
            "count": 1,
            "created_time": "2024-12-10T00:55:30.326525Z",
            "yes_price": 1,
            "no_price": 99,
            "taker_side": "yes"
        },
        {
            "trade_id": "b8e03ab3-749b-434a-bc12-eb792d651be1",
            "ticker": "KXHIGHAUS-24DEC09-T78",
            "count": 5,
            "created_time": "2024-12-09T22:14:58.849961Z",
            "yes_price": 1,
            "no_price": 99,
            "taker_side": "yes"
        },
        {
            "trade_id": "c7d61c0d-3e65-4d13-bcf4-8b2203c259fe",
            "ticker": "KXHIGHAUS-24DEC09-T78",
            "count": 5,
            "created_time": "2024-12-09T21:59:55.557869Z",
            "yes_price": 1,
            "no_price": 99,
            "taker_side": "yes"
        },
        {
            "trade_id": "47793e72-f23d-42fe-8a1c-945461d6c752",
            "ticker": "KXHIGHAUS-24DEC09-T78",
            "count": 337,
            "created_time": "2024-12-09T21:57:31.745435Z",
            "yes_price": 1,
            "no_price": 99,
            "taker_side": "yes"
        },
        {
            "trade_id": "f9c9472b-0a5b-4734-9d78-58d42f062e67",
            "ticker": "KXHIGHAUS-24DEC09-T78",
            "count": 5,
            "created_time": "2024-12-09T21:44:52.030782Z",
            "yes_price": 1,
            "no_price": 99,
            "taker_side": "yes"
        },
        {
            "trade_id": "cc6dd38c-8ef1-4ee0-b2c5-75ed5f0acd1e",
            "ticker": "KXHIGHAUS-24DEC09-T78",
            "count": 5,
            "created_time": "2024-12-09T21:29:48.501133Z",
            "yes_price": 1,
            "no_price": 99,
            "taker_side": "yes"
        },
        {
            "trade_id": "d390cb1f-d934-4e14-b7a9-9f3db0880b85",
            "ticker": "KXHIGHAUS-24DEC09-T78",
            "count": 5,
            "created_time": "2024-12-09T21:14:44.720715Z",
            "yes_price": 1,
            "no_price": 99,
            "taker_side": "yes"
        },
        {
            "trade_id": "eaa607be-62e9-45af-ae85-62d941634554",
            "ticker": "KXHIGHAUS-24DEC09-T78",
            "count": 5,
            "created_time": "2024-12-09T20:59:40.695128Z",
            "yes_price": 1,
            "no_price": 99,
            "taker_side": "yes"
        },
        {
            "trade_id": "ccfbc5fb-9943-4e14-ab91-4c54bf4d2533",
            "ticker": "KXHIGHAUS-24DEC09-T78",
            "count": 5,
            "created_time": "2024-12-09T20:44:37.012571Z",
            "yes_price": 1,
            "no_price": 99,
            "taker_side": "yes"
        },
        {
            "trade_id": "0b0b1efa-941e-40e4-b240-ad0bcb92064a",
            "ticker": "KXHIGHAUS-24DEC09-T78",
            "count": 5,
            "created_time": "2024-12-09T20:29:32.919882Z",
            "yes_price": 1,
            "no_price": 99,
            "taker_side": "yes"
        },
        {
            "trade_id": "79dde9f7-4a9e-444e-8b98-40dd9d32e2fb",
            "ticker": "KXHIGHAUS-24DEC09-T78",
            "count": 5,
            "created_time": "2024-12-09T20:14:28.966955Z",
            "yes_price": 1,
            "no_price": 99,
            "taker_side": "yes"
        },
        {
            "trade_id": "f167f4f7-4cc9-49dd-9f3f-4b1a5305cabe",
            "ticker": "KXHIGHAUS-24DEC09-T78",
            "count": 5,
            "created_time": "2024-12-09T19:59:24.552353Z",
            "yes_price": 1,
            "no_price": 99,
            "taker_side": "yes"
        },
        {
            "trade_id": "90ae6b8d-8aab-49e4-a7e6-ad9473e290fa",
            "ticker": "KXHIGHAUS-24DEC09-T78",
            "count": 5,
            "created_time": "2024-12-09T19:44:19.058037Z",
            "yes_price": 1,
            "no_price": 99,
            "taker_side": "yes"
        },
        {
            "trade_id": "942ec786-7987-4151-8053-05729a50c790",
            "ticker": "KXHIGHAUS-24DEC09-T78",
            "count": 5,
            "created_time": "2024-12-09T19:29:14.762886Z",
            "yes_price": 1,
            "no_price": 99,
            "taker_side": "yes"
        },
        {
            "trade_id": "e01d2968-4681-4433-9711-417242a51114",
            "ticker": "KXHIGHAUS-24DEC09-T78",
            "count": 5,
            "created_time": "2024-12-09T19:14:09.738871Z",
            "yes_price": 1,
            "no_price": 99,
            "taker_side": "yes"
        },
        {
            "trade_id": "6ab40fcf-9fea-4837-9dec-dae882811b42",
            "ticker": "KXHIGHAUS-24DEC09-T78",
            "count": 5,
            "created_time": "2024-12-09T18:59:04.082396Z",
            "yes_price": 1,
            "no_price": 99,
            "taker_side": "yes"
        },
        {
            "trade_id": "772a284c-442d-4ade-b9bb-727cb9300606",
            "ticker": "KXHIGHAUS-24DEC09-T78",
            "count": 5,
            "created_time": "2024-12-09T18:43:59.404466Z",
            "yes_price": 1,
            "no_price": 99,
            "taker_side": "yes"
        },
        {
            "trade_id": "930d931c-b0bb-4270-8e57-e7ba53ee5512",
            "ticker": "KXHIGHAUS-24DEC09-T78",
            "count": 681,
            "created_time": "2024-12-09T18:30:02.431295Z",
            "yes_price": 1,
            "no_price": 99,
            "taker_side": "yes"
        },
        {
            "trade_id": "7070cff7-72f6-4013-ad81-0ce434d77b78",
            "ticker": "KXHIGHAUS-24DEC09-T78",
            "count": 682,
            "created_time": "2024-12-09T18:30:02.431295Z",
            "yes_price": 1,
            "no_price": 99,
            "taker_side": "yes"
        },
        {
            "trade_id": "a3c2a3a9-574e-4962-bd38-48e90a6a948a",
            "ticker": "KXHIGHAUS-24DEC09-T78",
            "count": 5,
            "created_time": "2024-12-09T18:28:55.070265Z",
            "yes_price": 1,
            "no_price": 99,
            "taker_side": "yes"
        },
        {
            "trade_id": "da7279a8-58c8-4641-b0a2-4b13d300d445",
            "ticker": "KXHIGHAUS-24DEC09-T78",
            "count": 5,
            "created_time": "2024-12-09T18:19:14.952311Z",
            "yes_price": 1,
            "no_price": 99,
            "taker_side": "yes"
        },
        {
            "trade_id": "aaeebf50-511d-4e05-8be5-9d0db8768c00",
            "ticker": "KXHIGHAUS-24DEC09-T78",
            "count": 155,
            "created_time": "2024-12-09T18:04:21.535289Z",
            "yes_price": 1,
            "no_price": 99,
            "taker_side": "yes"
        },
        {
            "trade_id": "997da969-c073-42ec-b97e-86ef80ae0e03",
            "ticker": "KXHIGHAUS-24DEC09-T78",
            "count": 272,
            "created_time": "2024-12-09T18:04:21.535289Z",
            "yes_price": 5,
            "no_price": 95,
            "taker_side": "yes"
        },
        {
            "trade_id": "32b6b03a-bdef-49cd-9a24-62213c3cc9a6",
            "ticker": "KXHIGHAUS-24DEC09-T78",
            "count": 295,
            "created_time": "2024-12-09T18:04:21.535289Z",
            "yes_price": 4,
            "no_price": 96,
            "taker_side": "yes"
        },
        {
            "trade_id": "16f0db2d-f9d9-415d-8494-bd0f3e198e64",
            "ticker": "KXHIGHAUS-24DEC09-T78",
            "count": 151,
            "created_time": "2024-12-09T18:04:21.535289Z",
            "yes_price": 2,
            "no_price": 98,
            "taker_side": "yes"
        },
        {
            "trade_id": "da8598ee-b2bd-44d0-8e7d-b0689028a751",
            "ticker": "KXHIGHAUS-24DEC09-T78",
            "count": 5,
            "created_time": "2024-12-09T18:04:10.327986Z",
            "yes_price": 1,
            "no_price": 99,
            "taker_side": "yes"
        },
        {
            "trade_id": "1f708107-96f7-475b-a332-9bf1b6e72459",
            "ticker": "KXHIGHAUS-24DEC09-T78",
            "count": 5,
            "created_time": "2024-12-09T17:49:05.964379Z",
            "yes_price": 6,
            "no_price": 94,
            "taker_side": "yes"
        },
        {
            "trade_id": "e606d1a7-3224-4a68-bd4b-9af6fe71d4c9",
            "ticker": "KXHIGHAUS-24DEC09-T78",
            "count": 13,
            "created_time": "2024-12-09T17:46:39.566815Z",
            "yes_price": 6,
            "no_price": 94,
            "taker_side": "yes"
        },
        {
            "trade_id": "bc1cfc1e-bd91-45c9-a9a2-0fe20d3ba93e",
            "ticker": "KXHIGHAUS-24DEC09-T78",
            "count": 2,
            "created_time": "2024-12-09T17:46:39.566815Z",
            "yes_price": 6,
            "no_price": 94,
            "taker_side": "yes"
        },
        {
            "trade_id": "1cd0232a-3c8f-4967-aa2c-7cadf94f8e04",
            "ticker": "KXHIGHAUS-24DEC09-T78",
            "count": 153,
            "created_time": "2024-12-09T17:44:52.992242Z",
            "yes_price": 1,
            "no_price": 99,
            "taker_side": "no"
        },
        {
            "trade_id": "be2c8695-02a1-4a06-b96a-039c50492df9",
            "ticker": "KXHIGHAUS-24DEC09-T78",
            "count": 788,
            "created_time": "2024-12-09T17:44:27.467162Z",
            "yes_price": 3,
            "no_price": 97,
            "taker_side": "no"
        },
        {
            "trade_id": "66f89202-ea4f-4de6-89b4-53d2416bec2b",
            "ticker": "KXHIGHAUS-24DEC09-T78",
            "count": 150,
            "created_time": "2024-12-09T17:44:27.467162Z",
            "yes_price": 3,
            "no_price": 97,
            "taker_side": "no"
        },
        {
            "trade_id": "a479443b-c326-4365-b41b-c6de0b9eafcf",
            "ticker": "KXHIGHAUS-24DEC09-T78",
            "count": 1,
            "created_time": "2024-12-09T17:43:22.472633Z",
            "yes_price": 6,
            "no_price": 94,
            "taker_side": "yes"
        },
        {
            "trade_id": "9797968a-5343-4d0c-9037-3df79b0dd86a",
            "ticker": "KXHIGHAUS-24DEC09-T78",
            "count": 16,
            "created_time": "2024-12-09T17:43:06.689737Z",
            "yes_price": 6,
            "no_price": 94,
            "taker_side": "yes"
        },
        {
            "trade_id": "83daf2b5-69d2-4e51-a267-a4e0c56c6162",
            "ticker": "KXHIGHAUS-24DEC09-T78",
            "count": 23,
            "created_time": "2024-12-09T17:43:06.689737Z",
            "yes_price": 6,
            "no_price": 94,
            "taker_side": "yes"
        },
        {
            "trade_id": "30ebe258-a720-488b-9428-f035a61ee1e2",
            "ticker": "KXHIGHAUS-24DEC09-T78",
            "count": 60,
            "created_time": "2024-12-09T17:43:06.689737Z",
            "yes_price": 6,
            "no_price": 94,
            "taker_side": "yes"
        },
        {
            "trade_id": "6d9e39e5-8375-48fc-ac24-f0f8fc5895e0",
            "ticker": "KXHIGHAUS-24DEC09-T78",
            "count": 5,
            "created_time": "2024-12-09T17:34:01.047667Z",
            "yes_price": 6,
            "no_price": 94,
            "taker_side": "yes"
        },
        {
            "trade_id": "5d575cf4-ed5d-4bec-95a8-b2cf3057f865",
            "ticker": "KXHIGHAUS-24DEC09-T78",
            "count": 2,
            "created_time": "2024-12-09T17:33:43.909986Z",
            "yes_price": 6,
            "no_price": 94,
            "taker_side": "yes"
        },
        {
            "trade_id": "dc269592-55cc-42ad-94ff-acba30b03e44",
            "ticker": "KXHIGHAUS-24DEC09-T78",
            "count": 30,
            "created_time": "2024-12-09T17:30:56.066255Z",
            "yes_price": 4,
            "no_price": 96,
            "taker_side": "no"
        },
        {
            "trade_id": "0c1a9390-7619-4b32-b7c0-72dae02a6852",
            "ticker": "KXHIGHAUS-24DEC09-T78",
            "count": 40,
            "created_time": "2024-12-09T17:19:13.384413Z",
            "yes_price": 5,
            "no_price": 95,
            "taker_side": "yes"
        },
        {
            "trade_id": "03c4655a-c858-47c9-9775-e8037932029c",
            "ticker": "KXHIGHAUS-24DEC09-T78",
            "count": 55,
            "created_time": "2024-12-09T17:19:13.384413Z",
            "yes_price": 5,
            "no_price": 95,
            "taker_side": "yes"
        },
        {
            "trade_id": "8b6d6bf9-8e24-4e82-98ab-2fe8718a2112",
            "ticker": "KXHIGHAUS-24DEC09-T78",
            "count": 5,
            "created_time": "2024-12-09T17:18:56.201194Z",
            "yes_price": 5,
            "no_price": 95,
            "taker_side": "yes"
        },
        {
            "trade_id": "dac3fbdd-4249-4c72-bbed-b50141ea43a8",
            "ticker": "KXHIGHAUS-24DEC09-T78",
            "count": 155,
            "created_time": "2024-12-09T17:17:08.449995Z",
            "yes_price": 2,
            "no_price": 98,
            "taker_side": "no"
        },
        {
            "trade_id": "d59c0a5b-a9f2-4f98-95f8-1cf3851a6379",
            "ticker": "KXHIGHAUS-24DEC09-T78",
            "count": 127,
            "created_time": "2024-12-09T17:17:08.449995Z",
            "yes_price": 2,
            "no_price": 98,
            "taker_side": "no"
        },
        {
            "trade_id": "9025a747-681f-473e-8575-46560a4a891c",
            "ticker": "KXHIGHAUS-24DEC09-T78",
            "count": 750,
            "created_time": "2024-12-09T17:05:44.270306Z",
            "yes_price": 6,
            "no_price": 94,
            "taker_side": "yes"
        },
        {
            "trade_id": "f20e8e0c-a469-4ef3-9c24-0240b41a2bc3",
            "ticker": "KXHIGHAUS-24DEC09-T78",
            "count": 60,
            "created_time": "2024-12-09T17:04:55.38854Z",
            "yes_price": 6,
            "no_price": 94,
            "taker_side": "yes"
        },
        {
            "trade_id": "dbf77a1a-1ce8-403b-a5d5-d428e889a27d",
            "ticker": "KXHIGHAUS-24DEC09-T78",
            "count": 195,
            "created_time": "2024-12-09T17:04:55.38854Z",
            "yes_price": 6,
            "no_price": 94,
            "taker_side": "yes"
        },
        {
            "trade_id": "c2b29d79-8701-4977-8b1f-ac541c0b9184",
            "ticker": "KXHIGHAUS-24DEC09-T78",
            "count": 95,
            "created_time": "2024-12-09T17:04:55.38854Z",
            "yes_price": 6,
            "no_price": 94,
            "taker_side": "yes"
        },
        {
            "trade_id": "97f2f363-8c23-4245-92f9-723fab91f76b",
            "ticker": "KXHIGHAUS-24DEC09-T78",
            "count": 5,
            "created_time": "2024-12-09T17:03:50.112776Z",
            "yes_price": 6,
            "no_price": 94,
            "taker_side": "yes"
        },
        {
            "trade_id": "5254526c-a1ea-4c1a-909b-1d7a648b6040",
            "ticker": "KXHIGHAUS-24DEC09-T78",
            "count": 5,
            "created_time": "2024-12-09T16:48:45.357644Z",
            "yes_price": 6,
            "no_price": 94,
            "taker_side": "yes"
        },
        {
            "trade_id": "4930b1bd-0d31-48d3-a02e-5830b7d0a3c0",
            "ticker": "KXHIGHAUS-24DEC09-T78",
            "count": 20,
            "created_time": "2024-12-09T16:36:56.443631Z",
            "yes_price": 7,
            "no_price": 93,
            "taker_side": "yes"
        },
        {
            "trade_id": "77efa69d-ba51-4711-97ea-302f8b13e864",
            "ticker": "KXHIGHAUS-24DEC09-T78",
            "count": 97,
            "created_time": "2024-12-09T16:27:23.840168Z",
            "yes_price": 10,
            "no_price": 90,
            "taker_side": "no"
        },
        {
            "trade_id": "3f7f71e7-f5f4-4207-b339-eecc2608d499",
            "ticker": "KXHIGHAUS-24DEC09-T78",
            "count": 152,
            "created_time": "2024-12-09T16:27:15.432088Z",
            "yes_price": 10,
            "no_price": 90,
            "taker_side": "yes"
        },
        {
            "trade_id": "cd9bd292-b8ed-4406-b21b-e1df58a4ef61",
            "ticker": "KXHIGHAUS-24DEC09-T78",
            "count": 80,
            "created_time": "2024-12-09T16:26:41.674219Z",
            "yes_price": 8,
            "no_price": 92,
            "taker_side": "yes"
        },
        {
            "trade_id": "bcda11d3-e795-4e93-9d8b-580496f1b9fb",
            "ticker": "KXHIGHAUS-24DEC09-T78",
            "count": 60,
            "created_time": "2024-12-09T16:26:41.674219Z",
            "yes_price": 7,
            "no_price": 93,
            "taker_side": "yes"
        },
        {
            "trade_id": "aa5df608-eb2c-4967-85ec-190e3c8c6093",
            "ticker": "KXHIGHAUS-24DEC09-T78",
            "count": 200,
            "created_time": "2024-12-09T16:26:41.674219Z",
            "yes_price": 8,
            "no_price": 92,
            "taker_side": "yes"
        },
        {
            "trade_id": "a4306699-da47-44c9-87e2-f21f48a6c082",
            "ticker": "KXHIGHAUS-24DEC09-T78",
            "count": 113,
            "created_time": "2024-12-09T16:26:41.674219Z",
            "yes_price": 9,
            "no_price": 91,
            "taker_side": "yes"
        },
        {
            "trade_id": "82149c78-d269-444c-9eda-b39dbafc2d9f",
            "ticker": "KXHIGHAUS-24DEC09-T78",
            "count": 40,
            "created_time": "2024-12-09T16:26:41.674219Z",
            "yes_price": 9,
            "no_price": 91,
            "taker_side": "yes"
        },
        {
            "trade_id": "7a8dff0e-d174-41ac-ba11-c6e87f4694de",
            "ticker": "KXHIGHAUS-24DEC09-T78",
            "count": 156,
            "created_time": "2024-12-09T16:26:41.674219Z",
            "yes_price": 7,
            "no_price": 93,
            "taker_side": "yes"
        },
        {
            "trade_id": "6221f50e-4fcb-47e7-b0c8-4279b0468bbe",
            "ticker": "KXHIGHAUS-24DEC09-T78",
            "count": 211,
            "created_time": "2024-12-09T16:26:41.674219Z",
            "yes_price": 10,
            "no_price": 90,
            "taker_side": "yes"
        },
        {
            "trade_id": "3ffa1925-9dde-47a6-b060-70ea899f35e1",
            "ticker": "KXHIGHAUS-24DEC09-T78",
            "count": 105,
            "created_time": "2024-12-09T16:26:41.674219Z",
            "yes_price": 10,
            "no_price": 90,
            "taker_side": "yes"
        },
        {
            "trade_id": "3382a382-a23b-4e61-84fd-779dc697bf61",
            "ticker": "KXHIGHAUS-24DEC09-T78",
            "count": 87,
            "created_time": "2024-12-09T16:26:41.674219Z",
            "yes_price": 9,
            "no_price": 91,
            "taker_side": "yes"
        },
        {
            "trade_id": "1ad2e230-3c4b-496f-b8f8-34d6085d0fd9",
            "ticker": "KXHIGHAUS-24DEC09-T78",
            "count": 40,
            "created_time": "2024-12-09T16:26:41.674219Z",
            "yes_price": 8,
            "no_price": 92,
            "taker_side": "yes"
        },
        {
            "trade_id": "65053da8-928b-4de4-ad19-f0b3d3f386e9",
            "ticker": "KXHIGHAUS-24DEC09-T78",
            "count": 7,
            "created_time": "2024-12-09T16:19:05.438444Z",
            "yes_price": 6,
            "no_price": 94,
            "taker_side": "no"
        },
        {
            "trade_id": "bbfdacdf-a02b-40c1-b4a3-2bb82dcd58a7",
            "ticker": "KXHIGHAUS-24DEC09-T78",
            "count": 100,
            "created_time": "2024-12-09T16:16:44.772476Z",
            "yes_price": 5,
            "no_price": 95,
            "taker_side": "yes"
        },
        {
            "trade_id": "8fa366f1-b2f9-4783-aaee-99ba8ddccc02",
            "ticker": "KXHIGHAUS-24DEC09-T78",
            "count": 151,
            "created_time": "2024-12-09T16:16:44.772476Z",
            "yes_price": 4,
            "no_price": 96,
            "taker_side": "yes"
        },
        {
            "trade_id": "16867e61-18bb-4c84-8a43-d075b053d807",
            "ticker": "KXHIGHAUS-24DEC09-T78",
            "count": 151,
            "created_time": "2024-12-09T16:15:27.414448Z",
            "yes_price": 4,
            "no_price": 96,
            "taker_side": "yes"
        },
        {
            "trade_id": "6e80e0e3-51f9-40a6-8a08-c48672c11ff3",
            "ticker": "KXHIGHAUS-24DEC09-T78",
            "count": 151,
            "created_time": "2024-12-09T16:14:51.747344Z",
            "yes_price": 4,
            "no_price": 96,
            "taker_side": "yes"
        },
        {
            "trade_id": "31530c2a-b0b4-4fd7-a32e-cfd9d5a9a6da",
            "ticker": "KXHIGHAUS-24DEC09-T78",
            "count": 80,
            "created_time": "2024-12-09T16:14:29.13239Z",
            "yes_price": 1,
            "no_price": 99,
            "taker_side": "no"
        },
        {
            "trade_id": "22f7996d-6b11-4e15-88ea-47b6ba23e46e",
            "ticker": "KXHIGHAUS-24DEC09-T78",
            "count": 100,
            "created_time": "2024-12-09T16:14:29.13239Z",
            "yes_price": 4,
            "no_price": 96,
            "taker_side": "no"
        },
        {
            "trade_id": "fd6a6126-87e7-4fac-90ef-39d35127da26",
            "ticker": "KXHIGHAUS-24DEC09-T78",
            "count": 155,
            "created_time": "2024-12-09T16:03:44.330108Z",
            "yes_price": 6,
            "no_price": 94,
            "taker_side": "yes"
        },
        {
            "trade_id": "f9cb8964-357d-45c5-a078-b6ba1904a08e",
            "ticker": "KXHIGHAUS-24DEC09-T78",
            "count": 80,
            "created_time": "2024-12-09T16:03:44.330108Z",
            "yes_price": 9,
            "no_price": 91,
            "taker_side": "yes"
        },
        {
            "trade_id": "af8de6be-322c-4b58-b8fe-6d6761cb21c9",
            "ticker": "KXHIGHAUS-24DEC09-T78",
            "count": 80,
            "created_time": "2024-12-09T16:03:44.330108Z",
            "yes_price": 8,
            "no_price": 92,
            "taker_side": "yes"
        },
        {
            "trade_id": "9a6d3258-695c-4c12-a22a-78aeebfe109d",
            "ticker": "KXHIGHAUS-24DEC09-T78",
            "count": 47,
            "created_time": "2024-12-09T16:03:44.330108Z",
            "yes_price": 9,
            "no_price": 91,
            "taker_side": "yes"
        },
        {
            "trade_id": "478018d4-d760-49d4-a412-aa6b8825c169",
            "ticker": "KXHIGHAUS-24DEC09-T78",
            "count": 160,
            "created_time": "2024-12-09T16:03:44.330108Z",
            "yes_price": 8,
            "no_price": 92,
            "taker_side": "yes"
        },
        {
            "trade_id": "3a1150a4-43eb-4493-b383-e02b1031ec03",
            "ticker": "KXHIGHAUS-24DEC09-T78",
            "count": 100,
            "created_time": "2024-12-09T16:03:44.330108Z",
            "yes_price": 7,
            "no_price": 93,
            "taker_side": "yes"
        },
        {
            "trade_id": "ecfdebef-8faa-459d-b16d-4b31b47676af",
            "ticker": "KXHIGHAUS-24DEC09-T78",
            "count": 50,
            "created_time": "2024-12-09T16:01:18.344261Z",
            "yes_price": 1,
            "no_price": 99,
            "taker_side": "no"
        },
        {
            "trade_id": "20c80f15-105e-46d2-b60d-c3e0f6c86a1a",
            "ticker": "KXHIGHAUS-24DEC09-T78",
            "count": 30,
            "created_time": "2024-12-09T15:55:46.918445Z",
            "yes_price": 4,
            "no_price": 96,
            "taker_side": "yes"
        },
        {
            "trade_id": "0ab551d6-bb6e-4785-bb0c-b59d84ba0ea6",
            "ticker": "KXHIGHAUS-24DEC09-T78",
            "count": 40,
            "created_time": "2024-12-09T15:37:02.49949Z",
            "yes_price": 7,
            "no_price": 93,
            "taker_side": "yes"
        },
        {
            "trade_id": "c26b3c1d-e20d-4636-8cdf-f4dc33bc6703",
            "ticker": "KXHIGHAUS-24DEC09-T78",
            "count": 151,
            "created_time": "2024-12-09T15:34:23.491304Z",
            "yes_price": 7,
            "no_price": 93,
            "taker_side": "no"
        },
        {
            "trade_id": "a5aea3e7-beae-4743-9835-436147384ddc",
            "ticker": "KXHIGHAUS-24DEC09-T78",
            "count": 822,
            "created_time": "2024-12-09T15:34:23.491304Z",
            "yes_price": 6,
            "no_price": 94,
            "taker_side": "no"
        },
        {
            "trade_id": "9873e7fa-5cee-4586-8b7d-d20e8ed20d21",
            "ticker": "KXHIGHAUS-24DEC09-T78",
            "count": 100,
            "created_time": "2024-12-09T15:34:23.491304Z",
            "yes_price": 5,
            "no_price": 95,
            "taker_side": "no"
        },
        {
            "trade_id": "415ec502-f60c-4562-be48-327a1b832250",
            "ticker": "KXHIGHAUS-24DEC09-T78",
            "count": 500,
            "created_time": "2024-12-09T15:34:23.491304Z",
            "yes_price": 5,
            "no_price": 95,
            "taker_side": "no"
        },
        {
            "trade_id": "3ca51f4b-5d27-46b3-907e-b57ad923db77",
            "ticker": "KXHIGHAUS-24DEC09-T78",
            "count": 80,
            "created_time": "2024-12-09T15:34:23.491304Z",
            "yes_price": 6,
            "no_price": 94,
            "taker_side": "no"
        },
        {
            "trade_id": "2a215e59-ff96-4910-b675-81405777eefc",
            "ticker": "KXHIGHAUS-24DEC09-T78",
            "count": 60,
            "created_time": "2024-12-09T15:34:23.491304Z",
            "yes_price": 7,
            "no_price": 93,
            "taker_side": "no"
        },
        {
            "trade_id": "ceed0509-6e92-4055-869b-d91703f1f8f3",
            "ticker": "KXHIGHAUS-24DEC09-T78",
            "count": 12,
            "created_time": "2024-12-09T15:24:13.982916Z",
            "yes_price": 11,
            "no_price": 89,
            "taker_side": "yes"
        },
        {
            "trade_id": "b8f4515b-2598-4718-a586-9f5103347ece",
            "ticker": "KXHIGHAUS-24DEC09-T78",
            "count": 151,
            "created_time": "2024-12-09T15:24:13.982916Z",
            "yes_price": 11,
            "no_price": 89,
            "taker_side": "yes"
        },
        {
            "trade_id": "a8cfd23b-a588-48ea-80fa-5505c63844a1",
            "ticker": "KXHIGHAUS-24DEC09-T78",
            "count": 188,
            "created_time": "2024-12-09T15:24:13.982916Z",
            "yes_price": 11,
            "no_price": 89,
            "taker_side": "yes"
        },
        {
            "trade_id": "78a7a22e-17a8-4105-93a2-7b85539df61c",
            "ticker": "KXHIGHAUS-24DEC09-T78",
            "count": 70,
            "created_time": "2024-12-09T15:24:13.982916Z",
            "yes_price": 12,
            "no_price": 88,
            "taker_side": "yes"
        },
        {
            "trade_id": "c7c82bd0-e511-4172-96d9-d1a519e0e886",
            "ticker": "KXHIGHAUS-24DEC09-T78",
            "count": 52,
            "created_time": "2024-12-09T15:23:22.409137Z",
            "yes_price": 11,
            "no_price": 89,
            "taker_side": "yes"
        },
        {
            "trade_id": "c3044e69-b724-41e5-885c-b8aee21d542b",
            "ticker": "KXHIGHAUS-24DEC09-T78",
            "count": 1,
            "created_time": "2024-12-09T15:23:22.409137Z",
            "yes_price": 11,
            "no_price": 89,
            "taker_side": "yes"
        },
        {
            "trade_id": "9dd32f26-0862-4137-a1d2-d0bd6daac292",
            "ticker": "KXHIGHAUS-24DEC09-T78",
            "count": 120,
            "created_time": "2024-12-09T15:23:22.409137Z",
            "yes_price": 10,
            "no_price": 90,
            "taker_side": "yes"
        },
        {
            "trade_id": "658a9482-b231-44f4-b989-63e9e1fe283e",
            "ticker": "KXHIGHAUS-24DEC09-T78",
            "count": 60,
            "created_time": "2024-12-09T15:23:22.409137Z",
            "yes_price": 9,
            "no_price": 91,
            "taker_side": "yes"
        },
        {
            "trade_id": "3cb0dd11-52ea-474a-976b-56ae0f74e614",
            "ticker": "KXHIGHAUS-24DEC09-T78",
            "count": 152,
            "created_time": "2024-12-09T15:23:22.409137Z",
            "yes_price": 9,
            "no_price": 91,
            "taker_side": "yes"
        },
        {
            "trade_id": "33efda6e-a78d-4ea9-9b84-32a749e4e186",
            "ticker": "KXHIGHAUS-24DEC09-T78",
            "count": 20,
            "created_time": "2024-12-09T15:23:22.409137Z",
            "yes_price": 10,
            "no_price": 90,
            "taker_side": "yes"
        },
        {
            "trade_id": "315ba77f-f473-4008-b49d-6302905cbd7b",
            "ticker": "KXHIGHAUS-24DEC09-T78",
            "count": 20,
            "created_time": "2024-12-09T15:23:22.409137Z",
            "yes_price": 10,
            "no_price": 90,
            "taker_side": "yes"
        },
        {
            "trade_id": "28756baf-c270-4427-8514-5c4f4b984ff5",
            "ticker": "KXHIGHAUS-24DEC09-T78",
            "count": 60,
            "created_time": "2024-12-09T15:23:22.409137Z",
            "yes_price": 10,
            "no_price": 90,
            "taker_side": "yes"
        },
        {
            "trade_id": "ca294489-37d9-4d1f-a706-3f0f0c87755f",
            "ticker": "KXHIGHAUS-24DEC09-T78",
            "count": 200,
            "created_time": "2024-12-09T15:16:57.071867Z",
            "yes_price": 8,
            "no_price": 92,
            "taker_side": "yes"
        },
        {
            "trade_id": "82785c32-8885-47e6-9cfb-91fb55acff51",
            "ticker": "KXHIGHAUS-24DEC09-T78",
            "count": 150,
            "created_time": "2024-12-09T15:16:57.071867Z",
            "yes_price": 8,
            "no_price": 92,
            "taker_side": "yes"
        },
        {
            "trade_id": "59f304fb-33a3-4bec-b22c-6f5ae527f80d",
            "ticker": "KXHIGHAUS-24DEC09-T78",
            "count": 60,
            "created_time": "2024-12-09T15:16:57.071867Z",
            "yes_price": 8,
            "no_price": 92,
            "taker_side": "yes"
        },
        {
            "trade_id": "a19823b4-a97f-4afa-abae-46e689cff94a",
            "ticker": "KXHIGHAUS-24DEC09-T78",
            "count": 150,
            "created_time": "2024-12-09T15:02:26.797437Z",
            "yes_price": 7,
            "no_price": 93,
            "taker_side": "no"
        },
        {
            "trade_id": "9e4568cb-939f-4a4e-b006-fe1d4e5cd06a",
            "ticker": "KXHIGHAUS-24DEC09-T78",
            "count": 178,
            "created_time": "2024-12-09T15:02:26.797437Z",
            "yes_price": 6,
            "no_price": 94,
            "taker_side": "no"
        },
        {
            "trade_id": "55bb0669-e1cb-4d87-844e-db8d3f8e22ef",
            "ticker": "KXHIGHAUS-24DEC09-T78",
            "count": 60,
            "created_time": "2024-12-09T15:02:26.797437Z",
            "yes_price": 7,
            "no_price": 93,
            "taker_side": "no"
        },
        {
            "trade_id": "2b3b7ec4-8e90-409c-8158-d9bc51273c93",
            "ticker": "KXHIGHAUS-24DEC09-T78",
            "count": 10,
            "created_time": "2024-12-09T14:49:51.189295Z",
            "yes_price": 5,
            "no_price": 95,
            "taker_side": "no"
        },
        {
            "trade_id": "5571fb63-581b-425e-b07d-5b95b50abff7",
            "ticker": "KXHIGHAUS-24DEC09-T78",
            "count": 500,
            "created_time": "2024-12-09T14:43:57.755283Z",
            "yes_price": 8,
            "no_price": 92,
            "taker_side": "no"
        },
        {
            "trade_id": "32c87377-4b6d-4ce8-9ba7-b368274a7c6b",
            "ticker": "KXHIGHAUS-24DEC09-T78",
            "count": 760,
            "created_time": "2024-12-09T14:43:57.755283Z",
            "yes_price": 9,
            "no_price": 91,
            "taker_side": "no"
        },
        {
            "trade_id": "d5c64687-2bb8-4e26-8afa-30bac4a38220",
            "ticker": "KXHIGHAUS-24DEC09-T78",
            "count": 20,
            "created_time": "2024-12-09T14:43:30.945748Z",
            "yes_price": 10,
            "no_price": 90,
            "taker_side": "yes"
        },
        {
            "trade_id": "73607b92-8b22-4e4d-8c2d-bfd153c734a0",
            "ticker": "KXHIGHAUS-24DEC09-T78",
            "count": 240,
            "created_time": "2024-12-09T14:39:39.637844Z",
            "yes_price": 9,
            "no_price": 91,
            "taker_side": "yes"
        },
        {
            "trade_id": "574e0572-d0de-4ce9-9d72-bfd535efca65",
            "ticker": "KXHIGHAUS-24DEC09-T78",
            "count": 35,
            "created_time": "2024-12-09T14:36:36.202649Z",
            "yes_price": 9,
            "no_price": 91,
            "taker_side": "yes"
        },
        {
            "trade_id": "4c1ab99b-4fe1-4907-9a16-e5f911e67535",
            "ticker": "KXHIGHAUS-24DEC09-T78",
            "count": 100,
            "created_time": "2024-12-09T14:36:36.202649Z",
            "yes_price": 9,
            "no_price": 91,
            "taker_side": "yes"
        },
        {
            "trade_id": "4afe21b8-1a0e-4c7a-8933-549f9ea88711",
            "ticker": "KXHIGHAUS-24DEC09-T78",
            "count": 909,
            "created_time": "2024-12-09T14:36:36.202649Z",
            "yes_price": 9,
            "no_price": 91,
            "taker_side": "yes"
        },
        {
            "trade_id": "bd68920e-8e1e-46f5-b15d-6d2debbfd1ba",
            "ticker": "KXHIGHAUS-24DEC09-T78",
            "count": 91,
            "created_time": "2024-12-09T14:33:43.786911Z",
            "yes_price": 9,
            "no_price": 91,
            "taker_side": "yes"
        },
        {
            "trade_id": "b5aa2b7b-d3a8-4cb7-80f1-c5c4882efa82",
            "ticker": "KXHIGHAUS-24DEC09-T78",
            "count": 240,
            "created_time": "2024-12-09T14:33:43.786911Z",
            "yes_price": 8,
            "no_price": 92,
            "taker_side": "yes"
        },
        {
            "trade_id": "5539e92f-6628-4d8a-9ce3-d817fcf5a21f",
            "ticker": "KXHIGHAUS-24DEC09-T78",
            "count": 325,
            "created_time": "2024-12-09T14:33:43.786911Z",
            "yes_price": 6,
            "no_price": 94,
            "taker_side": "yes"
        },
        {
            "trade_id": "a2083147-2b03-41ca-9001-20e351f35b2e",
            "ticker": "KXHIGHAUS-24DEC09-T78",
            "count": 100,
            "created_time": "2024-12-09T14:31:19.185092Z",
            "yes_price": 6,
            "no_price": 94,
            "taker_side": "yes"
        },
        {
            "trade_id": "9dad50e5-8505-4ffd-bb50-589913632769",
            "ticker": "KXHIGHAUS-24DEC09-T78",
            "count": 10,
            "created_time": "2024-12-09T14:14:52.26251Z",
            "yes_price": 3,
            "no_price": 97,
            "taker_side": "no"
        },
        {
            "trade_id": "800d6628-80ee-4131-8144-f7cd8a768fdd",
            "ticker": "KXHIGHAUS-24DEC09-T78",
            "count": 100,
            "created_time": "2024-12-09T14:08:43.765523Z",
            "yes_price": 3,
            "no_price": 97,
            "taker_side": "no"
        },
        {
            "trade_id": "05f7512b-51b9-4cde-a009-6de4ba6af4fc",
            "ticker": "KXHIGHAUS-24DEC09-T78",
            "count": 10,
            "created_time": "2024-12-09T13:46:38.938203Z",
            "yes_price": 4,
            "no_price": 96,
            "taker_side": "no"
        },
        {
            "trade_id": "f2dd52a0-a4d7-47b4-b221-a53b0d184c15",
            "ticker": "KXHIGHAUS-24DEC09-T78",
            "count": 20,
            "created_time": "2024-12-09T13:33:03.695229Z",
            "yes_price": 3,
            "no_price": 97,
            "taker_side": "no"
        },
        {
            "trade_id": "598469a7-01e4-493a-a78f-13aaec4d34f6",
            "ticker": "KXHIGHAUS-24DEC09-T78",
            "count": 10,
            "created_time": "2024-12-09T13:24:45.240712Z",
            "yes_price": 3,
            "no_price": 97,
            "taker_side": "no"
        },
        {
            "trade_id": "0f8cee53-7928-4240-b1ee-e38522d7bafa",
            "ticker": "KXHIGHAUS-24DEC09-T78",
            "count": 20,
            "created_time": "2024-12-09T13:23:38.569891Z",
            "yes_price": 3,
            "no_price": 97,
            "taker_side": "no"
        },
        {
            "trade_id": "f5b55c7e-d4a1-4b68-8069-0b326e02d85c",
            "ticker": "KXHIGHAUS-24DEC09-T78",
            "count": 250,
            "created_time": "2024-12-09T13:22:21.099649Z",
            "yes_price": 4,
            "no_price": 96,
            "taker_side": "no"
        },
        {
            "trade_id": "bfa1a628-df6b-46a5-bcba-a95b7d091543",
            "ticker": "KXHIGHAUS-24DEC09-T78",
            "count": 245,
            "created_time": "2024-12-09T13:22:21.099649Z",
            "yes_price": 6,
            "no_price": 94,
            "taker_side": "no"
        },
        {
            "trade_id": "118f202b-eb69-4954-a159-8b746c3b1072",
            "ticker": "KXHIGHAUS-24DEC09-T78",
            "count": 250,
            "created_time": "2024-12-09T13:22:21.099649Z",
            "yes_price": 5,
            "no_price": 95,
            "taker_side": "no"
        },
        {
            "trade_id": "8c9258c0-1594-4cdb-9a0b-8393b675b55a",
            "ticker": "KXHIGHAUS-24DEC09-T78",
            "count": 5,
            "created_time": "2024-12-09T13:19:36.589998Z",
            "yes_price": 6,
            "no_price": 94,
            "taker_side": "no"
        },
        {
            "trade_id": "48b903a0-44e8-4659-9a0a-7a8118d8eae1",
            "ticker": "KXHIGHAUS-24DEC09-T78",
            "count": 90,
            "created_time": "2024-12-09T13:17:10.452142Z",
            "yes_price": 7,
            "no_price": 93,
            "taker_side": "no"
        },
        {
            "trade_id": "a82279b6-2e2c-4967-af9c-45c84dc9a18c",
            "ticker": "KXHIGHAUS-24DEC09-T78",
            "count": 10,
            "created_time": "2024-12-09T13:14:56.40257Z",
            "yes_price": 7,
            "no_price": 93,
            "taker_side": "no"
        },
        {
            "trade_id": "f9799416-e67f-4274-99af-8bd1d3aa5be4",
            "ticker": "KXHIGHAUS-24DEC09-T78",
            "count": 250,
            "created_time": "2024-12-09T13:10:57.496054Z",
            "yes_price": 8,
            "no_price": 92,
            "taker_side": "yes"
        },
        {
            "trade_id": "10df47cc-f4ab-4f08-9cfc-c70933de74cb",
            "ticker": "KXHIGHAUS-24DEC09-T78",
            "count": 150,
            "created_time": "2024-12-09T13:10:57.496054Z",
            "yes_price": 8,
            "no_price": 92,
            "taker_side": "yes"
        },
        {
            "trade_id": "c0602ce1-5c14-4490-84ae-5ed80d685720",
            "ticker": "KXHIGHAUS-24DEC09-T78",
            "count": 250,
            "created_time": "2024-12-09T13:09:10.280925Z",
            "yes_price": 8,
            "no_price": 92,
            "taker_side": "yes"
        },
        {
            "trade_id": "6478eae2-3ae9-46f0-853a-2bf562f48973",
            "ticker": "KXHIGHAUS-24DEC09-T78",
            "count": 20,
            "created_time": "2024-12-09T13:04:09.654824Z",
            "yes_price": 10,
            "no_price": 90,
            "taker_side": "yes"
        },
        {
            "trade_id": "41509331-ca2c-412b-b5f7-d66d394bd92d",
            "ticker": "KXHIGHAUS-24DEC09-T78",
            "count": 4,
            "created_time": "2024-12-09T13:03:30.837583Z",
            "yes_price": 5,
            "no_price": 95,
            "taker_side": "yes"
        },
        {
            "trade_id": "08e79ebc-c7f5-4662-a619-5cb07ae683b3",
            "ticker": "KXHIGHAUS-24DEC09-T78",
            "count": 240,
            "created_time": "2024-12-09T13:03:30.779201Z",
            "yes_price": 5,
            "no_price": 95,
            "taker_side": "yes"
        },
        {
            "trade_id": "e3e3fc5b-dc25-4e67-802a-6014324f2d5c",
            "ticker": "KXHIGHAUS-24DEC09-T78",
            "count": 36,
            "created_time": "2024-12-09T13:03:20.537956Z",
            "yes_price": 6,
            "no_price": 94,
            "taker_side": "no"
        },
        {
            "trade_id": "dc9c10a4-b136-4d30-a871-2075d425bb0b",
            "ticker": "KXHIGHAUS-24DEC09-T78",
            "count": 240,
            "created_time": "2024-12-09T13:03:20.537956Z",
            "yes_price": 5,
            "no_price": 95,
            "taker_side": "no"
        },
        {
            "trade_id": "1c1f0896-3882-48d0-af1b-201ddb2c9007",
            "ticker": "KXHIGHAUS-24DEC09-T78",
            "count": 916,
            "created_time": "2024-12-09T13:03:20.537956Z",
            "yes_price": 5,
            "no_price": 95,
            "taker_side": "no"
        },
        {
            "trade_id": "0c1eb629-f994-4c99-90d1-dfa341b925c5",
            "ticker": "KXHIGHAUS-24DEC09-T78",
            "count": 64,
            "created_time": "2024-12-09T13:03:20.537956Z",
            "yes_price": 6,
            "no_price": 94,
            "taker_side": "no"
        },
        {
            "trade_id": "d16047a6-7127-45cf-b561-f7abf40ac879",
            "ticker": "KXHIGHAUS-24DEC09-T78",
            "count": 36,
            "created_time": "2024-12-09T13:02:03.222613Z",
            "yes_price": 6,
            "no_price": 94,
            "taker_side": "no"
        },
        {
            "trade_id": "4768dc36-1a3a-4f45-b394-d9b6130c8f08",
            "ticker": "KXHIGHAUS-24DEC09-T78",
            "count": 17,
            "created_time": "2024-12-09T13:02:03.222613Z",
            "yes_price": 7,
            "no_price": 93,
            "taker_side": "no"
        },
        {
            "trade_id": "d20eece2-113d-4fdd-b104-7c1117b6a24b",
            "ticker": "KXHIGHAUS-24DEC09-T78",
            "count": 5,
            "created_time": "2024-12-09T07:46:39.47766Z",
            "yes_price": 10,
            "no_price": 90,
            "taker_side": "yes"
        },
        {
            "trade_id": "f70e0301-c647-41a9-a8be-28d5b7082fd2",
            "ticker": "KXHIGHAUS-24DEC09-T78",
            "count": 8,
            "created_time": "2024-12-09T07:06:25.97316Z",
            "yes_price": 9,
            "no_price": 91,
            "taker_side": "no"
        },
        {
            "trade_id": "f6753ae0-4eb4-4b07-815e-8e819119be98",
            "ticker": "KXHIGHAUS-24DEC09-T78",
            "count": 145,
            "created_time": "2024-12-09T07:06:25.97316Z",
            "yes_price": 8,
            "no_price": 92,
            "taker_side": "no"
        },
        {
            "trade_id": "754a0778-13c1-4e7e-a9f7-320f7941ed7d",
            "ticker": "KXHIGHAUS-24DEC09-T78",
            "count": 1,
            "created_time": "2024-12-09T06:57:27.022314Z",
            "yes_price": 11,
            "no_price": 89,
            "taker_side": "no"
        },
        {
            "trade_id": "43916504-6cc5-460c-93a2-1599fd18e3f6",
            "ticker": "KXHIGHAUS-24DEC09-T78",
            "count": 18,
            "created_time": "2024-12-09T06:56:51.793439Z",
            "yes_price": 10,
            "no_price": 90,
            "taker_side": "no"
        },
        {
            "trade_id": "3babd690-86c5-4318-b4aa-0b971fe123e6",
            "ticker": "KXHIGHAUS-24DEC09-T78",
            "count": 77,
            "created_time": "2024-12-09T06:54:26.908099Z",
            "yes_price": 10,
            "no_price": 90,
            "taker_side": "no"
        },
        {
            "trade_id": "f816652c-b531-4403-9275-32b8db64fca4",
            "ticker": "KXHIGHAUS-24DEC09-T78",
            "count": 5,
            "created_time": "2024-12-09T06:46:21.428891Z",
            "yes_price": 12,
            "no_price": 88,
            "taker_side": "yes"
        },
        {
            "trade_id": "4b4ca6be-e039-4dc3-a110-6c42daf259d6",
            "ticker": "KXHIGHAUS-24DEC09-T78",
            "count": 5,
            "created_time": "2024-12-09T06:31:16.739905Z",
            "yes_price": 9,
            "no_price": 91,
            "taker_side": "yes"
        },
        {
            "trade_id": "fd064343-24f4-489a-96fd-7d9ab19ac585",
            "ticker": "KXHIGHAUS-24DEC09-T78",
            "count": 16,
            "created_time": "2024-12-09T06:16:24.787982Z",
            "yes_price": 7,
            "no_price": 93,
            "taker_side": "no"
        },
        {
            "trade_id": "eaeb093c-1198-48c1-a24d-7ea68cab5413",
            "ticker": "KXHIGHAUS-24DEC09-T78",
            "count": 100,
            "created_time": "2024-12-09T06:16:24.787982Z",
            "yes_price": 6,
            "no_price": 94,
            "taker_side": "no"
        },
        {
            "trade_id": "478d2e92-30fb-441f-9169-4e5c0d75189b",
            "ticker": "KXHIGHAUS-24DEC09-T78",
            "count": 84,
            "created_time": "2024-12-09T06:16:24.787982Z",
            "yes_price": 5,
            "no_price": 95,
            "taker_side": "no"
        },
        {
            "trade_id": "4b9067c6-a14b-4dff-927e-6e2965ce3e57",
            "ticker": "KXHIGHAUS-24DEC09-T78",
            "count": 5,
            "created_time": "2024-12-09T06:16:12.376897Z",
            "yes_price": 11,
            "no_price": 89,
            "taker_side": "yes"
        },
        {
            "trade_id": "d11b0cf4-1f4c-43b5-a015-3839e5e33474",
            "ticker": "KXHIGHAUS-24DEC09-T78",
            "count": 1000,
            "created_time": "2024-12-09T06:09:21.635656Z",
            "yes_price": 5,
            "no_price": 95,
            "taker_side": "no"
        },
        {
            "trade_id": "277d7cd8-cdf5-4aaa-a7e2-c9ef0ab839de",
            "ticker": "KXHIGHAUS-24DEC09-T78",
            "count": 1,
            "created_time": "2024-12-09T06:07:06.498426Z",
            "yes_price": 6,
            "no_price": 94,
            "taker_side": "yes"
        },
        {
            "trade_id": "0e4f3901-b65b-48f4-a899-752f066e7658",
            "ticker": "KXHIGHAUS-24DEC09-T78",
            "count": 250,
            "created_time": "2024-12-09T05:56:45.652479Z",
            "yes_price": 6,
            "no_price": 94,
            "taker_side": "no"
        },
        {
            "trade_id": "f8ff34f8-1563-454a-bcde-9bf010cc2cc9",
            "ticker": "KXHIGHAUS-24DEC09-T78",
            "count": 100,
            "created_time": "2024-12-09T05:54:58.525533Z",
            "yes_price": 8,
            "no_price": 92,
            "taker_side": "yes"
        },
        {
            "trade_id": "d811b62f-7705-467e-8443-0daddb2c16b8",
            "ticker": "KXHIGHAUS-24DEC09-T78",
            "count": 100,
            "created_time": "2024-12-09T05:54:58.525533Z",
            "yes_price": 8,
            "no_price": 92,
            "taker_side": "yes"
        },
        {
            "trade_id": "c3ea3d83-5e2c-402e-9e6f-d2a242eb88f1",
            "ticker": "KXHIGHAUS-24DEC09-T78",
            "count": 240,
            "created_time": "2024-12-09T05:54:58.525533Z",
            "yes_price": 9,
            "no_price": 91,
            "taker_side": "yes"
        },
        {
            "trade_id": "967d8bcb-188c-4e1f-be50-afdf4845dc60",
            "ticker": "KXHIGHAUS-24DEC09-T78",
            "count": 900,
            "created_time": "2024-12-09T05:54:58.525533Z",
            "yes_price": 9,
            "no_price": 91,
            "taker_side": "yes"
        },
        {
            "trade_id": "909add13-64e2-40a3-92a4-3c15ff781816",
            "ticker": "KXHIGHAUS-24DEC09-T78",
            "count": 40,
            "created_time": "2024-12-09T05:54:58.525533Z",
            "yes_price": 10,
            "no_price": 90,
            "taker_side": "yes"
        },
        {
            "trade_id": "6e22fc46-4664-422a-ad65-10bb6687c486",
            "ticker": "KXHIGHAUS-24DEC09-T78",
            "count": 1,
            "created_time": "2024-12-09T05:54:58.525533Z",
            "yes_price": 10,
            "no_price": 90,
            "taker_side": "yes"
        },
        {
            "trade_id": "4a53a6a0-7572-4fac-8cf3-7d1b2591f254",
            "ticker": "KXHIGHAUS-24DEC09-T78",
            "count": 1,
            "created_time": "2024-12-09T05:54:58.525533Z",
            "yes_price": 10,
            "no_price": 90,
            "taker_side": "yes"
        },
        {
            "trade_id": "10027a88-8e7e-47c3-9497-0543460aa0bf",
            "ticker": "KXHIGHAUS-24DEC09-T78",
            "count": 100,
            "created_time": "2024-12-09T05:54:58.525533Z",
            "yes_price": 10,
            "no_price": 90,
            "taker_side": "yes"
        },
        {
            "trade_id": "0c5a176f-0420-426d-aff1-6604dbebc7de",
            "ticker": "KXHIGHAUS-24DEC09-T78",
            "count": 200,
            "created_time": "2024-12-09T05:54:58.525533Z",
            "yes_price": 10,
            "no_price": 90,
            "taker_side": "yes"
        },
        {
            "trade_id": "cbf3e4b8-0fcd-41cd-851c-e5f182e2b8dd",
            "ticker": "KXHIGHAUS-24DEC09-T78",
            "count": 100,
            "created_time": "2024-12-09T05:30:57.428399Z",
            "yes_price": 8,
            "no_price": 92,
            "taker_side": "yes"
        },
        {
            "trade_id": "83c63108-09b6-4801-acba-dfe773ef4814",
            "ticker": "KXHIGHAUS-24DEC09-T78",
            "count": 100,
            "created_time": "2024-12-09T05:30:57.428399Z",
            "yes_price": 8,
            "no_price": 92,
            "taker_side": "yes"
        },
        {
            "trade_id": "17c13af6-2fb8-464c-b0b0-9f31b7987e27",
            "ticker": "KXHIGHAUS-24DEC09-T78",
            "count": 100,
            "created_time": "2024-12-09T05:11:50.426092Z",
            "yes_price": 9,
            "no_price": 91,
            "taker_side": "yes"
        },
        {
            "trade_id": "54dc921f-26b0-4b20-aec1-4538003a421f",
            "ticker": "KXHIGHAUS-24DEC09-T78",
            "count": 100,
            "created_time": "2024-12-09T05:11:11.536496Z",
            "yes_price": 8,
            "no_price": 92,
            "taker_side": "yes"
        },
        {
            "trade_id": "3b5639cd-f3f8-4028-852c-3d78a922fda0",
            "ticker": "KXHIGHAUS-24DEC09-T78",
            "count": 21,
            "created_time": "2024-12-09T05:11:11.536496Z",
            "yes_price": 8,
            "no_price": 92,
            "taker_side": "yes"
        },
        {
            "trade_id": "77b817d5-bfd1-4c92-9074-57b91f1a4bbe",
            "ticker": "KXHIGHAUS-24DEC09-T78",
            "count": 60,
            "created_time": "2024-12-09T03:03:17.0094Z",
            "yes_price": 6,
            "no_price": 94,
            "taker_side": "yes"
        },
        {
            "trade_id": "45b0726b-7405-4ae0-8175-2ecb5f899315",
            "ticker": "KXHIGHAUS-24DEC09-T78",
            "count": 100,
            "created_time": "2024-12-09T03:03:17.0094Z",
            "yes_price": 6,
            "no_price": 94,
            "taker_side": "yes"
        },
        {
            "trade_id": "e262fd11-b998-41bb-b0a0-94618f75915f",
            "ticker": "KXHIGHAUS-24DEC09-T78",
            "count": 60,
            "created_time": "2024-12-09T02:52:03.87035Z",
            "yes_price": 5,
            "no_price": 95,
            "taker_side": "no"
        },
        {
            "trade_id": "21fd8da8-9aaf-4a08-8cc7-7d37ae519fd7",
            "ticker": "KXHIGHAUS-24DEC09-T78",
            "count": 392,
            "created_time": "2024-12-09T02:52:03.87035Z",
            "yes_price": 5,
            "no_price": 95,
            "taker_side": "no"
        },
        {
            "trade_id": "f429f8e2-3db7-4448-829c-641c55853a83",
            "ticker": "KXHIGHAUS-24DEC09-T78",
            "count": 4,
            "created_time": "2024-12-09T01:47:32.452158Z",
            "yes_price": 5,
            "no_price": 95,
            "taker_side": "no"
        },
        {
            "trade_id": "914b0487-31bc-4451-a83d-a8575435e8f4",
            "ticker": "KXHIGHAUS-24DEC09-T78",
            "count": 129,
            "created_time": "2024-12-09T01:01:30.340141Z",
            "yes_price": 8,
            "no_price": 92,
            "taker_side": "yes"
        },
        {
            "trade_id": "2cf52e45-62a9-4be9-bf3f-dbbdd59b915b",
            "ticker": "KXHIGHAUS-24DEC09-T78",
            "count": 104,
            "created_time": "2024-12-09T00:25:29.049867Z",
            "yes_price": 5,
            "no_price": 95,
            "taker_side": "no"
        },
        {
            "trade_id": "fe765edf-9e3b-450a-9363-f8b406e1b686",
            "ticker": "KXHIGHAUS-24DEC09-T78",
            "count": 7,
            "created_time": "2024-12-09T00:00:03.503821Z",
            "yes_price": 8,
            "no_price": 92,
            "taker_side": "yes"
        },
        {
            "trade_id": "6602e3a4-31a5-4256-8c16-6aa8c52942d0",
            "ticker": "KXHIGHAUS-24DEC09-T78",
            "count": 100,
            "created_time": "2024-12-09T00:00:03.503821Z",
            "yes_price": 7,
            "no_price": 93,
            "taker_side": "yes"
        },
        {
            "trade_id": "6f9895bc-64d2-459a-8ef4-c7718ea540ad",
            "ticker": "KXHIGHAUS-24DEC09-T78",
            "count": 6,
            "created_time": "2024-12-08T22:59:53.145744Z",
            "yes_price": 11,
            "no_price": 89,
            "taker_side": "yes"
        },
        {
            "trade_id": "682712b8-02e5-48ef-b4c4-1e44e68f4262",
            "ticker": "KXHIGHAUS-24DEC09-T78",
            "count": 40,
            "created_time": "2024-12-08T22:59:53.145744Z",
            "yes_price": 10,
            "no_price": 90,
            "taker_side": "yes"
        },
        {
            "trade_id": "e286498f-780a-46c6-a1d9-e21afea75215",
            "ticker": "KXHIGHAUS-24DEC09-T78",
            "count": 7,
            "created_time": "2024-12-08T22:03:30.937215Z",
            "yes_price": 10,
            "no_price": 90,
            "taker_side": "yes"
        },
        {
            "trade_id": "ed51ec48-4e95-4b28-96e1-f2d5c64e9e60",
            "ticker": "KXHIGHAUS-24DEC09-T78",
            "count": 53,
            "created_time": "2024-12-08T22:03:30.788399Z",
            "yes_price": 10,
            "no_price": 90,
            "taker_side": "no"
        },
        {
            "trade_id": "eb026d47-5d65-4563-9ad9-5b34e0dd04b2",
            "ticker": "KXHIGHAUS-24DEC09-T78",
            "count": 11,
            "created_time": "2024-12-08T21:54:53.732571Z",
            "yes_price": 13,
            "no_price": 87,
            "taker_side": "yes"
        },
        {
            "trade_id": "e462f347-c261-409c-8e2a-4ba154cf58bd",
            "ticker": "KXHIGHAUS-24DEC09-T78",
            "count": 114,
            "created_time": "2024-12-08T21:54:53.732571Z",
            "yes_price": 13,
            "no_price": 87,
            "taker_side": "yes"
        },
        {
            "trade_id": "d4fbdac1-dbe2-481c-98c5-337b134ab4a0",
            "ticker": "KXHIGHAUS-24DEC09-T78",
            "count": 8,
            "created_time": "2024-12-08T21:54:53.732571Z",
            "yes_price": 13,
            "no_price": 87,
            "taker_side": "yes"
        },
        {
            "trade_id": "9043a1d3-c461-4a2c-9e93-4ed7397cc7f9",
            "ticker": "KXHIGHAUS-24DEC09-T78",
            "count": 240,
            "created_time": "2024-12-08T21:54:53.732571Z",
            "yes_price": 12,
            "no_price": 88,
            "taker_side": "yes"
        },
        {
            "trade_id": "16e24c85-ef8a-4d51-b07c-73706501c8df",
            "ticker": "KXHIGHAUS-24DEC09-T78",
            "count": 240,
            "created_time": "2024-12-08T21:54:53.732571Z",
            "yes_price": 11,
            "no_price": 89,
            "taker_side": "yes"
        },
        {
            "trade_id": "50d0e8c9-0d00-4578-981e-7e3e71ee2aa9",
            "ticker": "KXHIGHAUS-24DEC09-T78",
            "count": 240,
            "created_time": "2024-12-08T21:45:32.339086Z",
            "yes_price": 10,
            "no_price": 90,
            "taker_side": "no"
        },
        {
            "trade_id": "ef9022e6-50f0-4054-bf30-e7d846cfca9a",
            "ticker": "KXHIGHAUS-24DEC09-T78",
            "count": 30,
            "created_time": "2024-12-08T20:07:54.503553Z",
            "yes_price": 11,
            "no_price": 89,
            "taker_side": "yes"
        },
        {
            "trade_id": "9589c1c9-5c25-4e48-8b63-1d241daeead4",
            "ticker": "KXHIGHAUS-24DEC09-T78",
            "count": 170,
            "created_time": "2024-12-08T20:07:54.503553Z",
            "yes_price": 11,
            "no_price": 89,
            "taker_side": "yes"
        },
        {
            "trade_id": "1647df9a-d97f-462b-8a99-23a7130a5cd8",
            "ticker": "KXHIGHAUS-24DEC09-T78",
            "count": 7,
            "created_time": "2024-12-08T20:02:12.890286Z",
            "yes_price": 10,
            "no_price": 90,
            "taker_side": "yes"
        },
        {
            "trade_id": "fd2434e4-9a15-4721-9723-da2c1e0fce9e",
            "ticker": "KXHIGHAUS-24DEC09-T78",
            "count": 100,
            "created_time": "2024-12-08T19:37:40.510536Z",
            "yes_price": 9,
            "no_price": 91,
            "taker_side": "yes"
        },
        {
            "trade_id": "e7b8b5c7-9fd8-4a15-8235-e91fffd93c1e",
            "ticker": "KXHIGHAUS-24DEC09-T78",
            "count": 100,
            "created_time": "2024-12-08T19:37:40.510536Z",
            "yes_price": 9,
            "no_price": 91,
            "taker_side": "yes"
        },
        {
            "trade_id": "98487893-06fe-4043-aa07-e25a435f51d2",
            "ticker": "KXHIGHAUS-24DEC09-T78",
            "count": 100,
            "created_time": "2024-12-08T19:37:40.510536Z",
            "yes_price": 10,
            "no_price": 90,
            "taker_side": "yes"
        },
        {
            "trade_id": "81602c72-7300-4f18-bbcf-5dd261508753",
            "ticker": "KXHIGHAUS-24DEC09-T78",
            "count": 140,
            "created_time": "2024-12-08T19:37:40.510536Z",
            "yes_price": 10,
            "no_price": 90,
            "taker_side": "yes"
        },
        {
            "trade_id": "55cf5c56-35eb-49fc-9a86-0d1861e0e184",
            "ticker": "KXHIGHAUS-24DEC09-T78",
            "count": 30,
            "created_time": "2024-12-08T19:37:40.510536Z",
            "yes_price": 11,
            "no_price": 89,
            "taker_side": "yes"
        },
        {
            "trade_id": "34432fc5-17e9-4b43-a719-2947d6298f44",
            "ticker": "KXHIGHAUS-24DEC09-T78",
            "count": 8,
            "created_time": "2024-12-08T19:37:40.510536Z",
            "yes_price": 10,
            "no_price": 90,
            "taker_side": "yes"
        },
        {
            "trade_id": "2d64025c-6367-4332-bf90-8eb5c226d441",
            "ticker": "KXHIGHAUS-24DEC09-T78",
            "count": 8,
            "created_time": "2024-12-08T19:37:40.510536Z",
            "yes_price": 10,
            "no_price": 90,
            "taker_side": "yes"
        },
        {
            "trade_id": "ea83bc62-c2b0-41f9-a29e-4bc234a41a6e",
            "ticker": "KXHIGHAUS-24DEC09-T78",
            "count": 240,
            "created_time": "2024-12-08T16:32:26.234225Z",
            "yes_price": 8,
            "no_price": 92,
            "taker_side": "yes"
        },
        {
            "trade_id": "a57f3221-5b6a-4b13-b699-1675a26579e4",
            "ticker": "KXHIGHAUS-24DEC09-T78",
            "count": 142,
            "created_time": "2024-12-08T16:32:26.234225Z",
            "yes_price": 7,
            "no_price": 93,
            "taker_side": "yes"
        },
        {
            "trade_id": "70b903c4-58f4-4536-a8c4-fe50d600cd35",
            "ticker": "KXHIGHAUS-24DEC09-T78",
            "count": 152,
            "created_time": "2024-12-08T16:32:26.234225Z",
            "yes_price": 9,
            "no_price": 91,
            "taker_side": "yes"
        },
        {
            "trade_id": "3177530f-804d-4342-b679-b8dfec9e69ea",
            "ticker": "KXHIGHAUS-24DEC09-T78",
            "count": 58,
            "created_time": "2024-12-08T16:32:26.234225Z",
            "yes_price": 7,
            "no_price": 93,
            "taker_side": "yes"
        },
        {
            "trade_id": "e03035f6-942a-41c4-add1-5565c2a9a04d",
            "ticker": "KXHIGHAUS-24DEC09-T78",
            "count": 100,
            "created_time": "2024-12-08T16:32:00.183934Z",
            "yes_price": 6,
            "no_price": 94,
            "taker_side": "yes"
        },
        {
            "trade_id": "7988ac66-e8ff-495f-aaa7-33de8ed4fcbd",
            "ticker": "KXHIGHAUS-24DEC09-T78",
            "count": 182,
            "created_time": "2024-12-08T16:32:00.183934Z",
            "yes_price": 7,
            "no_price": 93,
            "taker_side": "yes"
        }
    ],
    "KXHIGHAUS-24DEC09-B78.5": [
        {
            "trade_id": "34f8ed79-e031-4c0d-916d-174cd60e8f80",
            "ticker": "KXHIGHAUS-24DEC09-B78.5",
            "count": 1,
            "created_time": "2024-12-10T00:55:37.506508Z",
            "yes_price": 1,
            "no_price": 99,
            "taker_side": "yes"
        },
        {
            "trade_id": "284ef42b-9020-4947-966c-f324e2200355",
            "ticker": "KXHIGHAUS-24DEC09-B78.5",
            "count": 93,
            "created_time": "2024-12-10T00:06:49.904783Z",
            "yes_price": 1,
            "no_price": 99,
            "taker_side": "yes"
        },
        {
            "trade_id": "17fd6dc9-dba8-4605-a093-70c29169ff14",
            "ticker": "KXHIGHAUS-24DEC09-B78.5",
            "count": 93,
            "created_time": "2024-12-09T21:22:44.315958Z",
            "yes_price": 1,
            "no_price": 99,
            "taker_side": "yes"
        },
        {
            "trade_id": "34102d1b-3600-4926-b107-ea1472b13d82",
            "ticker": "KXHIGHAUS-24DEC09-B78.5",
            "count": 93,
            "created_time": "2024-12-09T19:12:21.036867Z",
            "yes_price": 1,
            "no_price": 99,
            "taker_side": "yes"
        },
        {
            "trade_id": "0f21941e-1632-4dac-9637-533b3a9a1c30",
            "ticker": "KXHIGHAUS-24DEC09-B78.5",
            "count": 52,
            "created_time": "2024-12-09T18:33:48.268275Z",
            "yes_price": 1,
            "no_price": 99,
            "taker_side": "yes"
        },
        {
            "trade_id": "0e03a04e-e14a-4d22-98dd-397724283300",
            "ticker": "KXHIGHAUS-24DEC09-B78.5",
            "count": 250,
            "created_time": "2024-12-09T18:30:13.845531Z",
            "yes_price": 1,
            "no_price": 99,
            "taker_side": "yes"
        },
        {
            "trade_id": "becde2ea-a311-4380-8e4e-0ee81453546f",
            "ticker": "KXHIGHAUS-24DEC09-B78.5",
            "count": 14,
            "created_time": "2024-12-09T18:21:03.154638Z",
            "yes_price": 1,
            "no_price": 99,
            "taker_side": "yes"
        },
        {
            "trade_id": "b341eb6b-f203-4514-8fb5-aac9f9fc968a",
            "ticker": "KXHIGHAUS-24DEC09-B78.5",
            "count": 467,
            "created_time": "2024-12-09T18:16:32.646634Z",
            "yes_price": 1,
            "no_price": 99,
            "taker_side": "yes"
        },
        {
            "trade_id": "3325f251-80ec-4216-a9f3-76e59942cdbb",
            "ticker": "KXHIGHAUS-24DEC09-B78.5",
            "count": 590,
            "created_time": "2024-12-09T18:15:58.583049Z",
            "yes_price": 1,
            "no_price": 99,
            "taker_side": "yes"
        },
        {
            "trade_id": "d939f43c-2bd4-4671-ae75-a091cf6f9897",
            "ticker": "KXHIGHAUS-24DEC09-B78.5",
            "count": 100,
            "created_time": "2024-12-09T18:14:28.238308Z",
            "yes_price": 1,
            "no_price": 99,
            "taker_side": "yes"
        },
        {
            "trade_id": "d12ca486-890c-4e26-baac-b02d7b636c63",
            "ticker": "KXHIGHAUS-24DEC09-B78.5",
            "count": 280,
            "created_time": "2024-12-09T18:12:40.427492Z",
            "yes_price": 1,
            "no_price": 99,
            "taker_side": "yes"
        },
        {
            "trade_id": "bc43b2af-816e-4803-b1f4-41f855468c9c",
            "ticker": "KXHIGHAUS-24DEC09-B78.5",
            "count": 120,
            "created_time": "2024-12-09T18:12:20.177334Z",
            "yes_price": 1,
            "no_price": 99,
            "taker_side": "no"
        },
        {
            "trade_id": "87b98bcf-04ca-47f3-b8f1-3108ef5cf912",
            "ticker": "KXHIGHAUS-24DEC09-B78.5",
            "count": 3,
            "created_time": "2024-12-09T18:12:20.177334Z",
            "yes_price": 2,
            "no_price": 98,
            "taker_side": "no"
        },
        {
            "trade_id": "339cb1d1-3de4-44cb-905b-9bb6307163c2",
            "ticker": "KXHIGHAUS-24DEC09-B78.5",
            "count": 120,
            "created_time": "2024-12-09T18:12:20.177334Z",
            "yes_price": 1,
            "no_price": 99,
            "taker_side": "no"
        },
        {
            "trade_id": "00818c94-1f7a-47fc-b4ae-cfc2f30f721c",
            "ticker": "KXHIGHAUS-24DEC09-B78.5",
            "count": 120,
            "created_time": "2024-12-09T18:12:20.177334Z",
            "yes_price": 1,
            "no_price": 99,
            "taker_side": "no"
        },
        {
            "trade_id": "c9665ba7-74a2-4318-80fe-547714b99152",
            "ticker": "KXHIGHAUS-24DEC09-B78.5",
            "count": 20,
            "created_time": "2024-12-09T18:12:07.195548Z",
            "yes_price": 4,
            "no_price": 96,
            "taker_side": "yes"
        },
        {
            "trade_id": "d7e7207d-08d5-42d8-9f77-8aa1a803035f",
            "ticker": "KXHIGHAUS-24DEC09-B78.5",
            "count": 10,
            "created_time": "2024-12-09T18:11:44.649237Z",
            "yes_price": 2,
            "no_price": 98,
            "taker_side": "no"
        },
        {
            "trade_id": "f8ae448d-bc46-4eff-97f5-c454c4ee2f8a",
            "ticker": "KXHIGHAUS-24DEC09-B78.5",
            "count": 170,
            "created_time": "2024-12-09T18:10:44.144227Z",
            "yes_price": 2,
            "no_price": 98,
            "taker_side": "no"
        },
        {
            "trade_id": "c63ae34f-8442-4393-99fb-f187d27a5612",
            "ticker": "KXHIGHAUS-24DEC09-B78.5",
            "count": 25,
            "created_time": "2024-12-09T18:09:24.737775Z",
            "yes_price": 4,
            "no_price": 96,
            "taker_side": "yes"
        },
        {
            "trade_id": "b26069d5-f0d0-4806-9304-92e75a5966a5",
            "ticker": "KXHIGHAUS-24DEC09-B78.5",
            "count": 183,
            "created_time": "2024-12-09T18:07:05.685004Z",
            "yes_price": 4,
            "no_price": 96,
            "taker_side": "yes"
        },
        {
            "trade_id": "6067432e-24d2-4321-a701-9b2bc3e16fdc",
            "ticker": "KXHIGHAUS-24DEC09-B78.5",
            "count": 102,
            "created_time": "2024-12-09T18:07:05.685004Z",
            "yes_price": 2,
            "no_price": 98,
            "taker_side": "yes"
        },
        {
            "trade_id": "372e6b4a-4165-415f-a844-fb3de6566875",
            "ticker": "KXHIGHAUS-24DEC09-B78.5",
            "count": 233,
            "created_time": "2024-12-09T18:05:55.864949Z",
            "yes_price": 2,
            "no_price": 98,
            "taker_side": "yes"
        },
        {
            "trade_id": "cbf92d51-562a-4b7a-a63c-b2c1b2f9517e",
            "ticker": "KXHIGHAUS-24DEC09-B78.5",
            "count": 150,
            "created_time": "2024-12-09T18:05:46.006563Z",
            "yes_price": 2,
            "no_price": 98,
            "taker_side": "no"
        },
        {
            "trade_id": "93319f8d-5fae-4c17-bc7a-2c9132398d30",
            "ticker": "KXHIGHAUS-24DEC09-B78.5",
            "count": 30,
            "created_time": "2024-12-09T18:04:32.146193Z",
            "yes_price": 1,
            "no_price": 99,
            "taker_side": "no"
        },
        {
            "trade_id": "fdfdb0f1-f0fb-401b-9fd9-28ee769e7f25",
            "ticker": "KXHIGHAUS-24DEC09-B78.5",
            "count": 158,
            "created_time": "2024-12-09T18:04:14.871699Z",
            "yes_price": 8,
            "no_price": 92,
            "taker_side": "yes"
        },
        {
            "trade_id": "28b16e35-261e-487c-b246-63d469ba0ec1",
            "ticker": "KXHIGHAUS-24DEC09-B78.5",
            "count": 193,
            "created_time": "2024-12-09T18:04:14.871699Z",
            "yes_price": 9,
            "no_price": 91,
            "taker_side": "yes"
        },
        {
            "trade_id": "e2d591cc-b2d6-4f12-8638-70883b91e20b",
            "ticker": "KXHIGHAUS-24DEC09-B78.5",
            "count": 103,
            "created_time": "2024-12-09T18:03:02.711813Z",
            "yes_price": 8,
            "no_price": 92,
            "taker_side": "yes"
        },
        {
            "trade_id": "dfb29e9f-cfe4-4cd9-847a-827ed88900c7",
            "ticker": "KXHIGHAUS-24DEC09-B78.5",
            "count": 157,
            "created_time": "2024-12-09T18:03:02.711813Z",
            "yes_price": 7,
            "no_price": 93,
            "taker_side": "yes"
        },
        {
            "trade_id": "0b6d9abe-d6ea-4fbf-b0c6-fe065c5cb5c7",
            "ticker": "KXHIGHAUS-24DEC09-B78.5",
            "count": 60,
            "created_time": "2024-12-09T18:03:02.711813Z",
            "yes_price": 7,
            "no_price": 93,
            "taker_side": "yes"
        },
        {
            "trade_id": "76b9c2c1-ef79-4992-b5dc-2536980979fa",
            "ticker": "KXHIGHAUS-24DEC09-B78.5",
            "count": 158,
            "created_time": "2024-12-09T18:02:50.163282Z",
            "yes_price": 7,
            "no_price": 93,
            "taker_side": "yes"
        },
        {
            "trade_id": "1bb649ba-0007-4e1a-adf4-a7b513a462c1",
            "ticker": "KXHIGHAUS-24DEC09-B78.5",
            "count": 135,
            "created_time": "2024-12-09T18:02:50.163282Z",
            "yes_price": 8,
            "no_price": 92,
            "taker_side": "yes"
        },
        {
            "trade_id": "c37135b3-f888-41a3-83ef-674a9855cf86",
            "ticker": "KXHIGHAUS-24DEC09-B78.5",
            "count": 75,
            "created_time": "2024-12-09T18:02:48.537676Z",
            "yes_price": 8,
            "no_price": 92,
            "taker_side": "yes"
        },
        {
            "trade_id": "59c92c06-c792-43a3-9272-cd1cf996ec71",
            "ticker": "KXHIGHAUS-24DEC09-B78.5",
            "count": 20,
            "created_time": "2024-12-09T18:02:25.590585Z",
            "yes_price": 1,
            "no_price": 99,
            "taker_side": "no"
        },
        {
            "trade_id": "e0dc6dcb-9917-4e3f-9b47-df1b9f5de481",
            "ticker": "KXHIGHAUS-24DEC09-B78.5",
            "count": 500,
            "created_time": "2024-12-09T18:02:03.102083Z",
            "yes_price": 2,
            "no_price": 98,
            "taker_side": "yes"
        },
        {
            "trade_id": "e5e6cd98-22e0-4768-8d57-69fcc23c918d",
            "ticker": "KXHIGHAUS-24DEC09-B78.5",
            "count": 1871,
            "created_time": "2024-12-09T18:01:46.386761Z",
            "yes_price": 2,
            "no_price": 98,
            "taker_side": "yes"
        },
        {
            "trade_id": "5dd847b1-c80e-43da-a2dd-47a4c357b42e",
            "ticker": "KXHIGHAUS-24DEC09-B78.5",
            "count": 500,
            "created_time": "2024-12-09T18:01:44.378062Z",
            "yes_price": 2,
            "no_price": 98,
            "taker_side": "yes"
        },
        {
            "trade_id": "d9115dcd-f9c7-473e-9892-8cdcd662db39",
            "ticker": "KXHIGHAUS-24DEC09-B78.5",
            "count": 500,
            "created_time": "2024-12-09T18:01:33.835464Z",
            "yes_price": 2,
            "no_price": 98,
            "taker_side": "yes"
        },
        {
            "trade_id": "62da54f3-6eab-40d7-87a6-5f9f562c59f7",
            "ticker": "KXHIGHAUS-24DEC09-B78.5",
            "count": 233,
            "created_time": "2024-12-09T18:01:26.226366Z",
            "yes_price": 2,
            "no_price": 98,
            "taker_side": "yes"
        },
        {
            "trade_id": "d1ccce9e-5aee-45f3-86b6-8ca72555160a",
            "ticker": "KXHIGHAUS-24DEC09-B78.5",
            "count": 500,
            "created_time": "2024-12-09T18:01:25.369126Z",
            "yes_price": 2,
            "no_price": 98,
            "taker_side": "yes"
        },
        {
            "trade_id": "35f9aee5-a40d-4766-abaa-fed85ffcd941",
            "ticker": "KXHIGHAUS-24DEC09-B78.5",
            "count": 187,
            "created_time": "2024-12-09T18:01:12.55462Z",
            "yes_price": 2,
            "no_price": 98,
            "taker_side": "yes"
        },
        {
            "trade_id": "6e11e78c-4f19-413b-b367-19efd9a2ccb0",
            "ticker": "KXHIGHAUS-24DEC09-B78.5",
            "count": 159,
            "created_time": "2024-12-09T18:01:03.254942Z",
            "yes_price": 3,
            "no_price": 97,
            "taker_side": "no"
        },
        {
            "trade_id": "505884ee-f48a-4d84-a7e9-49f8ab4e9af2",
            "ticker": "KXHIGHAUS-24DEC09-B78.5",
            "count": 50,
            "created_time": "2024-12-09T18:01:03.254942Z",
            "yes_price": 2,
            "no_price": 98,
            "taker_side": "no"
        },
        {
            "trade_id": "414b273d-0e17-4f6f-b0e1-3ea09bee3202",
            "ticker": "KXHIGHAUS-24DEC09-B78.5",
            "count": 40,
            "created_time": "2024-12-09T18:01:01.093134Z",
            "yes_price": 3,
            "no_price": 97,
            "taker_side": "yes"
        },
        {
            "trade_id": "e51dfe64-6057-45ed-bd66-1f22532864b4",
            "ticker": "KXHIGHAUS-24DEC09-B78.5",
            "count": 33,
            "created_time": "2024-12-09T18:00:55.15035Z",
            "yes_price": 3,
            "no_price": 97,
            "taker_side": "no"
        },
        {
            "trade_id": "cf453b4d-2ac7-4969-a3ee-d7739d1935c6",
            "ticker": "KXHIGHAUS-24DEC09-B78.5",
            "count": 100,
            "created_time": "2024-12-09T18:00:55.15035Z",
            "yes_price": 4,
            "no_price": 96,
            "taker_side": "no"
        },
        {
            "trade_id": "10addd9d-3c3e-4b2d-9e7f-5ca4ea07ece9",
            "ticker": "KXHIGHAUS-24DEC09-B78.5",
            "count": 40,
            "created_time": "2024-12-09T18:00:55.15035Z",
            "yes_price": 3,
            "no_price": 97,
            "taker_side": "no"
        },
        {
            "trade_id": "ece59298-eaa0-4298-8e03-9390b187e0bc",
            "ticker": "KXHIGHAUS-24DEC09-B78.5",
            "count": 40,
            "created_time": "2024-12-09T18:00:41.375131Z",
            "yes_price": 3,
            "no_price": 97,
            "taker_side": "no"
        },
        {
            "trade_id": "78bb8f74-117e-43b0-b597-eedf542a0385",
            "ticker": "KXHIGHAUS-24DEC09-B78.5",
            "count": 40,
            "created_time": "2024-12-09T18:00:41.375131Z",
            "yes_price": 3,
            "no_price": 97,
            "taker_side": "no"
        },
        {
            "trade_id": "46080ba1-34ef-4e18-a787-5e40148bf66e",
            "ticker": "KXHIGHAUS-24DEC09-B78.5",
            "count": 7,
            "created_time": "2024-12-09T18:00:41.375131Z",
            "yes_price": 3,
            "no_price": 97,
            "taker_side": "no"
        },
        {
            "trade_id": "1ee24bd6-9634-46f2-b01c-1d832579eb96",
            "ticker": "KXHIGHAUS-24DEC09-B78.5",
            "count": 100,
            "created_time": "2024-12-09T18:00:41.375131Z",
            "yes_price": 4,
            "no_price": 96,
            "taker_side": "no"
        },
        {
            "trade_id": "eddb7756-16eb-4c09-a4c7-afaa7484c85f",
            "ticker": "KXHIGHAUS-24DEC09-B78.5",
            "count": 100,
            "created_time": "2024-12-09T18:00:36.489823Z",
            "yes_price": 13,
            "no_price": 87,
            "taker_side": "no"
        },
        {
            "trade_id": "514dd991-9eb3-4573-baff-a96f8f6c91f1",
            "ticker": "KXHIGHAUS-24DEC09-B78.5",
            "count": 60,
            "created_time": "2024-12-09T18:00:36.489823Z",
            "yes_price": 13,
            "no_price": 87,
            "taker_side": "no"
        },
        {
            "trade_id": "29718153-a0f0-469a-803a-0725144bc2bc",
            "ticker": "KXHIGHAUS-24DEC09-B78.5",
            "count": 242,
            "created_time": "2024-12-09T18:00:36.489823Z",
            "yes_price": 12,
            "no_price": 88,
            "taker_side": "no"
        },
        {
            "trade_id": "2cda370f-2523-4b0b-b386-925249d9cd8e",
            "ticker": "KXHIGHAUS-24DEC09-B78.5",
            "count": 16,
            "created_time": "2024-12-09T17:57:01.055782Z",
            "yes_price": 12,
            "no_price": 88,
            "taker_side": "no"
        },
        {
            "trade_id": "207e2607-7b73-43e0-a12d-ffbe257b8b04",
            "ticker": "KXHIGHAUS-24DEC09-B78.5",
            "count": 32,
            "created_time": "2024-12-09T17:56:31.755321Z",
            "yes_price": 12,
            "no_price": 88,
            "taker_side": "no"
        },
        {
            "trade_id": "59477f2c-355f-46d4-930c-67c6b4be9e99",
            "ticker": "KXHIGHAUS-24DEC09-B78.5",
            "count": 60,
            "created_time": "2024-12-09T17:56:24.059439Z",
            "yes_price": 15,
            "no_price": 85,
            "taker_side": "no"
        },
        {
            "trade_id": "fb298f7a-cb5f-43b2-a6b5-268899cd2af2",
            "ticker": "KXHIGHAUS-24DEC09-B78.5",
            "count": 64,
            "created_time": "2024-12-09T17:55:41.605568Z",
            "yes_price": 16,
            "no_price": 84,
            "taker_side": "no"
        },
        {
            "trade_id": "4f603853-3b0a-4ec9-98db-c82ba6b715db",
            "ticker": "KXHIGHAUS-24DEC09-B78.5",
            "count": 60,
            "created_time": "2024-12-09T17:55:41.605568Z",
            "yes_price": 16,
            "no_price": 84,
            "taker_side": "no"
        },
        {
            "trade_id": "108019d5-b400-470f-b834-aa9bc0f80509",
            "ticker": "KXHIGHAUS-24DEC09-B78.5",
            "count": 17,
            "created_time": "2024-12-09T17:51:27.581789Z",
            "yes_price": 28,
            "no_price": 72,
            "taker_side": "yes"
        },
        {
            "trade_id": "5683c0c5-a138-4763-af6c-03b6e097286c",
            "ticker": "KXHIGHAUS-24DEC09-B78.5",
            "count": 9935,
            "created_time": "2024-12-09T17:50:17.89747Z",
            "yes_price": 16,
            "no_price": 84,
            "taker_side": "yes"
        },
        {
            "trade_id": "3d90b7c9-d3b0-41dd-9df2-0abbc6f9947f",
            "ticker": "KXHIGHAUS-24DEC09-B78.5",
            "count": 60,
            "created_time": "2024-12-09T17:50:17.89747Z",
            "yes_price": 16,
            "no_price": 84,
            "taker_side": "yes"
        },
        {
            "trade_id": "b96b5207-fb06-4a59-8022-e1bd25952a52",
            "ticker": "KXHIGHAUS-24DEC09-B78.5",
            "count": 200,
            "created_time": "2024-12-09T17:49:59.678245Z",
            "yes_price": 16,
            "no_price": 84,
            "taker_side": "yes"
        },
        {
            "trade_id": "531deaf1-70c3-401d-bfd4-7e2196be93c3",
            "ticker": "KXHIGHAUS-24DEC09-B78.5",
            "count": 5,
            "created_time": "2024-12-09T17:49:06.41643Z",
            "yes_price": 14,
            "no_price": 86,
            "taker_side": "no"
        },
        {
            "trade_id": "dee8ab70-4931-43ba-bac3-a730c115a2d0",
            "ticker": "KXHIGHAUS-24DEC09-B78.5",
            "count": 500,
            "created_time": "2024-12-09T17:48:01.142003Z",
            "yes_price": 16,
            "no_price": 84,
            "taker_side": "yes"
        },
        {
            "trade_id": "bd493531-d01a-4f12-9702-98ec92eb075e",
            "ticker": "KXHIGHAUS-24DEC09-B78.5",
            "count": 60,
            "created_time": "2024-12-09T17:42:51.993662Z",
            "yes_price": 16,
            "no_price": 84,
            "taker_side": "no"
        },
        {
            "trade_id": "a080bf4b-1136-41d0-9985-b681c0a7c66a",
            "ticker": "KXHIGHAUS-24DEC09-B78.5",
            "count": 148,
            "created_time": "2024-12-09T17:42:51.993662Z",
            "yes_price": 16,
            "no_price": 84,
            "taker_side": "no"
        },
        {
            "trade_id": "c57a580f-a0a1-49b4-ba89-afaf20e80772",
            "ticker": "KXHIGHAUS-24DEC09-B78.5",
            "count": 53,
            "created_time": "2024-12-09T17:34:18.669299Z",
            "yes_price": 18,
            "no_price": 82,
            "taker_side": "yes"
        },
        {
            "trade_id": "2240c90d-35ae-4364-b9b7-eed89b2870e0",
            "ticker": "KXHIGHAUS-24DEC09-B78.5",
            "count": 5,
            "created_time": "2024-12-09T17:34:01.439051Z",
            "yes_price": 16,
            "no_price": 84,
            "taker_side": "no"
        },
        {
            "trade_id": "b0691d2d-c891-4f7e-be4b-dddc1ceb8293",
            "ticker": "KXHIGHAUS-24DEC09-B78.5",
            "count": 3044,
            "created_time": "2024-12-09T17:29:24.496839Z",
            "yes_price": 18,
            "no_price": 82,
            "taker_side": "yes"
        },
        {
            "trade_id": "313189f5-f36d-4655-8f07-772fc066d291",
            "ticker": "KXHIGHAUS-24DEC09-B78.5",
            "count": 60,
            "created_time": "2024-12-09T17:29:24.496839Z",
            "yes_price": 16,
            "no_price": 84,
            "taker_side": "yes"
        },
        {
            "trade_id": "24ed14a0-a970-412d-809e-4a828e219830",
            "ticker": "KXHIGHAUS-24DEC09-B78.5",
            "count": 60,
            "created_time": "2024-12-09T17:29:24.496839Z",
            "yes_price": 16,
            "no_price": 84,
            "taker_side": "yes"
        },
        {
            "trade_id": "8300179c-c11c-4847-a476-36320c9faf75",
            "ticker": "KXHIGHAUS-24DEC09-B78.5",
            "count": 7,
            "created_time": "2024-12-09T17:24:48.722034Z",
            "yes_price": 17,
            "no_price": 83,
            "taker_side": "yes"
        },
        {
            "trade_id": "38c70edc-3227-4ce3-9aef-4ad514d1c832",
            "ticker": "KXHIGHAUS-24DEC09-B78.5",
            "count": 5,
            "created_time": "2024-12-09T17:18:56.643856Z",
            "yes_price": 15,
            "no_price": 85,
            "taker_side": "no"
        },
        {
            "trade_id": "edbcb659-361a-466e-8535-917dd65e0f8f",
            "ticker": "KXHIGHAUS-24DEC09-B78.5",
            "count": 60,
            "created_time": "2024-12-09T17:17:39.711191Z",
            "yes_price": 18,
            "no_price": 82,
            "taker_side": "no"
        },
        {
            "trade_id": "a8b3a136-21a2-4153-a53c-f72f7038bef8",
            "ticker": "KXHIGHAUS-24DEC09-B78.5",
            "count": 47,
            "created_time": "2024-12-09T17:15:33.544147Z",
            "yes_price": 18,
            "no_price": 82,
            "taker_side": "no"
        },
        {
            "trade_id": "8da6eb4e-8a56-4c75-bcda-cf1532425e6d",
            "ticker": "KXHIGHAUS-24DEC09-B78.5",
            "count": 35,
            "created_time": "2024-12-09T17:14:41.247834Z",
            "yes_price": 18,
            "no_price": 82,
            "taker_side": "no"
        },
        {
            "trade_id": "344a64b7-51c1-4e96-bf7d-c5be28f9d9fe",
            "ticker": "KXHIGHAUS-24DEC09-B78.5",
            "count": 50,
            "created_time": "2024-12-09T17:14:41.247834Z",
            "yes_price": 18,
            "no_price": 82,
            "taker_side": "no"
        },
        {
            "trade_id": "793e8934-1529-4222-97c9-ef918f37ddc1",
            "ticker": "KXHIGHAUS-24DEC09-B78.5",
            "count": 16,
            "created_time": "2024-12-09T17:12:21.085267Z",
            "yes_price": 22,
            "no_price": 78,
            "taker_side": "yes"
        },
        {
            "trade_id": "dd2a7143-dfcb-4d2e-9d6b-b28460661fb2",
            "ticker": "KXHIGHAUS-24DEC09-B78.5",
            "count": 21,
            "created_time": "2024-12-09T17:06:40.130373Z",
            "yes_price": 25,
            "no_price": 75,
            "taker_side": "yes"
        },
        {
            "trade_id": "a2e66db8-3914-4c72-beba-3f1a2c74fb3c",
            "ticker": "KXHIGHAUS-24DEC09-B78.5",
            "count": 21,
            "created_time": "2024-12-09T17:06:40.130373Z",
            "yes_price": 25,
            "no_price": 75,
            "taker_side": "yes"
        },
        {
            "trade_id": "44342a5a-143e-4d41-9e45-ba34bd215470",
            "ticker": "KXHIGHAUS-24DEC09-B78.5",
            "count": 62,
            "created_time": "2024-12-09T17:06:40.130373Z",
            "yes_price": 25,
            "no_price": 75,
            "taker_side": "yes"
        },
        {
            "trade_id": "0a103f27-32ab-4042-9364-cbec0e36ce4c",
            "ticker": "KXHIGHAUS-24DEC09-B78.5",
            "count": 21,
            "created_time": "2024-12-09T17:06:40.130373Z",
            "yes_price": 25,
            "no_price": 75,
            "taker_side": "yes"
        },
        {
            "trade_id": "d7a09997-0cf1-4417-a948-557816125d0e",
            "ticker": "KXHIGHAUS-24DEC09-B78.5",
            "count": 38,
            "created_time": "2024-12-09T17:04:33.817834Z",
            "yes_price": 17,
            "no_price": 83,
            "taker_side": "yes"
        },
        {
            "trade_id": "a93f3058-c01c-4d7a-a276-bf8e20d0cb34",
            "ticker": "KXHIGHAUS-24DEC09-B78.5",
            "count": 60,
            "created_time": "2024-12-09T17:04:33.817834Z",
            "yes_price": 17,
            "no_price": 83,
            "taker_side": "yes"
        },
        {
            "trade_id": "5f52aed9-7323-404b-b9fe-78656fb79e57",
            "ticker": "KXHIGHAUS-24DEC09-B78.5",
            "count": 22,
            "created_time": "2024-12-09T17:04:33.817834Z",
            "yes_price": 17,
            "no_price": 83,
            "taker_side": "yes"
        },
        {
            "trade_id": "ae5e0c75-c4d9-4f5d-b02f-396db0a7db15",
            "ticker": "KXHIGHAUS-24DEC09-B78.5",
            "count": 5,
            "created_time": "2024-12-09T17:03:50.691161Z",
            "yes_price": 13,
            "no_price": 87,
            "taker_side": "no"
        },
        {
            "trade_id": "2a5b1758-f1d5-4a2a-ab3e-d9d1cef39de3",
            "ticker": "KXHIGHAUS-24DEC09-B78.5",
            "count": 111,
            "created_time": "2024-12-09T17:03:16.90082Z",
            "yes_price": 17,
            "no_price": 83,
            "taker_side": "yes"
        },
        {
            "trade_id": "617697b4-ff8d-4ed2-baf3-53868ebad836",
            "ticker": "KXHIGHAUS-24DEC09-B78.5",
            "count": 27,
            "created_time": "2024-12-09T17:03:09.8963Z",
            "yes_price": 17,
            "no_price": 83,
            "taker_side": "yes"
        },
        {
            "trade_id": "9142dc33-f86a-4dcc-a42b-9870393b73af",
            "ticker": "KXHIGHAUS-24DEC09-B78.5",
            "count": 69,
            "created_time": "2024-12-09T17:02:15.828867Z",
            "yes_price": 15,
            "no_price": 85,
            "taker_side": "yes"
        },
        {
            "trade_id": "d976db00-1595-4898-b0d9-dca6f57505b0",
            "ticker": "KXHIGHAUS-24DEC09-B78.5",
            "count": 31,
            "created_time": "2024-12-09T16:59:35.640163Z",
            "yes_price": 15,
            "no_price": 85,
            "taker_side": "yes"
        },
        {
            "trade_id": "a7c3c8cc-c1b6-4e8d-b8be-f9d4206f3fa7",
            "ticker": "KXHIGHAUS-24DEC09-B78.5",
            "count": 100,
            "created_time": "2024-12-09T16:56:49.474512Z",
            "yes_price": 16,
            "no_price": 84,
            "taker_side": "yes"
        },
        {
            "trade_id": "b9826d09-aeed-4c16-b38e-2f315516bc59",
            "ticker": "KXHIGHAUS-24DEC09-B78.5",
            "count": 7,
            "created_time": "2024-12-09T16:55:44.46865Z",
            "yes_price": 13,
            "no_price": 87,
            "taker_side": "no"
        },
        {
            "trade_id": "e6b99356-422d-4d9d-b49d-350cfa86ad80",
            "ticker": "KXHIGHAUS-24DEC09-B78.5",
            "count": 36,
            "created_time": "2024-12-09T16:50:09.486754Z",
            "yes_price": 13,
            "no_price": 87,
            "taker_side": "no"
        },
        {
            "trade_id": "5215ca3c-727d-4411-b340-7aa7fa4036e0",
            "ticker": "KXHIGHAUS-24DEC09-B78.5",
            "count": 60,
            "created_time": "2024-12-09T16:50:09.486754Z",
            "yes_price": 13,
            "no_price": 87,
            "taker_side": "no"
        },
        {
            "trade_id": "31d71e08-8ece-4976-bc3b-dd3ae959e26d",
            "ticker": "KXHIGHAUS-24DEC09-B78.5",
            "count": 10,
            "created_time": "2024-12-09T16:50:09.486754Z",
            "yes_price": 12,
            "no_price": 88,
            "taker_side": "no"
        },
        {
            "trade_id": "f54922a4-08c3-49ec-8d1b-43cad0bcfc34",
            "ticker": "KXHIGHAUS-24DEC09-B78.5",
            "count": 5,
            "created_time": "2024-12-09T16:48:45.753869Z",
            "yes_price": 13,
            "no_price": 87,
            "taker_side": "no"
        },
        {
            "trade_id": "9114b6eb-72b1-406f-982d-f25f824c972d",
            "ticker": "KXHIGHAUS-24DEC09-B78.5",
            "count": 93,
            "created_time": "2024-12-09T16:44:37.058489Z",
            "yes_price": 16,
            "no_price": 84,
            "taker_side": "yes"
        },
        {
            "trade_id": "7c9738dd-b70b-49bd-ba1b-87610dacee1e",
            "ticker": "KXHIGHAUS-24DEC09-B78.5",
            "count": 84,
            "created_time": "2024-12-09T16:44:37.058489Z",
            "yes_price": 16,
            "no_price": 84,
            "taker_side": "yes"
        },
        {
            "trade_id": "cc58bed9-a72d-433b-9619-31cc2a12b00c",
            "ticker": "KXHIGHAUS-24DEC09-B78.5",
            "count": 60,
            "created_time": "2024-12-09T16:29:49.145162Z",
            "yes_price": 14,
            "no_price": 86,
            "taker_side": "yes"
        },
        {
            "trade_id": "c2935a0e-1463-438e-ac3a-bfe5a0edf800",
            "ticker": "KXHIGHAUS-24DEC09-B78.5",
            "count": 80,
            "created_time": "2024-12-09T16:29:49.145162Z",
            "yes_price": 15,
            "no_price": 85,
            "taker_side": "yes"
        },
        {
            "trade_id": "9a637209-2482-418f-9bdd-b8dc2f6f76b2",
            "ticker": "KXHIGHAUS-24DEC09-B78.5",
            "count": 58,
            "created_time": "2024-12-09T16:29:49.145162Z",
            "yes_price": 16,
            "no_price": 84,
            "taker_side": "yes"
        },
        {
            "trade_id": "60a2739f-b093-473d-9f54-49614038fbda",
            "ticker": "KXHIGHAUS-24DEC09-B78.5",
            "count": 196,
            "created_time": "2024-12-09T16:29:49.145162Z",
            "yes_price": 14,
            "no_price": 86,
            "taker_side": "yes"
        },
        {
            "trade_id": "547e71f0-89ea-4fe5-8a10-33f6a46f5eb5",
            "ticker": "KXHIGHAUS-24DEC09-B78.5",
            "count": 134,
            "created_time": "2024-12-09T16:28:54.26489Z",
            "yes_price": 14,
            "no_price": 86,
            "taker_side": "yes"
        },
        {
            "trade_id": "20260b29-bf8c-4893-9cda-9e78a439a733",
            "ticker": "KXHIGHAUS-24DEC09-B78.5",
            "count": 9,
            "created_time": "2024-12-09T16:27:36.143082Z",
            "yes_price": 13,
            "no_price": 87,
            "taker_side": "no"
        },
        {
            "trade_id": "fe256f3a-0843-4eef-98e2-03aad68fc710",
            "ticker": "KXHIGHAUS-24DEC09-B78.5",
            "count": 70,
            "created_time": "2024-12-09T16:27:27.853013Z",
            "yes_price": 14,
            "no_price": 86,
            "taker_side": "yes"
        },
        {
            "trade_id": "0e474d52-911d-4349-b1c9-a74c6cc398bb",
            "ticker": "KXHIGHAUS-24DEC09-B78.5",
            "count": 31,
            "created_time": "2024-12-09T16:18:51.127539Z",
            "yes_price": 15,
            "no_price": 85,
            "taker_side": "yes"
        },
        {
            "trade_id": "07deb498-d2e4-4ac3-8843-136c52a81a59",
            "ticker": "KXHIGHAUS-24DEC09-B78.5",
            "count": 10,
            "created_time": "2024-12-09T16:18:00.032247Z",
            "yes_price": 15,
            "no_price": 85,
            "taker_side": "yes"
        },
        {
            "trade_id": "9ac4a480-1397-4bda-a9ab-20c64984ccfb",
            "ticker": "KXHIGHAUS-24DEC09-B78.5",
            "count": 2,
            "created_time": "2024-12-09T16:08:49.97929Z",
            "yes_price": 16,
            "no_price": 84,
            "taker_side": "yes"
        },
        {
            "trade_id": "610cedb2-96ce-466a-9627-9ceea84d5b59",
            "ticker": "KXHIGHAUS-24DEC09-B78.5",
            "count": 100,
            "created_time": "2024-12-09T16:08:49.97929Z",
            "yes_price": 15,
            "no_price": 85,
            "taker_side": "yes"
        },
        {
            "trade_id": "5cf20cc5-04d1-4e99-a233-8bedc18bcd78",
            "ticker": "KXHIGHAUS-24DEC09-B78.5",
            "count": 60,
            "created_time": "2024-12-09T16:08:49.97929Z",
            "yes_price": 15,
            "no_price": 85,
            "taker_side": "yes"
        },
        {
            "trade_id": "1dca0563-0fac-416b-8f4f-9d774602c4dc",
            "ticker": "KXHIGHAUS-24DEC09-B78.5",
            "count": 152,
            "created_time": "2024-12-09T16:08:49.97929Z",
            "yes_price": 15,
            "no_price": 85,
            "taker_side": "yes"
        },
        {
            "trade_id": "acdb2b32-0e8f-4747-a4aa-50ca90a6d508",
            "ticker": "KXHIGHAUS-24DEC09-B78.5",
            "count": 80,
            "created_time": "2024-12-09T16:08:06.712823Z",
            "yes_price": 15,
            "no_price": 85,
            "taker_side": "no"
        },
        {
            "trade_id": "a722d170-8a90-4057-9826-aa7a75b5df2c",
            "ticker": "KXHIGHAUS-24DEC09-B78.5",
            "count": 100,
            "created_time": "2024-12-09T16:08:06.712823Z",
            "yes_price": 16,
            "no_price": 84,
            "taker_side": "no"
        },
        {
            "trade_id": "69e39243-3f8f-4c5e-8a92-0c6dcce24a8f",
            "ticker": "KXHIGHAUS-24DEC09-B78.5",
            "count": 200,
            "created_time": "2024-12-09T16:08:06.712823Z",
            "yes_price": 15,
            "no_price": 85,
            "taker_side": "no"
        },
        {
            "trade_id": "54a411b4-0d2d-4d5a-8298-74399af1ea67",
            "ticker": "KXHIGHAUS-24DEC09-B78.5",
            "count": 60,
            "created_time": "2024-12-09T16:08:06.712823Z",
            "yes_price": 16,
            "no_price": 84,
            "taker_side": "no"
        },
        {
            "trade_id": "dfb45e64-dbc7-4f60-815f-5726fd7b5cd8",
            "ticker": "KXHIGHAUS-24DEC09-B78.5",
            "count": 106,
            "created_time": "2024-12-09T15:59:21.043376Z",
            "yes_price": 16,
            "no_price": 84,
            "taker_side": "yes"
        },
        {
            "trade_id": "d1f0bc20-b7bd-4028-8b0b-479dfb421475",
            "ticker": "KXHIGHAUS-24DEC09-B78.5",
            "count": 100,
            "created_time": "2024-12-09T15:59:21.043376Z",
            "yes_price": 15,
            "no_price": 85,
            "taker_side": "yes"
        },
        {
            "trade_id": "cf52a0ad-ed98-4cfc-a47b-ca36e3c2f647",
            "ticker": "KXHIGHAUS-24DEC09-B78.5",
            "count": 60,
            "created_time": "2024-12-09T15:59:21.043376Z",
            "yes_price": 14,
            "no_price": 86,
            "taker_side": "yes"
        },
        {
            "trade_id": "92d09b7b-a1a0-4dbf-b4fa-a392f95bbbaf",
            "ticker": "KXHIGHAUS-24DEC09-B78.5",
            "count": 100,
            "created_time": "2024-12-09T15:59:21.043376Z",
            "yes_price": 14,
            "no_price": 86,
            "taker_side": "yes"
        },
        {
            "trade_id": "6abf4448-e2bf-4da9-b276-b8ed83e8fbb1",
            "ticker": "KXHIGHAUS-24DEC09-B78.5",
            "count": 100,
            "created_time": "2024-12-09T15:59:21.043376Z",
            "yes_price": 15,
            "no_price": 85,
            "taker_side": "yes"
        },
        {
            "trade_id": "0fdae10b-55ad-45ce-9793-5697a9c078af",
            "ticker": "KXHIGHAUS-24DEC09-B78.5",
            "count": 92,
            "created_time": "2024-12-09T15:59:21.043376Z",
            "yes_price": 14,
            "no_price": 86,
            "taker_side": "yes"
        },
        {
            "trade_id": "08cec396-b037-4f6f-af3c-a9c60c364faf",
            "ticker": "KXHIGHAUS-24DEC09-B78.5",
            "count": 80,
            "created_time": "2024-12-09T15:59:21.043376Z",
            "yes_price": 15,
            "no_price": 85,
            "taker_side": "yes"
        },
        {
            "trade_id": "ad9aa60a-2b13-458e-b01a-21cb4ae450de",
            "ticker": "KXHIGHAUS-24DEC09-B78.5",
            "count": 100,
            "created_time": "2024-12-09T15:58:09.247185Z",
            "yes_price": 13,
            "no_price": 87,
            "taker_side": "no"
        },
        {
            "trade_id": "378026d0-f81e-4f63-9c20-842930c271d6",
            "ticker": "KXHIGHAUS-24DEC09-B78.5",
            "count": 50,
            "created_time": "2024-12-09T15:57:40.931133Z",
