{
    "KXHIGHAUS-24OCT29-T82": [
        {
            "trade_id": "c84fa8b3-d69d-4d1b-9dcb-c893f992edd4",
            "ticker": "KXHIGHAUS-24OCT29-T82",
            "count": 38,
            "created_time": "2024-10-30T02:54:23.004045Z",
            "yes_price": 1,
            "no_price": 99,
            "taker_side": "yes"
        },
        {
            "trade_id": "c3c860aa-d062-4447-97d2-ac13a5ee9fee",
            "ticker": "KXHIGHAUS-24OCT29-T82",
            "count": 148,
            "created_time": "2024-10-30T02:54:23.004045Z",
            "yes_price": 1,
            "no_price": 99,
            "taker_side": "yes"
        },
        {
            "trade_id": "fcc7c08f-d667-475c-9704-b46aedc8aaa9",
            "ticker": "KXHIGHAUS-24OCT29-T82",
            "count": 93,
            "created_time": "2024-10-30T02:17:48.509487Z",
            "yes_price": 1,
            "no_price": 99,
            "taker_side": "yes"
        },
        {
            "trade_id": "c82b0c19-59ad-4d13-be3f-6047ee3926fc",
            "ticker": "KXHIGHAUS-24OCT29-T82",
            "count": 1,
            "created_time": "2024-10-30T01:49:34.962768Z",
            "yes_price": 1,
            "no_price": 99,
            "taker_side": "yes"
        },
        {
            "trade_id": "8c2c68be-9e80-4913-93ea-55b74cf5be65",
            "ticker": "KXHIGHAUS-24OCT29-T82",
            "count": 2,
            "created_time": "2024-10-29T06:26:35.481642Z",
            "yes_price": 1,
            "no_price": 99,
            "taker_side": "no"
        },
        {
            "trade_id": "261b40c3-513a-422e-9ea9-a7481b88c556",
            "ticker": "KXHIGHAUS-24OCT29-T82",
            "count": 5,
            "created_time": "2024-10-29T06:26:29.426651Z",
            "yes_price": 2,
            "no_price": 98,
            "taker_side": "no"
        },
        {
            "trade_id": "1eb95984-164a-499b-a29c-38394ebf96ad",
            "ticker": "KXHIGHAUS-24OCT29-T82",
            "count": 4,
            "created_time": "2024-10-29T06:13:03.676659Z",
            "yes_price": 2,
            "no_price": 98,
            "taker_side": "no"
        },
        {
            "trade_id": "bb2416d1-2821-4982-9664-4dc8ae00bb70",
            "ticker": "KXHIGHAUS-24OCT29-T82",
            "count": 1,
            "created_time": "2024-10-29T06:12:24.281332Z",
            "yes_price": 2,
            "no_price": 98,
            "taker_side": "no"
        },
        {
            "trade_id": "125680a9-a842-4852-8133-d83645089e35",
            "ticker": "KXHIGHAUS-24OCT29-T82",
            "count": 5,
            "created_time": "2024-10-29T05:57:19.408776Z",
            "yes_price": 1,
            "no_price": 99,
            "taker_side": "no"
        }
    ],
    "KXHIGHAUS-24OCT29-B82.5": [
        {
            "trade_id": "ed3a38f2-6da6-47f2-b545-ec4dca62baaf",
            "ticker": "KXHIGHAUS-24OCT29-B82.5",
            "count": 187,
            "created_time": "2024-10-30T02:54:04.113514Z",
            "yes_price": 1,
            "no_price": 99,
            "taker_side": "yes"
        },
        {
            "trade_id": "a26fc41e-bc88-4006-af2d-d776529129f6",
            "ticker": "KXHIGHAUS-24OCT29-B82.5",
            "count": 1,
            "created_time": "2024-10-30T01:50:00.916938Z",
            "yes_price": 1,
            "no_price": 99,
            "taker_side": "yes"
        },
        {
            "trade_id": "05f9f7f3-eacc-4ff7-8ef0-a19582debd2e",
            "ticker": "KXHIGHAUS-24OCT29-B82.5",
            "count": 5,
            "created_time": "2024-10-29T16:24:55.227746Z",
            "yes_price": 1,
            "no_price": 99,
            "taker_side": "no"
        },
        {
            "trade_id": "cd0086a2-2aeb-41fc-9cd9-25bc93d11965",
            "ticker": "KXHIGHAUS-24OCT29-B82.5",
            "count": 2,
            "created_time": "2024-10-29T16:00:03.628628Z",
            "yes_price": 5,
            "no_price": 95,
            "taker_side": "yes"
        },
        {
            "trade_id": "7ac59b2d-8be2-4623-b7ba-08183c00b604",
            "ticker": "KXHIGHAUS-24OCT29-B82.5",
            "count": 23,
            "created_time": "2024-10-29T15:03:23.35905Z",
            "yes_price": 1,
            "no_price": 99,
            "taker_side": "no"
        },
        {
            "trade_id": "b50d532d-9817-43ce-ba07-006aee002b0f",
            "ticker": "KXHIGHAUS-24OCT29-B82.5",
            "count": 69,
            "created_time": "2024-10-29T15:01:50.259258Z",
            "yes_price": 1,
            "no_price": 99,
            "taker_side": "no"
        },
        {
            "trade_id": "ba938fb1-ede1-4fe7-8e9b-d71e2bcc9431",
            "ticker": "KXHIGHAUS-24OCT29-B82.5",
            "count": 19,
            "created_time": "2024-10-29T15:00:07.615604Z",
            "yes_price": 1,
            "no_price": 99,
            "taker_side": "no"
        },
        {
            "trade_id": "5d1775f2-fe58-43dc-92c6-7da99698ba07",
            "ticker": "KXHIGHAUS-24OCT29-B82.5",
            "count": 12,
            "created_time": "2024-10-29T14:45:22.909315Z",
            "yes_price": 1,
            "no_price": 99,
            "taker_side": "no"
        },
        {
            "trade_id": "1e27291e-d9a5-4046-bf38-8dd482d26da3",
            "ticker": "KXHIGHAUS-24OCT29-B82.5",
            "count": 2,
            "created_time": "2024-10-29T13:57:24.303247Z",
            "yes_price": 17,
            "no_price": 83,
            "taker_side": "yes"
        },
        {
            "trade_id": "506dc7ed-8562-434b-92c4-04dc06a2c525",
            "ticker": "KXHIGHAUS-24OCT29-B82.5",
            "count": 8,
            "created_time": "2024-10-29T13:26:24.385037Z",
            "yes_price": 1,
            "no_price": 99,
            "taker_side": "no"
        },
        {
            "trade_id": "810939e8-3ef7-42fd-ac3d-8f994c8b597c",
            "ticker": "KXHIGHAUS-24OCT29-B82.5",
            "count": 32,
            "created_time": "2024-10-29T13:18:53.839383Z",
            "yes_price": 1,
            "no_price": 99,
            "taker_side": "no"
        },
        {
            "trade_id": "3e14a24f-5344-4afa-aa50-557c59687946",
            "ticker": "KXHIGHAUS-24OCT29-B82.5",
            "count": 5,
            "created_time": "2024-10-29T13:18:53.839383Z",
            "yes_price": 2,
            "no_price": 98,
            "taker_side": "no"
        },
        {
            "trade_id": "36be3966-f914-4b0e-83b3-6417d9c146d5",
            "ticker": "KXHIGHAUS-24OCT29-B82.5",
            "count": 35,
            "created_time": "2024-10-29T13:18:05.266323Z",
            "yes_price": 1,
            "no_price": 99,
            "taker_side": "no"
        },
        {
            "trade_id": "3e79cc43-c6ea-4b25-b75b-bc31e96d67dc",
            "ticker": "KXHIGHAUS-24OCT29-B82.5",
            "count": 5,
            "created_time": "2024-10-29T13:16:25.319475Z",
            "yes_price": 2,
            "no_price": 98,
            "taker_side": "no"
        },
        {
            "trade_id": "0139ce8f-8328-4067-b96f-1ae2605e1341",
            "ticker": "KXHIGHAUS-24OCT29-B82.5",
            "count": 4,
            "created_time": "2024-10-29T13:01:08.272766Z",
            "yes_price": 19,
            "no_price": 81,
            "taker_side": "yes"
        },
        {
            "trade_id": "a585d942-d74b-4745-bacb-fa5666fca7dc",
            "ticker": "KXHIGHAUS-24OCT29-B82.5",
            "count": 5,
            "created_time": "2024-10-29T12:24:37.428496Z",
            "yes_price": 1,
            "no_price": 99,
            "taker_side": "no"
        },
        {
            "trade_id": "8fbffcdd-936c-44fa-8abe-709b5c874534",
            "ticker": "KXHIGHAUS-24OCT29-B82.5",
            "count": 1,
            "created_time": "2024-10-29T12:24:37.428496Z",
            "yes_price": 2,
            "no_price": 98,
            "taker_side": "no"
        },
        {
            "trade_id": "6f12d026-21f6-4ca4-96af-de6a499c9da6",
            "ticker": "KXHIGHAUS-24OCT29-B82.5",
            "count": 4,
            "created_time": "2024-10-29T12:23:00.489852Z",
            "yes_price": 2,
            "no_price": 98,
            "taker_side": "no"
        },
        {
            "trade_id": "cf701301-3ddd-4719-aa8f-6aa07e51571d",
            "ticker": "KXHIGHAUS-24OCT29-B82.5",
            "count": 2,
            "created_time": "2024-10-29T06:26:35.48731Z",
            "yes_price": 3,
            "no_price": 97,
            "taker_side": "no"
        },
        {
            "trade_id": "c84dd641-af52-438d-86c4-ec496f434868",
            "ticker": "KXHIGHAUS-24OCT29-B82.5",
            "count": 5,
            "created_time": "2024-10-29T06:26:29.417902Z",
            "yes_price": 4,
            "no_price": 96,
            "taker_side": "no"
        },
        {
            "trade_id": "4edb201a-ac87-4281-b472-cfcdec5528a9",
            "ticker": "KXHIGHAUS-24OCT29-B82.5",
            "count": 4,
            "created_time": "2024-10-29T06:13:03.685969Z",
            "yes_price": 4,
            "no_price": 96,
            "taker_side": "no"
        },
        {
            "trade_id": "263407c5-1898-4cac-a86a-2c3f9d2599b3",
            "ticker": "KXHIGHAUS-24OCT29-B82.5",
            "count": 1,
            "created_time": "2024-10-29T06:12:24.284053Z",
            "yes_price": 4,
            "no_price": 96,
            "taker_side": "no"
        },
        {
            "trade_id": "2bfe691a-390e-498a-b8da-03dcf607c780",
            "ticker": "KXHIGHAUS-24OCT29-B82.5",
            "count": 5,
            "created_time": "2024-10-29T05:57:19.426632Z",
            "yes_price": 4,
            "no_price": 96,
            "taker_side": "no"
        },
        {
            "trade_id": "a2d90592-a005-4696-8ac3-1b46ff9cbc33",
            "ticker": "KXHIGHAUS-24OCT29-B82.5",
            "count": 10,
            "created_time": "2024-10-28T15:19:10.013979Z",
            "yes_price": 6,
            "no_price": 94,
            "taker_side": "no"
        }
    ],
    "KXHIGHAUS-24OCT29-B84.5": [
        {
            "trade_id": "d85c9d50-7cbf-431f-9b49-4c88df05ec38",
            "ticker": "KXHIGHAUS-24OCT29-B84.5",
            "count": 1,
            "created_time": "2024-10-30T04:05:33.280021Z",
            "yes_price": 1,
            "no_price": 99,
            "taker_side": "yes"
        },
        {
            "trade_id": "a755e7d4-748a-4342-a53e-3dad746ff977",
            "ticker": "KXHIGHAUS-24OCT29-B84.5",
            "count": 935,
            "created_time": "2024-10-30T02:58:39.560879Z",
            "yes_price": 1,
            "no_price": 99,
            "taker_side": "yes"
        },
        {
            "trade_id": "ff13f15f-c994-4e65-b8f9-e348e460ed8c",
            "ticker": "KXHIGHAUS-24OCT29-B84.5",
            "count": 187,
            "created_time": "2024-10-30T02:53:45.439428Z",
            "yes_price": 1,
            "no_price": 99,
            "taker_side": "yes"
        },
        {
            "trade_id": "6daa5ad1-b830-4406-8066-a1be9d1fb8cf",
            "ticker": "KXHIGHAUS-24OCT29-B84.5",
            "count": 935,
            "created_time": "2024-10-30T02:05:42.898364Z",
            "yes_price": 1,
            "no_price": 99,
            "taker_side": "yes"
        },
        {
            "trade_id": "dc83854f-0990-417d-a37c-c295267ee237",
            "ticker": "KXHIGHAUS-24OCT29-B84.5",
            "count": 1,
            "created_time": "2024-10-30T01:50:15.429224Z",
            "yes_price": 1,
            "no_price": 99,
            "taker_side": "yes"
        },
        {
            "trade_id": "0c6269f5-1855-45db-8df0-f6d3103f5925",
            "ticker": "KXHIGHAUS-24OCT29-B84.5",
            "count": 467,
            "created_time": "2024-10-29T18:31:12.232013Z",
            "yes_price": 1,
            "no_price": 99,
            "taker_side": "yes"
        },
        {
            "trade_id": "66810b2e-a70d-45e2-bb89-12394392322f",
            "ticker": "KXHIGHAUS-24OCT29-B84.5",
            "count": 187,
            "created_time": "2024-10-29T18:29:19.768797Z",
            "yes_price": 1,
            "no_price": 99,
            "taker_side": "yes"
        },
        {
            "trade_id": "e32a10b6-8ba9-43ac-8b93-de65a38eb6e0",
            "ticker": "KXHIGHAUS-24OCT29-B84.5",
            "count": 50,
            "created_time": "2024-10-29T18:26:15.554808Z",
            "yes_price": 1,
            "no_price": 99,
            "taker_side": "yes"
        },
        {
            "trade_id": "cb25c5c0-9027-4b4c-9d40-dff24d1a89ef",
            "ticker": "KXHIGHAUS-24OCT29-B84.5",
            "count": 101,
            "created_time": "2024-10-29T18:26:15.554808Z",
            "yes_price": 1,
            "no_price": 99,
            "taker_side": "yes"
        },
        {
            "trade_id": "6f947c60-fd69-4053-b413-c40f47b3c334",
            "ticker": "KXHIGHAUS-24OCT29-B84.5",
            "count": 101,
            "created_time": "2024-10-29T18:26:15.554808Z",
            "yes_price": 1,
            "no_price": 99,
            "taker_side": "yes"
        },
        {
            "trade_id": "62827ac6-9b0c-4523-b51c-4799534ab764",
            "ticker": "KXHIGHAUS-24OCT29-B84.5",
            "count": 28,
            "created_time": "2024-10-29T18:26:15.554808Z",
            "yes_price": 1,
            "no_price": 99,
            "taker_side": "yes"
        },
        {
            "trade_id": "ee68ede8-0127-42fc-ad77-7222d238f3ae",
            "ticker": "KXHIGHAUS-24OCT29-B84.5",
            "count": 70,
            "created_time": "2024-10-29T18:13:04.748291Z",
            "yes_price": 1,
            "no_price": 99,
            "taker_side": "yes"
        },
        {
            "trade_id": "66cd83dd-6fc6-4954-997e-3d1e34a6e538",
            "ticker": "KXHIGHAUS-24OCT29-B84.5",
            "count": 42,
            "created_time": "2024-10-29T18:13:04.748291Z",
            "yes_price": 1,
            "no_price": 99,
            "taker_side": "yes"
        },
        {
            "trade_id": "1c7b6fe3-1fc7-467f-81bd-ce14ca24008a",
            "ticker": "KXHIGHAUS-24OCT29-B84.5",
            "count": 3,
            "created_time": "2024-10-29T18:13:04.748291Z",
            "yes_price": 1,
            "no_price": 99,
            "taker_side": "yes"
        },
        {
            "trade_id": "114dc1b4-6d24-4c36-8c18-aeda2e598048",
            "ticker": "KXHIGHAUS-24OCT29-B84.5",
            "count": 70,
            "created_time": "2024-10-29T18:13:04.748291Z",
            "yes_price": 1,
            "no_price": 99,
            "taker_side": "yes"
        },
        {
            "trade_id": "55ff25b4-6e9d-4e01-bd36-31e9d0fd483e",
            "ticker": "KXHIGHAUS-24OCT29-B84.5",
            "count": 67,
            "created_time": "2024-10-29T17:55:18.962444Z",
            "yes_price": 1,
            "no_price": 99,
            "taker_side": "no"
        },
        {
            "trade_id": "90d2956c-6895-4a9e-afb4-dfad6e20d793",
            "ticker": "KXHIGHAUS-24OCT29-B84.5",
            "count": 20,
            "created_time": "2024-10-29T17:54:21.76391Z",
            "yes_price": 1,
            "no_price": 99,
            "taker_side": "no"
        },
        {
            "trade_id": "e5a52f52-580f-4245-a88c-89468ca4d2db",
            "ticker": "KXHIGHAUS-24OCT29-B84.5",
            "count": 4,
            "created_time": "2024-10-29T17:34:02.400389Z",
            "yes_price": 9,
            "no_price": 91,
            "taker_side": "yes"
        },
        {
            "trade_id": "fb5befae-6dca-4119-83cd-f14a82af8d5a",
            "ticker": "KXHIGHAUS-24OCT29-B84.5",
            "count": 8,
            "created_time": "2024-10-29T17:24:48.623953Z",
            "yes_price": 8,
            "no_price": 92,
            "taker_side": "yes"
        },
        {
            "trade_id": "fa046452-e451-441e-a380-20b34889bf9f",
            "ticker": "KXHIGHAUS-24OCT29-B84.5",
            "count": 100,
            "created_time": "2024-10-29T17:24:48.623953Z",
            "yes_price": 16,
            "no_price": 84,
            "taker_side": "yes"
        },
        {
            "trade_id": "aec396cb-afd5-427c-bd37-cb11b0247580",
            "ticker": "KXHIGHAUS-24OCT29-B84.5",
            "count": 30,
            "created_time": "2024-10-29T17:24:48.623953Z",
            "yes_price": 7,
            "no_price": 93,
            "taker_side": "yes"
        },
        {
            "trade_id": "7598442f-08a3-4a01-b986-6c5c4456747d",
            "ticker": "KXHIGHAUS-24OCT29-B84.5",
            "count": 17,
            "created_time": "2024-10-29T17:24:48.623953Z",
            "yes_price": 22,
            "no_price": 78,
            "taker_side": "yes"
        },
        {
            "trade_id": "cabb5e85-be02-419a-b45f-ddd47883f1df",
            "ticker": "KXHIGHAUS-24OCT29-B84.5",
            "count": 5,
            "created_time": "2024-10-29T17:21:32.801936Z",
            "yes_price": 1,
            "no_price": 99,
            "taker_side": "no"
        },
        {
            "trade_id": "eabd3d24-fcb7-44ff-88d2-c65cfc8fb523",
            "ticker": "KXHIGHAUS-24OCT29-B84.5",
            "count": 5,
            "created_time": "2024-10-29T17:18:12.773028Z",
            "yes_price": 1,
            "no_price": 99,
            "taker_side": "no"
        },
        {
            "trade_id": "28a54bcc-4ec7-4232-9176-58c54af83551",
            "ticker": "KXHIGHAUS-24OCT29-B84.5",
            "count": 3,
            "created_time": "2024-10-29T17:17:58.429078Z",
            "yes_price": 1,
            "no_price": 99,
            "taker_side": "no"
        },
        {
            "trade_id": "5793eb58-cef0-4f68-b48e-5c97c68e5ec5",
            "ticker": "KXHIGHAUS-24OCT29-B84.5",
            "count": 9,
            "created_time": "2024-10-29T16:56:52.036757Z",
            "yes_price": 1,
            "no_price": 99,
            "taker_side": "no"
        },
        {
            "trade_id": "811f4089-2036-40b2-af5b-d5ea39abe2d8",
            "ticker": "KXHIGHAUS-24OCT29-B84.5",
            "count": 5,
            "created_time": "2024-10-29T16:56:51.973728Z",
            "yes_price": 3,
            "no_price": 97,
            "taker_side": "no"
        },
        {
            "trade_id": "4eed9519-7bde-4661-9e01-666e98499968",
            "ticker": "KXHIGHAUS-24OCT29-B84.5",
            "count": 35,
            "created_time": "2024-10-29T16:48:27.964344Z",
            "yes_price": 3,
            "no_price": 97,
            "taker_side": "no"
        },
        {
            "trade_id": "7dd520d1-57bc-402a-9e05-efef1ecd7b61",
            "ticker": "KXHIGHAUS-24OCT29-B84.5",
            "count": 60,
            "created_time": "2024-10-29T16:45:48.999974Z",
            "yes_price": 5,
            "no_price": 95,
            "taker_side": "no"
        },
        {
            "trade_id": "a5b45821-fb17-4c62-85ab-9a7c8cd67e76",
            "ticker": "KXHIGHAUS-24OCT29-B84.5",
            "count": 5,
            "created_time": "2024-10-29T16:24:55.224249Z",
            "yes_price": 5,
            "no_price": 95,
            "taker_side": "no"
        },
        {
            "trade_id": "ba93ec65-7412-4383-97d8-251d9027e930",
            "ticker": "KXHIGHAUS-24OCT29-B84.5",
            "count": 16,
            "created_time": "2024-10-29T15:03:23.253553Z",
            "yes_price": 20,
            "no_price": 80,
            "taker_side": "yes"
        },
        {
            "trade_id": "66934f78-9880-4095-ad2a-c22c33d13c17",
            "ticker": "KXHIGHAUS-24OCT29-B84.5",
            "count": 34,
            "created_time": "2024-10-29T15:03:23.253553Z",
            "yes_price": 19,
            "no_price": 81,
            "taker_side": "yes"
        },
        {
            "trade_id": "12870551-aea9-4e08-bf02-be1a6ad3c85d",
            "ticker": "KXHIGHAUS-24OCT29-B84.5",
            "count": 23,
            "created_time": "2024-10-29T15:03:23.253553Z",
            "yes_price": 19,
            "no_price": 81,
            "taker_side": "yes"
        },
        {
            "trade_id": "e9cbfa00-46b6-42c7-8acb-e3da55779711",
            "ticker": "KXHIGHAUS-24OCT29-B84.5",
            "count": 69,
            "created_time": "2024-10-29T15:01:50.270684Z",
            "yes_price": 5,
            "no_price": 95,
            "taker_side": "no"
        },
        {
            "trade_id": "3d5aaa43-35ee-482f-bd31-0f05384efe49",
            "ticker": "KXHIGHAUS-24OCT29-B84.5",
            "count": 19,
            "created_time": "2024-10-29T15:00:07.639452Z",
            "yes_price": 5,
            "no_price": 95,
            "taker_side": "no"
        },
        {
            "trade_id": "e97055a5-3741-4768-b6d2-39a2bf6e3590",
            "ticker": "KXHIGHAUS-24OCT29-B84.5",
            "count": 12,
            "created_time": "2024-10-29T14:45:22.786846Z",
            "yes_price": 13,
            "no_price": 87,
            "taker_side": "yes"
        },
        {
            "trade_id": "e3eb1416-3d00-44c7-8e11-4c39d90f26a2",
            "ticker": "KXHIGHAUS-24OCT29-B84.5",
            "count": 21,
            "created_time": "2024-10-29T14:45:22.786846Z",
            "yes_price": 15,
            "no_price": 85,
            "taker_side": "yes"
        },
        {
            "trade_id": "39a9b469-cd51-4938-86b9-dbe0a93adf1a",
            "ticker": "KXHIGHAUS-24OCT29-B84.5",
            "count": 100,
            "created_time": "2024-10-29T14:45:22.786846Z",
            "yes_price": 22,
            "no_price": 78,
            "taker_side": "yes"
        },
        {
            "trade_id": "30781c58-c618-4af2-8147-49371fc3f924",
            "ticker": "KXHIGHAUS-24OCT29-B84.5",
            "count": 100,
            "created_time": "2024-10-29T14:45:22.786846Z",
            "yes_price": 20,
            "no_price": 80,
            "taker_side": "yes"
        },
        {
            "trade_id": "2b2a4a17-1c88-4755-bd86-40eab56b6562",
            "ticker": "KXHIGHAUS-24OCT29-B84.5",
            "count": 3,
            "created_time": "2024-10-29T14:45:22.786846Z",
            "yes_price": 14,
            "no_price": 86,
            "taker_side": "yes"
        },
        {
            "trade_id": "f33ea629-9c72-401a-b053-ccc79d02ac35",
            "ticker": "KXHIGHAUS-24OCT29-B84.5",
            "count": 20,
            "created_time": "2024-10-29T14:33:52.364228Z",
            "yes_price": 13,
            "no_price": 87,
            "taker_side": "yes"
        },
        {
            "trade_id": "deb93f13-a2f3-4d7a-8e4e-c3f4d4a14233",
            "ticker": "KXHIGHAUS-24OCT29-B84.5",
            "count": 9,
            "created_time": "2024-10-29T14:33:52.364228Z",
            "yes_price": 15,
            "no_price": 85,
            "taker_side": "yes"
        },
        {
            "trade_id": "27f51813-b55a-47ca-bd47-f85f503175e5",
            "ticker": "KXHIGHAUS-24OCT29-B84.5",
            "count": 6,
            "created_time": "2024-10-29T14:33:52.364228Z",
            "yes_price": 12,
            "no_price": 88,
            "taker_side": "yes"
        },
        {
            "trade_id": "f7807ca6-bc0b-4149-8552-fd68ad407785",
            "ticker": "KXHIGHAUS-24OCT29-B84.5",
            "count": 10,
            "created_time": "2024-10-29T14:10:04.005496Z",
            "yes_price": 6,
            "no_price": 94,
            "taker_side": "no"
        },
        {
            "trade_id": "e4d30044-7ddc-4dd8-8b59-36c0dd318555",
            "ticker": "KXHIGHAUS-24OCT29-B84.5",
            "count": 90,
            "created_time": "2024-10-29T14:10:04.005496Z",
            "yes_price": 5,
            "no_price": 95,
            "taker_side": "no"
        },
        {
            "trade_id": "6b104138-1a02-4ff8-b842-cd92023d8c5e",
            "ticker": "KXHIGHAUS-24OCT29-B84.5",
            "count": 11,
            "created_time": "2024-10-29T14:06:17.647137Z",
            "yes_price": 8,
            "no_price": 92,
            "taker_side": "no"
        },
        {
            "trade_id": "508f8199-c75f-428b-947e-e6e2ab132c10",
            "ticker": "KXHIGHAUS-24OCT29-B84.5",
            "count": 7,
            "created_time": "2024-10-29T14:06:17.647137Z",
            "yes_price": 7,
            "no_price": 93,
            "taker_side": "no"
        },
        {
            "trade_id": "99035ba7-f0f7-44d1-a6ca-1f47bb7bb54a",
            "ticker": "KXHIGHAUS-24OCT29-B84.5",
            "count": 18,
            "created_time": "2024-10-29T14:04:17.822011Z",
            "yes_price": 22,
            "no_price": 78,
            "taker_side": "yes"
        },
        {
            "trade_id": "925a7d27-ec7d-4977-ba7b-6d501a08139e",
            "ticker": "KXHIGHAUS-24OCT29-B84.5",
            "count": 10,
            "created_time": "2024-10-29T13:49:23.764867Z",
            "yes_price": 25,
            "no_price": 75,
            "taker_side": "yes"
        },
        {
            "trade_id": "0f7b9a85-3293-4009-8e71-82fca1b3519c",
            "ticker": "KXHIGHAUS-24OCT29-B84.5",
            "count": 24,
            "created_time": "2024-10-29T13:49:23.764867Z",
            "yes_price": 26,
            "no_price": 74,
            "taker_side": "yes"
        },
        {
            "trade_id": "0226890b-85ec-4ff8-86b9-55245ea4bb6d",
            "ticker": "KXHIGHAUS-24OCT29-B84.5",
            "count": 11,
            "created_time": "2024-10-29T13:49:23.764867Z",
            "yes_price": 24,
            "no_price": 76,
            "taker_side": "yes"
        },
        {
            "trade_id": "d2436763-f14f-4573-8586-baad7c819623",
            "ticker": "KXHIGHAUS-24OCT29-B84.5",
            "count": 14,
            "created_time": "2024-10-29T13:47:27.96847Z",
            "yes_price": 25,
            "no_price": 75,
            "taker_side": "yes"
        },
        {
            "trade_id": "23a814ef-32c8-4bf4-b23f-8d6c187ed1d1",
            "ticker": "KXHIGHAUS-24OCT29-B84.5",
            "count": 86,
            "created_time": "2024-10-29T13:47:27.96847Z",
            "yes_price": 26,
            "no_price": 74,
            "taker_side": "yes"
        },
        {
            "trade_id": "bf4fc53b-7a1a-4e4e-bef6-91582a080edf",
            "ticker": "KXHIGHAUS-24OCT29-B84.5",
            "count": 1,
            "created_time": "2024-10-29T13:32:10.82767Z",
            "yes_price": 14,
            "no_price": 86,
            "taker_side": "yes"
        },
        {
            "trade_id": "b4725544-5ad2-4119-98e8-9f8bf7278f4e",
            "ticker": "KXHIGHAUS-24OCT29-B84.5",
            "count": 16,
            "created_time": "2024-10-29T13:32:10.82767Z",
            "yes_price": 27,
            "no_price": 73,
            "taker_side": "yes"
        },
        {
            "trade_id": "a732c8e1-f105-40a1-b6b8-88f4c4f31902",
            "ticker": "KXHIGHAUS-24OCT29-B84.5",
            "count": 7,
            "created_time": "2024-10-29T13:32:10.82767Z",
            "yes_price": 26,
            "no_price": 74,
            "taker_side": "yes"
        },
        {
            "trade_id": "1ce999a0-40fc-4042-be8d-94d8ac6165f5",
            "ticker": "KXHIGHAUS-24OCT29-B84.5",
            "count": 9,
            "created_time": "2024-10-29T13:32:10.82767Z",
            "yes_price": 9,
            "no_price": 91,
            "taker_side": "yes"
        },
        {
            "trade_id": "13513393-afca-4b39-929c-d80029f2f582",
            "ticker": "KXHIGHAUS-24OCT29-B84.5",
            "count": 21,
            "created_time": "2024-10-29T13:32:10.82767Z",
            "yes_price": 10,
            "no_price": 90,
            "taker_side": "yes"
        },
        {
            "trade_id": "fd92c0d6-d24c-4d27-9ad6-c2620d325252",
            "ticker": "KXHIGHAUS-24OCT29-B84.5",
            "count": 8,
            "created_time": "2024-10-29T13:26:24.383306Z",
            "yes_price": 5,
            "no_price": 95,
            "taker_side": "no"
        },
        {
            "trade_id": "ce6b9fee-2fe1-41de-9447-7d6e414717ad",
            "ticker": "KXHIGHAUS-24OCT29-B84.5",
            "count": 29,
            "created_time": "2024-10-29T13:17:48.819641Z",
            "yes_price": 10,
            "no_price": 90,
            "taker_side": "no"
        },
        {
            "trade_id": "feff90b6-ce52-43c8-9854-70309aa8986f",
            "ticker": "KXHIGHAUS-24OCT29-B84.5",
            "count": 1,
            "created_time": "2024-10-29T13:17:30.317366Z",
            "yes_price": 10,
            "no_price": 90,
            "taker_side": "no"
        },
        {
            "trade_id": "0bbb9937-d8cc-4bfb-8325-3e74ae28ae9d",
            "ticker": "KXHIGHAUS-24OCT29-B84.5",
            "count": 14,
            "created_time": "2024-10-29T13:17:20.044357Z",
            "yes_price": 14,
            "no_price": 86,
            "taker_side": "no"
        },
        {
            "trade_id": "34c3ac5e-bfc1-4127-8985-f6eda5fd88e6",
            "ticker": "KXHIGHAUS-24OCT29-B84.5",
            "count": 2,
            "created_time": "2024-10-29T13:00:41.453693Z",
            "yes_price": 27,
            "no_price": 73,
            "taker_side": "yes"
        },
        {
            "trade_id": "131b7d6b-9995-4753-a4e4-33964b1273ae",
            "ticker": "KXHIGHAUS-24OCT29-B84.5",
            "count": 1,
            "created_time": "2024-10-29T13:00:41.453693Z",
            "yes_price": 26,
            "no_price": 74,
            "taker_side": "yes"
        },
        {
            "trade_id": "c8564ba4-38cf-4632-bd45-f9e865029017",
            "ticker": "KXHIGHAUS-24OCT29-B84.5",
            "count": 125,
            "created_time": "2024-10-29T12:27:15.878608Z",
            "yes_price": 30,
            "no_price": 70,
            "taker_side": "yes"
        },
        {
            "trade_id": "b3d4654f-7e3c-4273-b5cd-0fd7cd973cd0",
            "ticker": "KXHIGHAUS-24OCT29-B84.5",
            "count": 30,
            "created_time": "2024-10-29T12:27:15.878608Z",
            "yes_price": 33,
            "no_price": 67,
            "taker_side": "yes"
        },
        {
            "trade_id": "3af5f80d-9bb9-4644-a0d4-e41d2cca1b7f",
            "ticker": "KXHIGHAUS-24OCT29-B84.5",
            "count": 6,
            "created_time": "2024-10-29T12:24:37.387132Z",
            "yes_price": 16,
            "no_price": 84,
            "taker_side": "no"
        },
        {
            "trade_id": "125b269a-dfe1-4c45-b156-140bbf91651f",
            "ticker": "KXHIGHAUS-24OCT29-B84.5",
            "count": 4,
            "created_time": "2024-10-29T12:23:00.496491Z",
            "yes_price": 16,
            "no_price": 84,
            "taker_side": "no"
        },
        {
            "trade_id": "471f3b34-e9e8-4e38-b9bf-809b6699caf6",
            "ticker": "KXHIGHAUS-24OCT29-B84.5",
            "count": 22,
            "created_time": "2024-10-29T12:22:56.563925Z",
            "yes_price": 16,
            "no_price": 84,
            "taker_side": "no"
        },
        {
            "trade_id": "12f3e6e4-ce37-4963-926e-bcc7e03e9ed8",
            "ticker": "KXHIGHAUS-24OCT29-B84.5",
            "count": 1,
            "created_time": "2024-10-29T12:22:56.563925Z",
            "yes_price": 17,
            "no_price": 83,
            "taker_side": "no"
        },
        {
            "trade_id": "c0ecb021-7971-4826-8b8e-d2f2d59a277d",
            "ticker": "KXHIGHAUS-24OCT29-B84.5",
            "count": 9,
            "created_time": "2024-10-29T12:19:01.11379Z",
            "yes_price": 25,
            "no_price": 75,
            "taker_side": "yes"
        },
        {
            "trade_id": "33ed8c75-b494-43cb-84d8-244dec3ca110",
            "ticker": "KXHIGHAUS-24OCT29-B84.5",
            "count": 1,
            "created_time": "2024-10-29T12:13:58.773988Z",
            "yes_price": 29,
            "no_price": 71,
            "taker_side": "yes"
        },
        {
            "trade_id": "223b8ed8-e1bc-4f5a-b80b-4b30b2544b9e",
            "ticker": "KXHIGHAUS-24OCT29-B84.5",
            "count": 12,
            "created_time": "2024-10-29T12:13:58.773988Z",
            "yes_price": 35,
            "no_price": 65,
            "taker_side": "yes"
        },
        {
            "trade_id": "e996d3b4-5a71-492d-afab-20a33e9eac2c",
            "ticker": "KXHIGHAUS-24OCT29-B84.5",
            "count": 15,
            "created_time": "2024-10-29T12:13:07.400056Z",
            "yes_price": 30,
            "no_price": 70,
            "taker_side": "yes"
        },
        {
            "trade_id": "cfa4ae30-8cbc-4123-867e-73bf0c21d4c8",
            "ticker": "KXHIGHAUS-24OCT29-B84.5",
            "count": 9,
            "created_time": "2024-10-29T12:08:53.637536Z",
            "yes_price": 29,
            "no_price": 71,
            "taker_side": "yes"
        },
        {
            "trade_id": "a2ab23bc-ac5e-4412-b2d8-b2eed3e382f6",
            "ticker": "KXHIGHAUS-24OCT29-B84.5",
            "count": 21,
            "created_time": "2024-10-29T12:08:53.637536Z",
            "yes_price": 30,
            "no_price": 70,
            "taker_side": "yes"
        },
        {
            "trade_id": "80c76ba2-a558-4f21-a370-80614946b8b2",
            "ticker": "KXHIGHAUS-24OCT29-B84.5",
            "count": 5,
            "created_time": "2024-10-29T12:05:15.195938Z",
            "yes_price": 22,
            "no_price": 78,
            "taker_side": "no"
        },
        {
            "trade_id": "33d32fbb-9972-4a9b-8bd5-aa2d3931f321",
            "ticker": "KXHIGHAUS-24OCT29-B84.5",
            "count": 35,
            "created_time": "2024-10-29T12:05:15.195938Z",
            "yes_price": 24,
            "no_price": 76,
            "taker_side": "no"
        },
        {
            "trade_id": "14032961-75e7-44ef-9279-761c7e2784d9",
            "ticker": "KXHIGHAUS-24OCT29-B84.5",
            "count": 100,
            "created_time": "2024-10-29T12:05:15.195938Z",
            "yes_price": 23,
            "no_price": 77,
            "taker_side": "no"
        },
        {
            "trade_id": "89c5f360-b3a8-4fc6-b863-9b57df837dcf",
            "ticker": "KXHIGHAUS-24OCT29-B84.5",
            "count": 2,
            "created_time": "2024-10-29T06:26:35.484431Z",
            "yes_price": 33,
            "no_price": 67,
            "taker_side": "no"
        },
        {
            "trade_id": "6d11ff32-5452-4134-90cf-7d4bc265abdf",
            "ticker": "KXHIGHAUS-24OCT29-B84.5",
            "count": 5,
            "created_time": "2024-10-29T06:26:29.420705Z",
            "yes_price": 33,
            "no_price": 67,
            "taker_side": "no"
        },
        {
            "trade_id": "d5e225fb-d562-4ba5-9d66-e0b83f423edb",
            "ticker": "KXHIGHAUS-24OCT29-B84.5",
            "count": 4,
            "created_time": "2024-10-29T06:13:03.680792Z",
            "yes_price": 32,
            "no_price": 68,
            "taker_side": "no"
        },
        {
            "trade_id": "850aa943-7606-49c4-af7a-b3d6847c53be",
            "ticker": "KXHIGHAUS-24OCT29-B84.5",
            "count": 1,
            "created_time": "2024-10-29T06:12:24.278905Z",
            "yes_price": 32,
            "no_price": 68,
            "taker_side": "no"
        },
        {
            "trade_id": "a357a9c0-cada-4538-8693-9382300ab07f",
            "ticker": "KXHIGHAUS-24OCT29-B84.5",
            "count": 5,
            "created_time": "2024-10-29T05:57:19.464345Z",
            "yes_price": 31,
            "no_price": 69,
            "taker_side": "no"
        },
        {
            "trade_id": "a418f3f1-17bc-4e1b-94f9-f03a4652a9f5",
            "ticker": "KXHIGHAUS-24OCT29-B84.5",
            "count": 14,
            "created_time": "2024-10-29T05:56:28.197237Z",
            "yes_price": 30,
            "no_price": 70,
            "taker_side": "yes"
        },
        {
            "trade_id": "6a22b999-78f0-4a82-b58a-058151caac88",
            "ticker": "KXHIGHAUS-24OCT29-B84.5",
            "count": 200,
            "created_time": "2024-10-29T05:16:22.390168Z",
            "yes_price": 22,
            "no_price": 78,
            "taker_side": "yes"
        },
        {
            "trade_id": "9df1e66a-9285-46c2-b533-6147b8799f4e",
            "ticker": "KXHIGHAUS-24OCT29-B84.5",
            "count": 6,
            "created_time": "2024-10-29T04:59:57.629169Z",
            "yes_price": 23,
            "no_price": 77,
            "taker_side": "yes"
        },
        {
            "trade_id": "8f7a019f-ae78-4f32-9eb4-c0e6e9464f77",
            "ticker": "KXHIGHAUS-24OCT29-B84.5",
            "count": 92,
            "created_time": "2024-10-29T04:59:57.629169Z",
            "yes_price": 22,
            "no_price": 78,
            "taker_side": "yes"
        },
        {
            "trade_id": "82555127-aa4f-43d4-9cd9-c2bf04ae2a8b",
            "ticker": "KXHIGHAUS-24OCT29-B84.5",
            "count": 100,
            "created_time": "2024-10-29T04:59:57.629169Z",
            "yes_price": 23,
            "no_price": 77,
            "taker_side": "yes"
        },
        {
            "trade_id": "35d0363d-39fa-4824-b4b5-2857a9976908",
            "ticker": "KXHIGHAUS-24OCT29-B84.5",
            "count": 100,
            "created_time": "2024-10-29T04:59:57.629169Z",
            "yes_price": 24,
            "no_price": 76,
            "taker_side": "yes"
        },
        {
            "trade_id": "13ffc371-5b8f-4081-9273-1279da1658ac",
            "ticker": "KXHIGHAUS-24OCT29-B84.5",
            "count": 8,
            "created_time": "2024-10-29T04:59:57.629169Z",
            "yes_price": 22,
            "no_price": 78,
            "taker_side": "yes"
        },
        {
            "trade_id": "068fddb9-281e-4074-ae3f-b806f0699b04",
            "ticker": "KXHIGHAUS-24OCT29-B84.5",
            "count": 100,
            "created_time": "2024-10-29T04:59:57.629169Z",
            "yes_price": 22,
            "no_price": 78,
            "taker_side": "yes"
        },
        {
            "trade_id": "75ea9eb0-760a-4ac7-8e97-c89b560f0f56",
            "ticker": "KXHIGHAUS-24OCT29-B84.5",
            "count": 8,
            "created_time": "2024-10-29T04:40:10.733368Z",
            "yes_price": 22,
            "no_price": 78,
            "taker_side": "yes"
        },
        {
            "trade_id": "c7c1ce8f-8f1a-4930-8abb-8328b7df5b7d",
            "ticker": "KXHIGHAUS-24OCT29-B84.5",
            "count": 9,
            "created_time": "2024-10-29T01:31:23.924481Z",
            "yes_price": 21,
            "no_price": 79,
            "taker_side": "yes"
        },
        {
            "trade_id": "24540da3-0a12-4a00-a9da-3d947f6d8f41",
            "ticker": "KXHIGHAUS-24OCT29-B84.5",
            "count": 2,
            "created_time": "2024-10-28T23:44:34.076841Z",
            "yes_price": 19,
            "no_price": 81,
            "taker_side": "yes"
        },
        {
            "trade_id": "d7e8992f-26e0-4d04-b606-db4ac0cc3271",
            "ticker": "KXHIGHAUS-24OCT29-B84.5",
            "count": 55,
            "created_time": "2024-10-28T23:41:01.76315Z",
            "yes_price": 20,
            "no_price": 80,
            "taker_side": "yes"
        },
        {
            "trade_id": "42a09ca5-758a-47c3-8ee0-a8965c706876",
            "ticker": "KXHIGHAUS-24OCT29-B84.5",
            "count": 100,
            "created_time": "2024-10-28T23:37:26.85351Z",
            "yes_price": 20,
            "no_price": 80,
            "taker_side": "yes"
        },
        {
            "trade_id": "8a6b4643-7164-4413-9ae7-ab373b7881e1",
            "ticker": "KXHIGHAUS-24OCT29-B84.5",
            "count": 7,
            "created_time": "2024-10-28T23:33:50.268427Z",
            "yes_price": 20,
            "no_price": 80,
            "taker_side": "yes"
        },
        {
            "trade_id": "7b5a6597-59a6-48c0-8f1c-d5da07e05d02",
            "ticker": "KXHIGHAUS-24OCT29-B84.5",
            "count": 93,
            "created_time": "2024-10-28T23:33:50.268427Z",
            "yes_price": 21,
            "no_price": 79,
            "taker_side": "yes"
        },
        {
            "trade_id": "c9012d12-eb5a-41d8-8574-934eb02ee7be",
            "ticker": "KXHIGHAUS-24OCT29-B84.5",
            "count": 180,
            "created_time": "2024-10-28T23:08:44.845574Z",
            "yes_price": 20,
            "no_price": 80,
            "taker_side": "yes"
        },
        {
            "trade_id": "88c8e96b-c069-406e-a385-9c84e9ec1978",
            "ticker": "KXHIGHAUS-24OCT29-B84.5",
            "count": 20,
            "created_time": "2024-10-28T23:08:44.845574Z",
            "yes_price": 19,
            "no_price": 81,
            "taker_side": "yes"
        },
        {
            "trade_id": "ce820edd-93ef-47ce-a9e3-e434550c8e54",
            "ticker": "KXHIGHAUS-24OCT29-B84.5",
            "count": 80,
            "created_time": "2024-10-28T23:08:44.820251Z",
            "yes_price": 19,
            "no_price": 81,
            "taker_side": "yes"
        },
        {
            "trade_id": "a1b9bf29-702c-4b8c-a230-367e7b89ceca",
            "ticker": "KXHIGHAUS-24OCT29-B84.5",
            "count": 20,
            "created_time": "2024-10-28T23:08:44.820251Z",
            "yes_price": 18,
            "no_price": 82,
            "taker_side": "yes"
        },
        {
            "trade_id": "eea8cd87-87d8-41e0-9956-e8510010a5e1",
            "ticker": "KXHIGHAUS-24OCT29-B84.5",
            "count": 75,
            "created_time": "2024-10-28T23:08:44.793127Z",
            "yes_price": 18,
            "no_price": 82,
            "taker_side": "yes"
        },
        {
            "trade_id": "0ded38f9-ce55-4d77-9aa5-76f912ba6644",
            "ticker": "KXHIGHAUS-24OCT29-B84.5",
            "count": 5,
            "created_time": "2024-10-28T23:08:38.656019Z",
            "yes_price": 18,
            "no_price": 82,
            "taker_side": "no"
        },
        {
            "trade_id": "68175926-dccb-41b5-8e18-3cce5e4e47ac",
            "ticker": "KXHIGHAUS-24OCT29-B84.5",
            "count": 15,
            "created_time": "2024-10-28T23:00:01.568291Z",
            "yes_price": 17,
            "no_price": 83,
            "taker_side": "no"
        },
        {
            "trade_id": "40c21482-06f5-4d20-9c2a-7593fc1a0b9f",
            "ticker": "KXHIGHAUS-24OCT29-B84.5",
            "count": 5,
            "created_time": "2024-10-28T22:58:22.604525Z",
            "yes_price": 24,
            "no_price": 76,
            "taker_side": "yes"
        },
        {
            "trade_id": "537503eb-c144-414a-85fa-b9d0c5a3381d",
            "ticker": "KXHIGHAUS-24OCT29-B84.5",
            "count": 5,
            "created_time": "2024-10-28T22:58:10.825443Z",
            "yes_price": 17,
            "no_price": 83,
            "taker_side": "no"
        },
        {
            "trade_id": "227f1016-1dca-4223-9f53-f218c38be78e",
            "ticker": "KXHIGHAUS-24OCT29-B84.5",
            "count": 20,
            "created_time": "2024-10-28T20:56:33.570731Z",
            "yes_price": 28,
            "no_price": 72,
            "taker_side": "no"
        },
        {
            "trade_id": "235cd266-c1ed-4af6-8eef-714aef76ffa2",
            "ticker": "KXHIGHAUS-24OCT29-B84.5",
            "count": 12,
            "created_time": "2024-10-28T18:32:48.620143Z",
            "yes_price": 28,
            "no_price": 72,
            "taker_side": "no"
        },
        {
            "trade_id": "43c88f71-e726-4bfb-b5f3-c1275529e502",
            "ticker": "KXHIGHAUS-24OCT29-B84.5",
            "count": 15,
            "created_time": "2024-10-28T15:19:23.645809Z",
            "yes_price": 28,
            "no_price": 72,
            "taker_side": "yes"
        }
    ],
    "KXHIGHAUS-24OCT29-B86.5": [
        {
            "trade_id": "ea956005-19ee-4beb-9c97-e83d98f580c6",
            "ticker": "KXHIGHAUS-24OCT29-B86.5",
            "count": 374,
            "created_time": "2024-10-30T03:26:41.183195Z",
            "yes_price": 1,
            "no_price": 99,
            "taker_side": "yes"
        },
        {
            "trade_id": "c4c7c0c9-c522-421c-883e-4f5de5700d5e",
            "ticker": "KXHIGHAUS-24OCT29-B86.5",
            "count": 4675,
            "created_time": "2024-10-30T03:18:26.351599Z",
            "yes_price": 1,
            "no_price": 99,
            "taker_side": "yes"
        },
        {
            "trade_id": "96b98bce-83b9-420d-b189-f282f3500dd8",
            "ticker": "KXHIGHAUS-24OCT29-B86.5",
            "count": 187,
            "created_time": "2024-10-30T02:52:14.498609Z",
            "yes_price": 1,
            "no_price": 99,
            "taker_side": "yes"
        },
        {
            "trade_id": "edbf870a-a4f9-44fe-8108-fb6eccbd9b9d",
            "ticker": "KXHIGHAUS-24OCT29-B86.5",
            "count": 1215,
            "created_time": "2024-10-30T02:50:28.972983Z",
            "yes_price": 1,
            "no_price": 99,
            "taker_side": "yes"
        },
        {
            "trade_id": "f651cc3f-4418-44fd-9f81-40190074e27c",
            "ticker": "KXHIGHAUS-24OCT29-B86.5",
            "count": 935,
            "created_time": "2024-10-30T02:06:07.859505Z",
            "yes_price": 1,
            "no_price": 99,
            "taker_side": "yes"
        },
        {
            "trade_id": "b27a9784-ea3d-42b3-949f-d4f2fed8d724",
            "ticker": "KXHIGHAUS-24OCT29-B86.5",
            "count": 1,
            "created_time": "2024-10-30T01:50:33.014723Z",
            "yes_price": 1,
            "no_price": 99,
            "taker_side": "yes"
        },
        {
            "trade_id": "fa3fa2f6-d24c-4478-81f0-1cc00d1a21de",
            "ticker": "KXHIGHAUS-24OCT29-B86.5",
            "count": 3086,
            "created_time": "2024-10-29T22:05:07.049427Z",
            "yes_price": 1,
            "no_price": 99,
            "taker_side": "yes"
        },
        {
            "trade_id": "32e03b36-f5ff-4cfb-b199-4526b2781e2c",
            "ticker": "KXHIGHAUS-24OCT29-B86.5",
            "count": 935,
            "created_time": "2024-10-29T21:56:44.705982Z",
            "yes_price": 1,
            "no_price": 99,
            "taker_side": "yes"
        },
        {
            "trade_id": "174cd3c5-8fb7-4961-949a-851e78335e1d",
            "ticker": "KXHIGHAUS-24OCT29-B86.5",
            "count": 935,
            "created_time": "2024-10-29T21:06:32.457106Z",
            "yes_price": 1,
            "no_price": 99,
            "taker_side": "yes"
        },
        {
            "trade_id": "799442cc-d610-49fb-8aa9-30ba29cdfb94",
            "ticker": "KXHIGHAUS-24OCT29-B86.5",
            "count": 935,
            "created_time": "2024-10-29T21:06:32.455321Z",
            "yes_price": 1,
            "no_price": 99,
            "taker_side": "yes"
        },
        {
            "trade_id": "b23fd274-698d-4b3a-9eb5-4cd482fbe70b",
            "ticker": "KXHIGHAUS-24OCT29-B86.5",
            "count": 30,
            "created_time": "2024-10-29T19:52:41.875842Z",
            "yes_price": 9,
            "no_price": 91,
            "taker_side": "yes"
        },
        {
            "trade_id": "90616d19-5b4b-4e0d-a708-13fe3c4f3fb3",
            "ticker": "KXHIGHAUS-24OCT29-B86.5",
            "count": 1,
            "created_time": "2024-10-29T19:52:41.875842Z",
            "yes_price": 1,
            "no_price": 99,
            "taker_side": "yes"
        },
        {
            "trade_id": "788e0a10-e87a-427a-988b-06a726ca19f3",
            "ticker": "KXHIGHAUS-24OCT29-B86.5",
            "count": 51,
            "created_time": "2024-10-29T19:52:41.875842Z",
            "yes_price": 2,
            "no_price": 98,
            "taker_side": "yes"
        },
        {
            "trade_id": "6ade83b4-a485-4851-ab1a-2f382f8753fb",
            "ticker": "KXHIGHAUS-24OCT29-B86.5",
            "count": 307,
            "created_time": "2024-10-29T19:48:13.006316Z",
            "yes_price": 1,
            "no_price": 99,
            "taker_side": "yes"
        },
        {
            "trade_id": "10ac1073-7543-4d95-bccd-edc98f560a40",
            "ticker": "KXHIGHAUS-24OCT29-B86.5",
            "count": 2337,
            "created_time": "2024-10-29T19:32:44.389892Z",
            "yes_price": 1,
            "no_price": 99,
            "taker_side": "yes"
        },
        {
            "trade_id": "843874e6-2d03-4ad6-9241-01d64036fd38",
            "ticker": "KXHIGHAUS-24OCT29-B86.5",
            "count": 1,
            "created_time": "2024-10-29T19:30:11.358651Z",
            "yes_price": 1,
            "no_price": 99,
            "taker_side": "yes"
        },
        {
            "trade_id": "d4c867a6-f289-4ac1-93f4-6430aa3d5fee",
            "ticker": "KXHIGHAUS-24OCT29-B86.5",
            "count": 36,
            "created_time": "2024-10-29T19:29:47.246841Z",
            "yes_price": 1,
            "no_price": 99,
            "taker_side": "yes"
        },
        {
            "trade_id": "8c76fde3-ec8a-4444-bf01-58e0009a044d",
            "ticker": "KXHIGHAUS-24OCT29-B86.5",
            "count": 29,
            "created_time": "2024-10-29T19:29:46.55053Z",
            "yes_price": 1,
            "no_price": 99,
            "taker_side": "yes"
        },
        {
            "trade_id": "1f6f9574-21ce-4daf-9bfc-ecf0e82b86e9",
            "ticker": "KXHIGHAUS-24OCT29-B86.5",
            "count": 36,
            "created_time": "2024-10-29T19:29:46.242431Z",
            "yes_price": 1,
            "no_price": 99,
            "taker_side": "yes"
        },
        {
            "trade_id": "906a692e-2613-4280-ae82-4e40861c22d2",
            "ticker": "KXHIGHAUS-24OCT29-B86.5",
            "count": 101,
            "created_time": "2024-10-29T19:21:17.194695Z",
            "yes_price": 1,
            "no_price": 99,
            "taker_side": "yes"
        },
        {
            "trade_id": "8b26a90d-b841-4328-92b2-0422afc6c1a6",
            "ticker": "KXHIGHAUS-24OCT29-B86.5",
            "count": 3,
            "created_time": "2024-10-29T19:21:17.194695Z",
            "yes_price": 1,
            "no_price": 99,
            "taker_side": "yes"
        },
        {
            "trade_id": "822ebbaf-2f6c-4c97-b45a-97144ae849c2",
            "ticker": "KXHIGHAUS-24OCT29-B86.5",
            "count": 3,
            "created_time": "2024-10-29T19:21:17.194695Z",
            "yes_price": 1,
            "no_price": 99,
            "taker_side": "yes"
        },
        {
            "trade_id": "620cd4f7-4fcc-4361-ac60-ea207acc23a4",
            "ticker": "KXHIGHAUS-24OCT29-B86.5",
            "count": 101,
            "created_time": "2024-10-29T19:21:17.194695Z",
            "yes_price": 1,
            "no_price": 99,
            "taker_side": "yes"
        },
        {
            "trade_id": "5a4679f0-803e-4d73-bf0d-c33529f176ab",
            "ticker": "KXHIGHAUS-24OCT29-B86.5",
            "count": 515,
            "created_time": "2024-10-29T19:21:17.194695Z",
            "yes_price": 1,
            "no_price": 99,
            "taker_side": "yes"
        },
        {
            "trade_id": "5a371d8b-7e08-4d05-b4d3-66161d5e0e6e",
            "ticker": "KXHIGHAUS-24OCT29-B86.5",
            "count": 101,
            "created_time": "2024-10-29T19:21:17.194695Z",
            "yes_price": 1,
            "no_price": 99,
            "taker_side": "yes"
        },
        {
            "trade_id": "4625ca31-e238-4766-b248-ef34e7c27265",
            "ticker": "KXHIGHAUS-24OCT29-B86.5",
            "count": 101,
            "created_time": "2024-10-29T19:21:17.194695Z",
            "yes_price": 1,
            "no_price": 99,
            "taker_side": "yes"
        },
        {
            "trade_id": "2593dad8-0363-4d97-9cf3-6f0186037252",
            "ticker": "KXHIGHAUS-24OCT29-B86.5",
            "count": 3,
            "created_time": "2024-10-29T19:21:17.194695Z",
            "yes_price": 1,
            "no_price": 99,
            "taker_side": "yes"
        },
        {
            "trade_id": "0fcea967-77fd-4a98-a6b5-18bd3dba8204",
            "ticker": "KXHIGHAUS-24OCT29-B86.5",
            "count": 3,
            "created_time": "2024-10-29T19:21:17.194695Z",
            "yes_price": 1,
            "no_price": 99,
            "taker_side": "yes"
        },
        {
            "trade_id": "82a14c32-0e3a-4129-af63-d48dc886aee3",
            "ticker": "KXHIGHAUS-24OCT29-B86.5",
            "count": 100,
            "created_time": "2024-10-29T19:13:27.564192Z",
            "yes_price": 1,
            "no_price": 99,
            "taker_side": "no"
        },
        {
            "trade_id": "2f1f2bf6-b71b-42d7-8132-18cdd98de25f",
            "ticker": "KXHIGHAUS-24OCT29-B86.5",
            "count": 10,
            "created_time": "2024-10-29T19:13:27.564192Z",
            "yes_price": 1,
            "no_price": 99,
            "taker_side": "no"
        },
        {
            "trade_id": "de158c56-e471-465d-8111-a0ef1f92f161",
            "ticker": "KXHIGHAUS-24OCT29-B86.5",
            "count": 3,
            "created_time": "2024-10-29T19:08:47.715386Z",
            "yes_price": 2,
            "no_price": 98,
            "taker_side": "no"
        },
        {
            "trade_id": "9c44df2c-e4dc-4583-8834-b9c019e91446",
            "ticker": "KXHIGHAUS-24OCT29-B86.5",
            "count": 94,
            "created_time": "2024-10-29T19:01:54.268139Z",
            "yes_price": 3,
            "no_price": 97,
            "taker_side": "no"
        },
        {
            "trade_id": "c82dbff4-1cbc-4a2b-9659-4dcf83d804cc",
            "ticker": "KXHIGHAUS-24OCT29-B86.5",
            "count": 4,
            "created_time": "2024-10-29T18:49:41.633051Z",
            "yes_price": 5,
            "no_price": 95,
            "taker_side": "no"
        },
        {
            "trade_id": "96b182e6-db2f-4687-95da-761922812488",
            "ticker": "KXHIGHAUS-24OCT29-B86.5",
            "count": 20,
            "created_time": "2024-10-29T18:49:41.633051Z",
            "yes_price": 3,
            "no_price": 97,
            "taker_side": "no"
        },
        {
            "trade_id": "20ebb4e1-c46d-48d1-9520-22c3fc031153",
            "ticker": "KXHIGHAUS-24OCT29-B86.5",
            "count": 156,
            "created_time": "2024-10-29T18:49:41.633051Z",
            "yes_price": 2,
            "no_price": 98,
            "taker_side": "no"
        },
        {
            "trade_id": "f3338410-48b4-4435-a729-d071d17c7bbf",
            "ticker": "KXHIGHAUS-24OCT29-B86.5",
            "count": 2,
            "created_time": "2024-10-29T18:49:35.438096Z",
            "yes_price": 5,
            "no_price": 95,
            "taker_side": "no"
        },
        {
            "trade_id": "3c3493ce-a839-440f-9311-34c6be601530",
            "ticker": "KXHIGHAUS-24OCT29-B86.5",
            "count": 5,
            "created_time": "2024-10-29T18:41:59.708708Z",
            "yes_price": 5,
            "no_price": 95,
            "taker_side": "no"
        },
        {
            "trade_id": "25c96f18-facf-4800-9fc3-afd44097cc09",
            "ticker": "KXHIGHAUS-24OCT29-B86.5",
            "count": 12,
            "created_time": "2024-10-29T18:41:59.708708Z",
            "yes_price": 6,
            "no_price": 94,
            "taker_side": "no"
        },
        {
            "trade_id": "dc3fb99f-8ab1-4094-a9f3-3953b93ec5cb",
            "ticker": "KXHIGHAUS-24OCT29-B86.5",
            "count": 7,
            "created_time": "2024-10-29T18:41:01.860139Z",
            "yes_price": 18,
            "no_price": 82,
            "taker_side": "yes"
        },
        {
            "trade_id": "cd673ac9-faf8-4456-a013-bf2c394b4228",
            "ticker": "KXHIGHAUS-24OCT29-B86.5",
            "count": 30,
            "created_time": "2024-10-29T18:41:01.860139Z",
            "yes_price": 17,
            "no_price": 83,
            "taker_side": "yes"
        },
        {
            "trade_id": "a3e8f6e8-fa18-488d-addd-688a0e9496b3",
            "ticker": "KXHIGHAUS-24OCT29-B86.5",
            "count": 63,
            "created_time": "2024-10-29T18:41:01.860139Z",
            "yes_price": 22,
            "no_price": 78,
            "taker_side": "yes"
        },
        {
            "trade_id": "99e7ec66-930e-4300-bc77-a8f25f9de28e",
            "ticker": "KXHIGHAUS-24OCT29-B86.5",
            "count": 45,
            "created_time": "2024-10-29T18:33:30.074431Z",
            "yes_price": 21,
            "no_price": 79,
            "taker_side": "yes"
        },
        {
            "trade_id": "877ffd70-e701-4a71-885b-3041d0ce5b83",
            "ticker": "KXHIGHAUS-24OCT29-B86.5",
            "count": 19,
            "created_time": "2024-10-29T18:30:00.864238Z",
            "yes_price": 25,
            "no_price": 75,
            "taker_side": "yes"
        },
        {
            "trade_id": "3637f709-110c-4086-9ebd-69aa50c2bd92",
            "ticker": "KXHIGHAUS-24OCT29-B86.5",
            "count": 19,
            "created_time": "2024-10-29T18:27:39.407204Z",
            "yes_price": 25,
            "no_price": 75,
            "taker_side": "yes"
        },
        {
            "trade_id": "e4925291-d3c2-48e5-a1e0-ead4d7528760",
            "ticker": "KXHIGHAUS-24OCT29-B86.5",
            "count": 19,
            "created_time": "2024-10-29T18:27:21.796046Z",
            "yes_price": 25,
            "no_price": 75,
            "taker_side": "yes"
        },
        {
            "trade_id": "9bda35f2-7cec-4c41-a544-f234505139b2",
            "ticker": "KXHIGHAUS-24OCT29-B86.5",
            "count": 31,
            "created_time": "2024-10-29T18:27:10.441092Z",
            "yes_price": 3,
            "no_price": 97,
            "taker_side": "no"
        },
        {
            "trade_id": "30a97b4b-cc34-4bc0-8d73-b9b0cb3dfb87",
            "ticker": "KXHIGHAUS-24OCT29-B86.5",
            "count": 41,
            "created_time": "2024-10-29T18:23:18.877473Z",
            "yes_price": 19,
            "no_price": 81,
            "taker_side": "yes"
        },
        {
            "trade_id": "058516cd-784e-4e54-be0d-c1be9a8fb148",
            "ticker": "KXHIGHAUS-24OCT29-B86.5",
            "count": 55,
            "created_time": "2024-10-29T18:23:18.877473Z",
            "yes_price": 20,
            "no_price": 80,
            "taker_side": "yes"
        },
        {
            "trade_id": "db97ec4f-d82c-4625-91b6-1ca281f7a874",
            "ticker": "KXHIGHAUS-24OCT29-B86.5",
            "count": 12,
            "created_time": "2024-10-29T18:23:04.96164Z",
            "yes_price": 3,
            "no_price": 97,
            "taker_side": "no"
        },
        {
            "trade_id": "a70501ca-e0fd-4830-a2ac-23d317c94173",
            "ticker": "KXHIGHAUS-24OCT29-B86.5",
            "count": 47,
            "created_time": "2024-10-29T18:20:05.251288Z",
            "yes_price": 20,
            "no_price": 80,
            "taker_side": "yes"
        },
        {
            "trade_id": "b630ee29-e771-4bac-8eb3-91dcd1d87950",
            "ticker": "KXHIGHAUS-24OCT29-B86.5",
            "count": 5,
            "created_time": "2024-10-29T18:19:34.401388Z",
            "yes_price": 20,
            "no_price": 80,
            "taker_side": "yes"
        },
        {
            "trade_id": "09d2b41e-5c18-4b8e-8e76-76a348e7243f",
            "ticker": "KXHIGHAUS-24OCT29-B86.5",
            "count": 10,
            "created_time": "2024-10-29T18:18:20.957192Z",
            "yes_price": 19,
            "no_price": 81,
            "taker_side": "yes"
        },
        {
            "trade_id": "81f38f84-c7b7-4347-a0cf-5e7f723fffb2",
            "ticker": "KXHIGHAUS-24OCT29-B86.5",
            "count": 12,
            "created_time": "2024-10-29T18:17:03.319454Z",
            "yes_price": 10,
            "no_price": 90,
            "taker_side": "no"
        },
        {
            "trade_id": "90f5c7d2-4058-4232-ad23-3aab828c090b",
            "ticker": "KXHIGHAUS-24OCT29-B86.5",
            "count": 19,
            "created_time": "2024-10-29T18:13:58.309548Z",
            "yes_price": 19,
            "no_price": 81,
            "taker_side": "yes"
        },
        {
            "trade_id": "872cb906-cdc1-41f4-9566-8703f6b0feda",
            "ticker": "KXHIGHAUS-24OCT29-B86.5",
            "count": 5,
            "created_time": "2024-10-29T18:13:58.309548Z",
            "yes_price": 20,
            "no_price": 80,
            "taker_side": "yes"
        },
        {
            "trade_id": "a49a47eb-1563-4bdd-8174-f078748eadbd",
            "ticker": "KXHIGHAUS-24OCT29-B86.5",
            "count": 10,
            "created_time": "2024-10-29T18:12:14.737381Z",
            "yes_price": 9,
            "no_price": 91,
            "taker_side": "no"
        },
        {
            "trade_id": "8aa184c7-f2d0-4c61-9c9f-a872d3ec81aa",
            "ticker": "KXHIGHAUS-24OCT29-B86.5",
            "count": 8,
            "created_time": "2024-10-29T18:10:08.598362Z",
            "yes_price": 20,
            "no_price": 80,
            "taker_side": "yes"
        },
        {
            "trade_id": "b1e81a6d-128a-405e-ad62-f620f17dc9a3",
            "ticker": "KXHIGHAUS-24OCT29-B86.5",
            "count": 88,
            "created_time": "2024-10-29T18:09:41.501337Z",
            "yes_price": 6,
            "no_price": 94,
            "taker_side": "no"
        },
        {
            "trade_id": "39a312d1-89ac-468d-bf17-a69c0c774dbd",
            "ticker": "KXHIGHAUS-24OCT29-B86.5",
            "count": 15,
            "created_time": "2024-10-29T18:09:41.487149Z",
            "yes_price": 8,
            "no_price": 92,
            "taker_side": "no"
        },
        {
            "trade_id": "1607b818-3d54-4763-8122-88af75236b9a",
            "ticker": "KXHIGHAUS-24OCT29-B86.5",
            "count": 34,
            "created_time": "2024-10-29T18:09:41.4757Z",
            "yes_price": 9,
            "no_price": 91,
            "taker_side": "no"
        },
        {
            "trade_id": "c4292627-0aa6-4551-86b6-6654157f2976",
            "ticker": "KXHIGHAUS-24OCT29-B86.5",
            "count": 20,
            "created_time": "2024-10-29T18:08:54.81615Z",
            "yes_price": 7,
            "no_price": 93,
            "taker_side": "no"
        },
        {
            "trade_id": "8d92a411-b48a-42df-9a22-047115701561",
            "ticker": "KXHIGHAUS-24OCT29-B86.5",
            "count": 33,
            "created_time": "2024-10-29T18:08:34.874055Z",
            "yes_price": 11,
            "no_price": 89,
            "taker_side": "no"
        },
        {
            "trade_id": "2d21cd5e-8ad1-496f-9390-40ff69275785",
            "ticker": "KXHIGHAUS-24OCT29-B86.5",
            "count": 5,
            "created_time": "2024-10-29T18:08:22.357454Z",
            "yes_price": 38,
            "no_price": 62,
            "taker_side": "yes"
        },
        {
            "trade_id": "96152a2f-0b6f-47b5-a813-4af3df1b9a97",
            "ticker": "KXHIGHAUS-24OCT29-B86.5",
            "count": 6,
            "created_time": "2024-10-29T18:07:18.771615Z",
            "yes_price": 68,
            "no_price": 32,
            "taker_side": "yes"
        },
        {
            "trade_id": "74b1f84b-d095-4812-98ff-097d050622df",
            "ticker": "KXHIGHAUS-24OCT29-B86.5",
            "count": 5,
            "created_time": "2024-10-29T18:07:18.771615Z",
            "yes_price": 98,
            "no_price": 2,
            "taker_side": "yes"
        },
        {
            "trade_id": "735c4d68-02e5-4520-b54b-e0ca73f74743",
            "ticker": "KXHIGHAUS-24OCT29-B86.5",
            "count": 44,
            "created_time": "2024-10-29T18:07:18.771615Z",
            "yes_price": 20,
            "no_price": 80,
            "taker_side": "yes"
        },
        {
            "trade_id": "263740b9-6569-4e8b-b4b5-e2f9467f353f",
            "ticker": "KXHIGHAUS-24OCT29-B86.5",
            "count": 20,
            "created_time": "2024-10-29T18:07:18.771615Z",
            "yes_price": 30,
            "no_price": 70,
            "taker_side": "yes"
        },
        {
            "trade_id": "0bfb5a19-aaca-4776-b8e4-8419e982d244",
            "ticker": "KXHIGHAUS-24OCT29-B86.5",
            "count": 56,
            "created_time": "2024-10-29T18:01:53.694257Z",
            "yes_price": 20,
            "no_price": 80,
            "taker_side": "yes"
        },
        {
            "trade_id": "143994ab-96fd-4871-8a49-c5e23d4d931b",
            "ticker": "KXHIGHAUS-24OCT29-B86.5",
            "count": 20,
            "created_time": "2024-10-29T17:54:21.650069Z",
            "yes_price": 48,
            "no_price": 52,
            "taker_side": "yes"
        },
        {
            "trade_id": "5f6cb7fe-ddbf-415f-97ae-f6728d1665ed",
            "ticker": "KXHIGHAUS-24OCT29-B86.5",
            "count": 22,
            "created_time": "2024-10-29T17:25:00.418858Z",
            "yes_price": 36,
            "no_price": 64,
            "taker_side": "no"
        },
        {
            "trade_id": "4efb0308-f084-4ad3-b741-cf305547977d",
            "ticker": "KXHIGHAUS-24OCT29-B86.5",
            "count": 13,
            "created_time": "2024-10-29T17:25:00.418858Z",
            "yes_price": 34,
            "no_price": 66,
            "taker_side": "no"
        },
        {
            "trade_id": "80941535-d85f-47e4-b7e0-77e7f5c7966c",
            "ticker": "KXHIGHAUS-24OCT29-B86.5",
            "count": 5,
            "created_time": "2024-10-29T17:21:32.804122Z",
            "yes_price": 46,
            "no_price": 54,
            "taker_side": "no"
        },
        {
            "trade_id": "a0368528-e478-4f3f-87c8-7b213dc8a441",
            "ticker": "KXHIGHAUS-24OCT29-B86.5",
            "count": 5,
            "created_time": "2024-10-29T17:18:12.77037Z",
            "yes_price": 46,
            "no_price": 54,
            "taker_side": "no"
        },
        {
            "trade_id": "f24e2293-3550-4095-a411-3b152e9a29fa",
            "ticker": "KXHIGHAUS-24OCT29-B86.5",
            "count": 2,
            "created_time": "2024-10-29T17:17:58.312621Z",
            "yes_price": 50,
            "no_price": 50,
            "taker_side": "yes"
        },
        {
            "trade_id": "0d75f572-c86b-4f66-b310-25354d8d7b42",
            "ticker": "KXHIGHAUS-24OCT29-B86.5",
            "count": 3,
            "created_time": "2024-10-29T17:17:58.312621Z",
            "yes_price": 55,
            "no_price": 45,
            "taker_side": "yes"
        },
        {
            "trade_id": "6eb0d46b-8585-4250-a754-b5cb375a3e79",
            "ticker": "KXHIGHAUS-24OCT29-B86.5",
            "count": 3,
            "created_time": "2024-10-29T17:14:19.241625Z",
            "yes_price": 50,
            "no_price": 50,
            "taker_side": "yes"
        },
        {
            "trade_id": "7aceae47-21e7-4518-acf9-c9269340d364",
            "ticker": "KXHIGHAUS-24OCT29-B86.5",
            "count": 4,
            "created_time": "2024-10-29T16:56:52.076893Z",
            "yes_price": 50,
            "no_price": 50,
            "taker_side": "no"
        },
        {
            "trade_id": "9abb9018-f823-46f8-bd79-9702310283cc",
            "ticker": "KXHIGHAUS-24OCT29-B86.5",
            "count": 5,
            "created_time": "2024-10-29T16:56:51.966618Z",
            "yes_price": 50,
            "no_price": 50,
            "taker_side": "no"
        },
        {
            "trade_id": "6009c575-3136-46e7-9707-d584ba865fcd",
            "ticker": "KXHIGHAUS-24OCT29-B86.5",
            "count": 20,
            "created_time": "2024-10-29T16:52:35.401547Z",
            "yes_price": 47,
            "no_price": 53,
            "taker_side": "yes"
        },
        {
            "trade_id": "fa041da8-5e6d-4843-89b0-676ceb44df44",
            "ticker": "KXHIGHAUS-24OCT29-B86.5",
            "count": 1,
            "created_time": "2024-10-29T16:48:27.794804Z",
            "yes_price": 65,
            "no_price": 35,
            "taker_side": "yes"
        },
        {
            "trade_id": "f4e823fb-6706-4f80-a4af-d45ed5e21671",
            "ticker": "KXHIGHAUS-24OCT29-B86.5",
            "count": 20,
            "created_time": "2024-10-29T16:48:27.794804Z",
            "yes_price": 54,
            "no_price": 46,
            "taker_side": "yes"
        },
        {
            "trade_id": "f4842b81-721c-4f0b-834e-87d736bdcaab",
            "ticker": "KXHIGHAUS-24OCT29-B86.5",
            "count": 100,
            "created_time": "2024-10-29T16:48:27.794804Z",
            "yes_price": 53,
            "no_price": 47,
            "taker_side": "yes"
        },
        {
            "trade_id": "eee0ec8e-ac94-4e5b-9043-d2b2559ceb0c",
            "ticker": "KXHIGHAUS-24OCT29-B86.5",
            "count": 59,
            "created_time": "2024-10-29T16:48:27.794804Z",
            "yes_price": 64,
            "no_price": 36,
            "taker_side": "yes"
        },
        {
            "trade_id": "e49f2e9e-1dfb-416a-8680-64fc9353d1f0",
            "ticker": "KXHIGHAUS-24OCT29-B86.5",
            "count": 8,
            "created_time": "2024-10-29T16:48:27.794804Z",
            "yes_price": 65,
            "no_price": 35,
            "taker_side": "yes"
        },
        {
            "trade_id": "5eee7f4d-abea-48b2-9431-1c50e41fc1bc",
            "ticker": "KXHIGHAUS-24OCT29-B86.5",
            "count": 75,
            "created_time": "2024-10-29T16:48:27.794804Z",
            "yes_price": 81,
            "no_price": 19,
            "taker_side": "yes"
        },
        {
            "trade_id": "5e4bd13c-2348-4149-98a0-373c3e217076",
            "ticker": "KXHIGHAUS-24OCT29-B86.5",
            "count": 20,
            "created_time": "2024-10-29T16:48:27.794804Z",
            "yes_price": 46,
            "no_price": 54,
            "taker_side": "yes"
        },
        {
            "trade_id": "54bff26b-d169-420f-be5f-80e685bf2db3",
            "ticker": "KXHIGHAUS-24OCT29-B86.5",
            "count": 40,
            "created_time": "2024-10-29T16:48:27.794804Z",
            "yes_price": 80,
            "no_price": 20,
            "taker_side": "yes"
        },
        {
            "trade_id": "1cea3283-354e-4e2c-b389-b14b85f26cc1",
            "ticker": "KXHIGHAUS-24OCT29-B86.5",
            "count": 35,
            "created_time": "2024-10-29T16:48:27.794804Z",
            "yes_price": 46,
            "no_price": 54,
            "taker_side": "yes"
        },
        {
            "trade_id": "18d8add1-9548-43dd-99ed-2b83fcb3249e",
            "ticker": "KXHIGHAUS-24OCT29-B86.5",
            "count": 19,
            "created_time": "2024-10-29T16:48:27.794804Z",
            "yes_price": 99,
            "no_price": 1,
            "taker_side": "yes"
        },
        {
            "trade_id": "bd584245-90ae-425b-a8f6-fd57a9f87fbf",
            "ticker": "KXHIGHAUS-24OCT29-B86.5",
            "count": 60,
            "created_time": "2024-10-29T16:45:48.890411Z",
            "yes_price": 44,
            "no_price": 56,
            "taker_side": "yes"
        },
        {
            "trade_id": "3f00e5ee-7d18-4102-8425-b54564fd004a",
            "ticker": "KXHIGHAUS-24OCT29-B86.5",
            "count": 15,
            "created_time": "2024-10-29T16:45:48.890411Z",
            "yes_price": 44,
            "no_price": 56,
            "taker_side": "yes"
        },
        {
            "trade_id": "3d9d5791-94c8-495e-a81e-0d6d1d51d1e8",
            "ticker": "KXHIGHAUS-24OCT29-B86.5",
            "count": 33,
            "created_time": "2024-10-29T16:45:48.890411Z",
            "yes_price": 45,
            "no_price": 55,
            "taker_side": "yes"
        },
        {
            "trade_id": "69df1116-f01e-4fab-b712-8cbfe71c3559",
            "ticker": "KXHIGHAUS-24OCT29-B86.5",
            "count": 2,
            "created_time": "2024-10-29T16:40:52.66077Z",
            "yes_price": 45,
            "no_price": 55,
            "taker_side": "yes"
        },
        {
            "trade_id": "55072d41-6d70-43a4-af8b-50856c987fc0",
            "ticker": "KXHIGHAUS-24OCT29-B86.5",
            "count": 27,
            "created_time": "2024-10-29T16:38:12.998731Z",
            "yes_price": 45,
            "no_price": 55,
            "taker_side": "yes"
        },
        {
            "trade_id": "e1d0957e-7c95-4a06-8c11-f4652b0b72c8",
            "ticker": "KXHIGHAUS-24OCT29-B86.5",
            "count": 5,
            "created_time": "2024-10-29T16:24:55.23513Z",
            "yes_price": 50,
            "no_price": 50,
            "taker_side": "no"
        },
        {
            "trade_id": "62a7723e-d21e-4933-a056-c4e42ad25f49",
            "ticker": "KXHIGHAUS-24OCT29-B86.5",
            "count": 15,
            "created_time": "2024-10-29T16:20:35.346047Z",
            "yes_price": 52,
            "no_price": 48,
            "taker_side": "yes"
        },
        {
            "trade_id": "c2bad815-c814-481b-918c-3dc01ceff3b6",
            "ticker": "KXHIGHAUS-24OCT29-B86.5",
            "count": 17,
            "created_time": "2024-10-29T16:11:30.651268Z",
            "yes_price": 53,
            "no_price": 47,
            "taker_side": "yes"
        },
        {
            "trade_id": "68e9b4c3-dbbc-4105-9421-bc44f65d469b",
            "ticker": "KXHIGHAUS-24OCT29-B86.5",
            "count": 22,
            "created_time": "2024-10-29T16:11:30.651268Z",
            "yes_price": 52,
            "no_price": 48,
            "taker_side": "yes"
        },
        {
            "trade_id": "d450c1ff-d350-40c2-be95-ec3ff9b32c8f",
            "ticker": "KXHIGHAUS-24OCT29-B86.5",
            "count": 57,
            "created_time": "2024-10-29T16:08:31.251751Z",
            "yes_price": 53,
            "no_price": 47,
            "taker_side": "yes"
        },
        {
            "trade_id": "ad60539c-7792-418f-acbb-738243a3a25f",
            "ticker": "KXHIGHAUS-24OCT29-B86.5",
            "count": 34,
            "created_time": "2024-10-29T16:08:31.251751Z",
            "yes_price": 52,
            "no_price": 48,
            "taker_side": "yes"
        },
        {
            "trade_id": "08dae371-3b3c-4360-96d3-c657e7805ae7",
            "ticker": "KXHIGHAUS-24OCT29-B86.5",
            "count": 3,
            "created_time": "2024-10-29T16:06:16.633165Z",
            "yes_price": 52,
            "no_price": 48,
            "taker_side": "yes"
        },
        {
            "trade_id": "b9e0015b-dd39-4d0e-ae45-5203e81eafbd",
            "ticker": "KXHIGHAUS-24OCT29-B86.5",
            "count": 25,
            "created_time": "2024-10-29T16:04:09.238033Z",
            "yes_price": 53,
            "no_price": 47,
            "taker_side": "yes"
        },
        {
            "trade_id": "feacb7c3-fd11-40e1-9a88-2630870d6bfc",
            "ticker": "KXHIGHAUS-24OCT29-B86.5",
            "count": 9,
            "created_time": "2024-10-29T16:03:16.196786Z",
            "yes_price": 53,
            "no_price": 47,
            "taker_side": "yes"
        },
        {
            "trade_id": "9e844d08-7f4e-46b2-be40-23af333db318",
            "ticker": "KXHIGHAUS-24OCT29-B86.5",
            "count": 20,
            "created_time": "2024-10-29T15:57:00.949555Z",
            "yes_price": 38,
            "no_price": 62,
            "taker_side": "no"
        },
        {
            "trade_id": "656b064c-a38e-45d9-a7ff-451f349a01a8",
            "ticker": "KXHIGHAUS-24OCT29-B86.5",
            "count": 30,
            "created_time": "2024-10-29T15:57:00.949555Z",
            "yes_price": 37,
            "no_price": 63,
            "taker_side": "no"
        },
        {
            "trade_id": "25a9a7fb-3417-4228-aec5-bd521ce81faf",
            "ticker": "KXHIGHAUS-24OCT29-B86.5",
            "count": 21,
            "created_time": "2024-10-29T15:57:00.949555Z",
            "yes_price": 36,
            "no_price": 64,
            "taker_side": "no"
        },
        {
            "trade_id": "62b56a03-21b8-4bb5-832e-14ba139698ef",
            "ticker": "KXHIGHAUS-24OCT29-B86.5",
            "count": 9,
            "created_time": "2024-10-29T15:54:43.176784Z",
            "yes_price": 49,
            "no_price": 51,
            "taker_side": "yes"
        },
        {
            "trade_id": "e576bb11-5757-4c00-93c2-94988ffcaded",
            "ticker": "KXHIGHAUS-24OCT29-B86.5",
            "count": 21,
            "created_time": "2024-10-29T15:40:35.594647Z",
            "yes_price": 40,
            "no_price": 60,
            "taker_side": "no"
        },
        {
            "trade_id": "a6b34bea-a196-4038-b6e0-041111cc1533",
            "ticker": "KXHIGHAUS-24OCT29-B86.5",
            "count": 30,
            "created_time": "2024-10-29T15:40:35.594647Z",
            "yes_price": 41,
            "no_price": 59,
            "taker_side": "no"
        },
        {
            "trade_id": "14f2390f-24d2-43bf-b04d-7b710505dc34",
            "ticker": "KXHIGHAUS-24OCT29-B86.5",
            "count": 20,
            "created_time": "2024-10-29T15:40:35.594647Z",
            "yes_price": 42,
            "no_price": 58,
            "taker_side": "no"
        },
        {
            "trade_id": "a2922189-24a1-4e44-84ed-d6b2cc3ce302",
            "ticker": "KXHIGHAUS-24OCT29-B86.5",
            "count": 28,
            "created_time": "2024-10-29T15:36:01.592073Z",
            "yes_price": 51,
            "no_price": 49,
            "taker_side": "yes"
        },
        {
            "trade_id": "56ac1ec2-40a5-4cb6-9490-8e0294dd7d39",
            "ticker": "KXHIGHAUS-24OCT29-B86.5",
            "count": 16,
            "created_time": "2024-10-29T15:24:56.675286Z",
            "yes_price": 50,
            "no_price": 50,
            "taker_side": "yes"
        },
        {
            "trade_id": "0ff7f068-6281-4a5d-a517-2dbf6ea1503e",
            "ticker": "KXHIGHAUS-24OCT29-B86.5",
            "count": 3,
            "created_time": "2024-10-29T15:24:56.675286Z",
            "yes_price": 51,
            "no_price": 49,
            "taker_side": "yes"
        },
        {
            "trade_id": "491910ac-3ae8-4a8a-9d42-e8338c20f1f7",
            "ticker": "KXHIGHAUS-24OCT29-B86.5",
            "count": 18,
            "created_time": "2024-10-29T15:20:24.084358Z",
            "yes_price": 51,
            "no_price": 49,
            "taker_side": "yes"
        },
        {
            "trade_id": "14441721-e122-40fb-b46b-b886c25e4e04",
            "ticker": "KXHIGHAUS-24OCT29-B86.5",
            "count": 16,
            "created_time": "2024-10-29T15:10:23.911177Z",
            "yes_price": 52,
            "no_price": 48,
            "taker_side": "yes"
        },
        {
            "trade_id": "9e1c1c51-feaa-4892-b513-19d5d4e48c0e",
            "ticker": "KXHIGHAUS-24OCT29-B86.5",
            "count": 18,
            "created_time": "2024-10-29T15:09:24.939806Z",
            "yes_price": 52,
            "no_price": 48,
            "taker_side": "yes"
        },
        {
            "trade_id": "5bd8ca15-dd82-4aa0-b25f-6b74c5456bbd",
            "ticker": "KXHIGHAUS-24OCT29-B86.5",
            "count": 37,
            "created_time": "2024-10-29T15:05:55.881468Z",
            "yes_price": 52,
            "no_price": 48,
            "taker_side": "yes"
        },
        {
            "trade_id": "4d154da8-31fd-411d-a471-68a963d84e8e",
            "ticker": "KXHIGHAUS-24OCT29-B86.5",
            "count": 13,
            "created_time": "2024-10-29T15:05:04.06557Z",
            "yes_price": 51,
            "no_price": 49,
            "taker_side": "yes"
        },
        {
            "trade_id": "72cb88f7-3821-4e11-a6f5-d24c9d631ce1",
            "ticker": "KXHIGHAUS-24OCT29-B86.5",
            "count": 23,
            "created_time": "2024-10-29T15:03:23.361347Z",
            "yes_price": 43,
            "no_price": 57,
            "taker_side": "no"
        },
        {
            "trade_id": "e026568e-46c7-406c-8f85-e6c26817e1ff",
            "ticker": "KXHIGHAUS-24OCT29-B86.5",
            "count": 10,
            "created_time": "2024-10-29T15:01:50.176052Z",
            "yes_price": 53,
            "no_price": 47,
            "taker_side": "yes"
        },
        {
            "trade_id": "99a6ce82-4e7f-4d81-9fc4-de71dc498222",
            "ticker": "KXHIGHAUS-24OCT29-B86.5",
            "count": 17,
            "created_time": "2024-10-29T15:01:50.176052Z",
            "yes_price": 54,
            "no_price": 46,
            "taker_side": "yes"
        },
        {
            "trade_id": "5a21bf03-49d9-4bff-9af4-365a50a44766",
            "ticker": "KXHIGHAUS-24OCT29-B86.5",
            "count": 69,
            "created_time": "2024-10-29T15:01:50.176052Z",
            "yes_price": 53,
            "no_price": 47,
            "taker_side": "yes"
        },
        {
            "trade_id": "fa4bd458-a768-4242-b31a-962ea45e932b",
            "ticker": "KXHIGHAUS-24OCT29-B86.5",
            "count": 10,
            "created_time": "2024-10-29T15:00:07.51224Z",
            "yes_price": 50,
            "no_price": 50,
            "taker_side": "yes"
        },
        {
            "trade_id": "d5b4d6b3-d316-433f-85d2-715061c6589e",
            "ticker": "KXHIGHAUS-24OCT29-B86.5",
            "count": 19,
            "created_time": "2024-10-29T15:00:07.51224Z",
            "yes_price": 50,
            "no_price": 50,
            "taker_side": "yes"
        },
        {
            "trade_id": "b09ae28f-84ea-4432-bff9-c9401d28588d",
            "ticker": "KXHIGHAUS-24OCT29-B86.5",
            "count": 41,
            "created_time": "2024-10-29T15:00:07.51224Z",
            "yes_price": 64,
            "no_price": 36,
            "taker_side": "yes"
        },
        {
            "trade_id": "a0e7e8ed-00d4-4e76-bc05-c5b7234bcd62",
            "ticker": "KXHIGHAUS-24OCT29-B86.5",
            "count": 10,
            "created_time": "2024-10-29T15:00:07.51224Z",
            "yes_price": 60,
            "no_price": 40,
            "taker_side": "yes"
        },
        {
            "trade_id": "960dff41-88a3-4079-a2aa-2aad2d5ffdbf",
            "ticker": "KXHIGHAUS-24OCT29-B86.5",
            "count": 100,
            "created_time": "2024-10-29T15:00:07.51224Z",
            "yes_price": 50,
            "no_price": 50,
            "taker_side": "yes"
        },
        {
            "trade_id": "ae89d99a-8c78-47c9-9220-758d8e43848d",
            "ticker": "KXHIGHAUS-24OCT29-B86.5",
            "count": 18,
            "created_time": "2024-10-29T14:58:42.419945Z",
            "yes_price": 50,
            "no_price": 50,
            "taker_side": "yes"
        },
        {
            "trade_id": "18eba21d-504c-41f0-8c86-afe2625faf06",
            "ticker": "KXHIGHAUS-24OCT29-B86.5",
            "count": 11,
            "created_time": "2024-10-29T14:58:42.419945Z",
            "yes_price": 49,
            "no_price": 51,
            "taker_side": "yes"
        },
        {
            "trade_id": "ecb509dc-3795-44cb-9c86-cc7d20c3f9d4",
            "ticker": "KXHIGHAUS-24OCT29-B86.5",
            "count": 10,
            "created_time": "2024-10-29T14:57:41.807224Z",
            "yes_price": 45,
            "no_price": 55,
            "taker_side": "no"
        },
        {
            "trade_id": "c7546a20-dffd-4a4c-9ba6-257058d78d75",
            "ticker": "KXHIGHAUS-24OCT29-B86.5",
            "count": 114,
            "created_time": "2024-10-29T14:57:41.807224Z",
            "yes_price": 41,
            "no_price": 59,
            "taker_side": "no"
        },
        {
            "trade_id": "bf83c159-c906-46d6-abbc-4c101e20b796",
            "ticker": "KXHIGHAUS-24OCT29-B86.5",
            "count": 144,
            "created_time": "2024-10-29T14:57:41.807224Z",
            "yes_price": 42,
            "no_price": 58,
            "taker_side": "no"
        },
        {
            "trade_id": "a1891a4c-c887-40c7-83f0-a05918ce2ad6",
            "ticker": "KXHIGHAUS-24OCT29-B86.5",
            "count": 21,
            "created_time": "2024-10-29T14:57:41.807224Z",
            "yes_price": 41,
            "no_price": 59,
            "taker_side": "no"
        },
        {
            "trade_id": "e5887054-963f-4ba4-9080-b87cb302c002",
            "ticker": "KXHIGHAUS-24OCT29-B86.5",
            "count": 10,
            "created_time": "2024-10-29T14:57:39.11622Z",
            "yes_price": 46,
            "no_price": 54,
            "taker_side": "no"
        },
        {
            "trade_id": "43e25e62-cfb5-46f0-8e6f-7a11980f727e",
            "ticker": "KXHIGHAUS-24OCT29-B86.5",
            "count": 19,
            "created_time": "2024-10-29T14:56:55.788944Z",
            "yes_price": 50,
            "no_price": 50,
            "taker_side": "yes"
        },
        {
            "trade_id": "94d00efa-112d-4acf-9cd1-6a51d01cf1db",
            "ticker": "KXHIGHAUS-24OCT29-B86.5",
            "count": 6,
            "created_time": "2024-10-29T14:52:04.756606Z",
            "yes_price": 50,
            "no_price": 50,
            "taker_side": "yes"
        },
        {
            "trade_id": "018ed768-84b0-4669-bbc0-09213be4645e",
            "ticker": "KXHIGHAUS-24OCT29-B86.5",
            "count": 32,
            "created_time": "2024-10-29T14:52:04.756606Z",
            "yes_price": 50,
            "no_price": 50,
            "taker_side": "yes"
        },
        {
            "trade_id": "c65dfe6a-838d-4055-a778-4e798c1d7504",
            "ticker": "KXHIGHAUS-24OCT29-B86.5",
            "count": 12,
            "created_time": "2024-10-29T14:46:27.804048Z",
            "yes_price": 47,
            "no_price": 53,
            "taker_side": "no"
        },
        {
            "trade_id": "792a8a37-2eb1-4e28-b694-25c243c2bc53",
            "ticker": "KXHIGHAUS-24OCT29-B86.5",
            "count": 12,
            "created_time": "2024-10-29T14:45:22.906509Z",
            "yes_price": 48,
            "no_price": 52,
            "taker_side": "no"
        },
        {
            "trade_id": "b6e8e857-1843-4b46-8288-fedbd2f5ee43",
            "ticker": "KXHIGHAUS-24OCT29-B86.5",
            "count": 9,
            "created_time": "2024-10-29T14:27:17.581537Z",
            "yes_price": 53,
            "no_price": 47,
            "taker_side": "yes"
        },
        {
            "trade_id": "fa5337cf-02de-4f8a-ab91-c6b1e0d2fc3e",
            "ticker": "KXHIGHAUS-24OCT29-B86.5",
            "count": 1,
            "created_time": "2024-10-29T14:19:18.659152Z",
            "yes_price": 53,
            "no_price": 47,
            "taker_side": "yes"
        },
        {
            "trade_id": "e3cc4015-af51-4eb1-81ff-4ffb35658ed6",
            "ticker": "KXHIGHAUS-24OCT29-B86.5",
            "count": 35,
            "created_time": "2024-10-29T14:09:30.704195Z",
            "yes_price": 55,
            "no_price": 45,
            "taker_side": "yes"
        },
        {
            "trade_id": "a3a861c7-05f5-464b-b1a0-ffda60d8bd2a",
            "ticker": "KXHIGHAUS-24OCT29-B86.5",
            "count": 10,
            "created_time": "2024-10-29T14:08:32.899683Z",
            "yes_price": 49,
            "no_price": 51,
            "taker_side": "yes"
        },
        {
            "trade_id": "7a7e1275-21f7-4d76-9d5f-98a4fed7c798",
            "ticker": "KXHIGHAUS-24OCT29-B86.5",
            "count": 11,
            "created_time": "2024-10-29T14:08:32.899683Z",
            "yes_price": 47,
            "no_price": 53,
            "taker_side": "yes"
        },
        {
            "trade_id": "660fa74b-94c5-4128-80f2-67ef2e7e9054",
            "ticker": "KXHIGHAUS-24OCT29-B86.5",
            "count": 23,
            "created_time": "2024-10-29T14:08:32.899683Z",
            "yes_price": 55,
            "no_price": 45,
            "taker_side": "yes"
        },
        {
            "trade_id": "4944c86e-e0be-47ec-9573-f84840eed2ab",
            "ticker": "KXHIGHAUS-24OCT29-B86.5",
            "count": 100,
            "created_time": "2024-10-29T14:08:32.899683Z",
            "yes_price": 48,
            "no_price": 52,
            "taker_side": "yes"
        },
        {
            "trade_id": "3769bbdf-a8b2-4b9a-b34c-ca14032da18e",
            "ticker": "KXHIGHAUS-24OCT29-B86.5",
            "count": 47,
            "created_time": "2024-10-29T14:08:32.899683Z",
            "yes_price": 55,
            "no_price": 45,
            "taker_side": "yes"
        },
        {
            "trade_id": "42ed5af7-df63-4682-bb54-f595e579af6e",
            "ticker": "KXHIGHAUS-24OCT29-B86.5",
            "count": 2,
            "created_time": "2024-10-29T14:06:33.530271Z",
            "yes_price": 48,
            "no_price": 52,
            "taker_side": "yes"
        },
        {
            "trade_id": "034a4a8a-f415-49bf-aaab-b89ba3997880",
            "ticker": "KXHIGHAUS-24OCT29-B86.5",
            "count": 30,
            "created_time": "2024-10-29T13:57:41.845408Z",
            "yes_price": 43,
            "no_price": 57,
            "taker_side": "no"
        },
        {
            "trade_id": "c97686b2-344c-4abb-ba67-608ce0323a2b",
            "ticker": "KXHIGHAUS-24OCT29-B86.5",
            "count": 6,
            "created_time": "2024-10-29T13:57:10.03422Z",
            "yes_price": 44,
            "no_price": 56,
            "taker_side": "no"
        },
        {
            "trade_id": "05f0b111-e4db-4863-b1b7-0ec3172db33d",
            "ticker": "KXHIGHAUS-24OCT29-B86.5",
            "count": 30,
            "created_time": "2024-10-29T13:56:32.916284Z",
            "yes_price": 44,
            "no_price": 56,
            "taker_side": "no"
        },
        {
            "trade_id": "b2555713-dc1f-4010-b742-c435cbade5c7",
            "ticker": "KXHIGHAUS-24OCT29-B86.5",
            "count": 5,
            "created_time": "2024-10-29T13:56:29.13752Z",
            "yes_price": 43,
            "no_price": 57,
            "taker_side": "no"
        },
        {
            "trade_id": "673011f0-1d74-49bf-9d21-f2dc5ca63ab6",
            "ticker": "KXHIGHAUS-24OCT29-B86.5",
            "count": 18,
            "created_time": "2024-10-29T13:39:32.898455Z",
            "yes_price": 60,
            "no_price": 40,
            "taker_side": "yes"
        },
        {
            "trade_id": "5888e7e7-53be-4092-8692-790c5fef995b",
            "ticker": "KXHIGHAUS-24OCT29-B86.5",
            "count": 3,
            "created_time": "2024-10-29T13:39:32.898455Z",
            "yes_price": 58,
            "no_price": 42,
            "taker_side": "yes"
        },
        {
            "trade_id": "030b5a42-0e14-4665-aaac-2d8dfb423d33",
            "ticker": "KXHIGHAUS-24OCT29-B86.5",
            "count": 3,
            "created_time": "2024-10-29T13:39:32.898455Z",
            "yes_price": 58,
            "no_price": 42,
            "taker_side": "yes"
        },
        {
            "trade_id": "a7782c3c-0613-464d-a8f7-91c24b06f2cf",
            "ticker": "KXHIGHAUS-24OCT29-B86.5",
            "count": 8,
            "created_time": "2024-10-29T13:29:30.783823Z",
            "yes_price": 44,
            "no_price": 56,
            "taker_side": "no"
        },
        {
            "trade_id": "a0eaf8d8-49d7-4934-9958-babbdef19eb1",
            "ticker": "KXHIGHAUS-24OCT29-B86.5",
            "count": 8,
            "created_time": "2024-10-29T13:26:24.381341Z",
            "yes_price": 60,
            "no_price": 40,
            "taker_side": "no"
        },
        {
            "trade_id": "ba259663-8d04-40bd-897a-3c8e95de29bf",
            "ticker": "KXHIGHAUS-24OCT29-B86.5",
            "count": 3,
            "created_time": "2024-10-29T13:20:56.967284Z",
            "yes_price": 63,
            "no_price": 37,
            "taker_side": "yes"
        },
        {
            "trade_id": "90e075a2-0ce4-416f-bce6-8502e540a0c0",
            "ticker": "KXHIGHAUS-24OCT29-B86.5",
            "count": 12,
            "created_time": "2024-10-29T13:20:56.967284Z",
            "yes_price": 61,
            "no_price": 39,
            "taker_side": "yes"
        },
        {
            "trade_id": "97f69bb5-4248-48e8-8a06-7d4629cde30f",
            "ticker": "KXHIGHAUS-24OCT29-B86.5",
            "count": 1,
            "created_time": "2024-10-29T13:19:28.275935Z",
            "yes_price": 60,
            "no_price": 40,
            "taker_side": "no"
        },
        {
            "trade_id": "7097e265-b9ba-40af-8947-66bfbac8365b",
            "ticker": "KXHIGHAUS-24OCT29-B86.5",
            "count": 1,
            "created_time": "2024-10-29T13:19:28.186625Z",
            "yes_price": 60,
            "no_price": 40,
            "taker_side": "yes"
        },
        {
            "trade_id": "f5c136db-71fc-494c-a2bb-b82e55c8ce6e",
            "ticker": "KXHIGHAUS-24OCT29-B86.5",
            "count": 7,
            "created_time": "2024-10-29T13:10:33.935501Z",
            "yes_price": 62,
            "no_price": 38,
            "taker_side": "yes"
        },
        {
            "trade_id": "d89fc45b-774f-4433-a2aa-97fd87c875ac",
            "ticker": "KXHIGHAUS-24OCT29-B86.5",
            "count": 19,
            "created_time": "2024-10-29T13:10:33.935501Z",
            "yes_price": 61,
            "no_price": 39,
            "taker_side": "yes"
        },
        {
            "trade_id": "8a56788c-39d8-4fdc-8d6d-3004a3a40fe4",
            "ticker": "KXHIGHAUS-24OCT29-B86.5",
            "count": 5,
            "created_time": "2024-10-29T13:10:33.935501Z",
            "yes_price": 60,
            "no_price": 40,
            "taker_side": "yes"
        },
        {
            "trade_id": "cde8f950-d827-4398-ac79-1875ee7d1fa5",
            "ticker": "KXHIGHAUS-24OCT29-B86.5",
            "count": 5,
            "created_time": "2024-10-29T12:57:38.479592Z",
            "yes_price": 62,
            "no_price": 38,
            "taker_side": "yes"
        },
        {
            "trade_id": "c9c90e38-1b06-40a3-accf-94eb47efeb47",
            "ticker": "KXHIGHAUS-24OCT29-B86.5",
            "count": 21,
            "created_time": "2024-10-29T12:57:38.479592Z",
            "yes_price": 63,
            "no_price": 37,
            "taker_side": "yes"
        },
        {
            "trade_id": "a70bb4aa-a136-4a35-af35-3262d0b1750c",
            "ticker": "KXHIGHAUS-24OCT29-B86.5",
            "count": 2,
            "created_time": "2024-10-29T12:57:38.479592Z",
            "yes_price": 61,
            "no_price": 39,
            "taker_side": "yes"
        },
        {
            "trade_id": "3739724b-451a-4cad-9b94-cb8a0e9bae19",
            "ticker": "KXHIGHAUS-24OCT29-B86.5",
            "count": 3,
            "created_time": "2024-10-29T12:57:38.479592Z",
            "yes_price": 63,
            "no_price": 37,
            "taker_side": "yes"
        },
        {
            "trade_id": "be421ed0-9bd7-4aaa-9c81-1372164b43a0",
            "ticker": "KXHIGHAUS-24OCT29-B86.5",
            "count": 2,
            "created_time": "2024-10-29T12:55:13.23424Z",
            "yes_price": 61,
            "no_price": 39,
            "taker_side": "yes"
        },
        {
            "trade_id": "badfce47-0510-4413-b0b5-11b1811af3d7",
            "ticker": "KXHIGHAUS-24OCT29-B86.5",
            "count": 16,
            "created_time": "2024-10-29T12:55:13.23424Z",
            "yes_price": 62,
            "no_price": 38,
            "taker_side": "yes"
        },
        {
            "trade_id": "6aee66bf-fbe1-4f5f-b40c-53ce1964b1d7",
            "ticker": "KXHIGHAUS-24OCT29-B86.5",
            "count": 2,
            "created_time": "2024-10-29T12:55:13.23424Z",
            "yes_price": 60,
            "no_price": 40,
            "taker_side": "yes"
        },
        {
            "trade_id": "d5f9a65b-7241-48b1-8edc-900908fc7f1c",
            "ticker": "KXHIGHAUS-24OCT29-B86.5",
            "count": 7,
            "created_time": "2024-10-29T12:35:36.698826Z",
            "yes_price": 61,
            "no_price": 39,
            "taker_side": "yes"
        },
        {
            "trade_id": "047146aa-6da6-4cc8-a97b-7d0334073464",
            "ticker": "KXHIGHAUS-24OCT29-B86.5",
            "count": 1,
            "created_time": "2024-10-29T12:35:36.698826Z",
            "yes_price": 59,
            "no_price": 41,
            "taker_side": "yes"
        },
        {
            "trade_id": "70d69810-7bef-442f-8f9c-3541d3fadd90",
            "ticker": "KXHIGHAUS-24OCT29-B86.5",
            "count": 20,
            "created_time": "2024-10-29T12:29:31.43352Z",
            "yes_price": 44,
            "no_price": 56,
            "taker_side": "no"
        },
        {
            "trade_id": "63a345c5-9fc4-467c-a4cc-db07ef0458a1",
            "ticker": "KXHIGHAUS-24OCT29-B86.5",
            "count": 5,
            "created_time": "2024-10-29T12:29:31.43352Z",
            "yes_price": 43,
            "no_price": 57,
            "taker_side": "no"
        },
        {
            "trade_id": "ff09d63a-2440-4cdf-9f0f-5bbf944e1271",
            "ticker": "KXHIGHAUS-24OCT29-B86.5",
            "count": 18,
            "created_time": "2024-10-29T12:29:29.381029Z",
            "yes_price": 60,
            "no_price": 40,
            "taker_side": "yes"
        },
        {
            "trade_id": "300fda47-1009-4343-9e08-f071043844d7",
            "ticker": "KXHIGHAUS-24OCT29-B86.5",
            "count": 3,
            "created_time": "2024-10-29T12:29:29.381029Z",
            "yes_price": 60,
            "no_price": 40,
            "taker_side": "yes"
        },
        {
            "trade_id": "2504f08c-edc2-4caf-a3f8-6485f180b3d3",
            "ticker": "KXHIGHAUS-24OCT29-B86.5",
            "count": 11,
            "created_time": "2024-10-29T12:29:29.381029Z",
            "yes_price": 61,
            "no_price": 39,
            "taker_side": "yes"
        },
        {
            "trade_id": "3f92d553-ac41-4278-a33a-a35454787191",
            "ticker": "KXHIGHAUS-24OCT29-B86.5",
            "count": 1,
            "created_time": "2024-10-29T12:24:37.290447Z",
            "yes_price": 61,
            "no_price": 39,
            "taker_side": "yes"
        },
        {
            "trade_id": "062f9f19-44f3-42a4-8f55-b8d46d776c99",
            "ticker": "KXHIGHAUS-24OCT29-B86.5",
            "count": 6,
            "created_time": "2024-10-29T12:24:37.290447Z",
            "yes_price": 61,
            "no_price": 39,
            "taker_side": "yes"
        },
        {
            "trade_id": "cb79e198-b1a6-417c-81c3-b4912b733db0",
            "ticker": "KXHIGHAUS-24OCT29-B86.5",
            "count": 1,
            "created_time": "2024-10-29T12:23:00.405328Z",
            "yes_price": 61,
            "no_price": 39,
            "taker_side": "yes"
        },
        {
            "trade_id": "0e44af4b-6188-40c2-91ad-f2d5c48415e4",
            "ticker": "KXHIGHAUS-24OCT29-B86.5",
            "count": 4,
            "created_time": "2024-10-29T12:23:00.405328Z",
            "yes_price": 61,
            "no_price": 39,
            "taker_side": "yes"
        },
        {
            "trade_id": "5069c8f9-3c8f-40c1-9e3b-502ce2de3f05",
            "ticker": "KXHIGHAUS-24OCT29-B86.5",
