{
    "HIGHAUS-24SEP30-T91": [],
    "HIGHAUS-24SEP30-B91.5": [
        {
            "trade_id": "3c40d356-098f-4c99-a358-0c1992ba1d28",
            "ticker": "HIGHAUS-24SEP30-B91.5",
            "count": 7,
            "created_time": "2024-09-30T12:55:18.950214Z",
            "yes_price": 1,
            "no_price": 99,
            "taker_side": "no"
        },
        {
            "trade_id": "f96e80b8-0818-4e0a-821b-57f4e7584802",
            "ticker": "HIGHAUS-24SEP30-B91.5",
            "count": 61,
            "created_time": "2024-09-30T12:49:58.779388Z",
            "yes_price": 70,
            "no_price": 30,
            "taker_side": "yes"
        },
        {
            "trade_id": "f6ca49c8-b4ea-4a24-9212-2542ef6857cd",
            "ticker": "HIGHAUS-24SEP30-B91.5",
            "count": 27,
            "created_time": "2024-09-30T12:49:58.779388Z",
            "yes_price": 5,
            "no_price": 95,
            "taker_side": "yes"
        },
        {
            "trade_id": "840e8103-0b35-45b6-a07a-0d1df242e3c1",
            "ticker": "HIGHAUS-24SEP30-B91.5",
            "count": 3,
            "created_time": "2024-09-30T12:49:58.779388Z",
            "yes_price": 69,
            "no_price": 31,
            "taker_side": "yes"
        },
        {
            "trade_id": "0f0d577b-c7a5-4863-bd2b-a454f205e252",
            "ticker": "HIGHAUS-24SEP30-B91.5",
            "count": 4,
            "created_time": "2024-09-30T12:49:58.779388Z",
            "yes_price": 56,
            "no_price": 44,
            "taker_side": "yes"
        }
    ],
    "HIGHAUS-24SEP30-B93.5": [
        {
            "trade_id": "a4e2ed19-febb-40e7-a7a9-7f4b36b9c6b6",
            "ticker": "HIGHAUS-24SEP30-B93.5",
            "count": 1000,
            "created_time": "2024-09-30T19:37:00.437579Z",
            "yes_price": 1,
            "no_price": 99,
            "taker_side": "no"
        },
        {
            "trade_id": "817192fa-7701-4d5f-bafe-8fbf1ab88d14",
            "ticker": "HIGHAUS-24SEP30-B93.5",
            "count": 100,
            "created_time": "2024-09-30T19:37:00.437579Z",
            "yes_price": 2,
            "no_price": 98,
            "taker_side": "no"
        },
        {
            "trade_id": "dfa7c1fe-cf1d-45f2-85f1-89e62c14fb2f",
            "ticker": "HIGHAUS-24SEP30-B93.5",
            "count": 3,
            "created_time": "2024-09-30T19:03:40.238948Z",
            "yes_price": 4,
            "no_price": 96,
            "taker_side": "no"
        },
        {
            "trade_id": "653bc342-fa0d-43f9-92f0-39e38bce5689",
            "ticker": "HIGHAUS-24SEP30-B93.5",
            "count": 145,
            "created_time": "2024-09-30T18:16:58.523185Z",
            "yes_price": 5,
            "no_price": 95,
            "taker_side": "no"
        },
        {
            "trade_id": "c4b466a2-3e6f-4db9-a957-684bd31a9f5c",
            "ticker": "HIGHAUS-24SEP30-B93.5",
            "count": 5,
            "created_time": "2024-09-30T15:30:59.608338Z",
            "yes_price": 5,
            "no_price": 95,
            "taker_side": "no"
        },
        {
            "trade_id": "925343ec-93d8-473e-9a17-ba6a67b66f6d",
            "ticker": "HIGHAUS-24SEP30-B93.5",
            "count": 3,
            "created_time": "2024-09-30T14:07:28.975075Z",
            "yes_price": 9,
            "no_price": 91,
            "taker_side": "yes"
        },
        {
            "trade_id": "418a9b29-a3d5-4428-ae7e-7ec2a692818a",
            "ticker": "HIGHAUS-24SEP30-B93.5",
            "count": 7,
            "created_time": "2024-09-30T14:07:28.975075Z",
            "yes_price": 9,
            "no_price": 91,
            "taker_side": "yes"
        },
        {
            "trade_id": "aa1ceaa7-a5f1-45fc-bb43-8c241caf03e4",
            "ticker": "HIGHAUS-24SEP30-B93.5",
            "count": 25,
            "created_time": "2024-09-30T13:46:46.651283Z",
            "yes_price": 4,
            "no_price": 96,
            "taker_side": "no"
        },
        {
            "trade_id": "596b0f84-7f88-4d14-b153-15f9adc0ac5e",
            "ticker": "HIGHAUS-24SEP30-B93.5",
            "count": 150,
            "created_time": "2024-09-30T13:18:46.11343Z",
            "yes_price": 6,
            "no_price": 94,
            "taker_side": "no"
        },
        {
            "trade_id": "bc0d832e-cde4-4281-8789-85ca41b38856",
            "ticker": "HIGHAUS-24SEP30-B93.5",
            "count": 14,
            "created_time": "2024-09-30T12:56:00.289618Z",
            "yes_price": 7,
            "no_price": 93,
            "taker_side": "no"
        },
        {
            "trade_id": "0f835dd4-1187-48ae-9f87-f3ad6c52823c",
            "ticker": "HIGHAUS-24SEP30-B93.5",
            "count": 100,
            "created_time": "2024-09-30T12:55:18.947464Z",
            "yes_price": 6,
            "no_price": 94,
            "taker_side": "no"
        },
        {
            "trade_id": "44443355-1c37-42e7-b0bc-1dad2e642ae3",
            "ticker": "HIGHAUS-24SEP30-B93.5",
            "count": 25,
            "created_time": "2024-09-30T01:28:58.486874Z",
            "yes_price": 11,
            "no_price": 89,
            "taker_side": "yes"
        },
        {
            "trade_id": "407bb3cc-d7ab-4baa-8f2b-7202e283380d",
            "ticker": "HIGHAUS-24SEP30-B93.5",
            "count": 73,
            "created_time": "2024-09-29T17:58:56.311199Z",
            "yes_price": 12,
            "no_price": 88,
            "taker_side": "no"
        }
    ],
    "HIGHAUS-24SEP30-B95.5": [
        {
            "trade_id": "66311069-2aa6-4a5d-a555-f6873b02a77b",
            "ticker": "HIGHAUS-24SEP30-B95.5",
            "count": 10,
            "created_time": "2024-09-30T23:12:13.009622Z",
            "yes_price": 1,
            "no_price": 99,
            "taker_side": "yes"
        },
        {
            "trade_id": "51ba71ad-20d6-45b2-9495-ac5e00d72920",
            "ticker": "HIGHAUS-24SEP30-B95.5",
            "count": 48,
            "created_time": "2024-09-30T23:12:13.009622Z",
            "yes_price": 1,
            "no_price": 99,
            "taker_side": "yes"
        },
        {
            "trade_id": "3a632575-d2be-4a6b-9169-728fdd39db28",
            "ticker": "HIGHAUS-24SEP30-B95.5",
            "count": 4,
            "created_time": "2024-09-30T23:12:13.009622Z",
            "yes_price": 1,
            "no_price": 99,
            "taker_side": "yes"
        },
        {
            "trade_id": "40ad6221-0ddc-42b9-8acd-40ef7de4b80e",
            "ticker": "HIGHAUS-24SEP30-B95.5",
            "count": 500,
            "created_time": "2024-09-30T22:31:54.805708Z",
            "yes_price": 1,
            "no_price": 99,
            "taker_side": "no"
        },
        {
            "trade_id": "90de9b73-062b-410a-b40b-8a236c3d141e",
            "ticker": "HIGHAUS-24SEP30-B95.5",
            "count": 100,
            "created_time": "2024-09-30T22:17:45.730865Z",
            "yes_price": 3,
            "no_price": 97,
            "taker_side": "no"
        },
        {
            "trade_id": "26016497-48be-422e-b2a7-553d99af9c29",
            "ticker": "HIGHAUS-24SEP30-B95.5",
            "count": 643,
            "created_time": "2024-09-30T22:17:33.977882Z",
            "yes_price": 6,
            "no_price": 94,
            "taker_side": "no"
        },
        {
            "trade_id": "afb82bd1-2dcd-4ca1-bfc4-ed8cbf0c8074",
            "ticker": "HIGHAUS-24SEP30-B95.5",
            "count": 157,
            "created_time": "2024-09-30T22:17:11.650531Z",
            "yes_price": 6,
            "no_price": 94,
            "taker_side": "no"
        },
        {
            "trade_id": "24d196f4-9947-4459-930a-0cefbe0d72cc",
            "ticker": "HIGHAUS-24SEP30-B95.5",
            "count": 7,
            "created_time": "2024-09-30T22:17:11.650531Z",
            "yes_price": 7,
            "no_price": 93,
            "taker_side": "no"
        },
        {
            "trade_id": "cce1656c-fdae-418d-b426-68cef145ddd7",
            "ticker": "HIGHAUS-24SEP30-B95.5",
            "count": 1,
            "created_time": "2024-09-30T22:01:26.665209Z",
            "yes_price": 75,
            "no_price": 25,
            "taker_side": "yes"
        },
        {
            "trade_id": "8be940dd-ee62-4c55-b516-c12a76d0ff9b",
            "ticker": "HIGHAUS-24SEP30-B95.5",
            "count": 1,
            "created_time": "2024-09-30T22:01:26.665209Z",
            "yes_price": 94,
            "no_price": 6,
            "taker_side": "yes"
        },
        {
            "trade_id": "38afb006-3a87-4c5b-ab91-0ad58f847107",
            "ticker": "HIGHAUS-24SEP30-B95.5",
            "count": 14,
            "created_time": "2024-09-30T20:32:21.762339Z",
            "yes_price": 3,
            "no_price": 97,
            "taker_side": "no"
        },
        {
            "trade_id": "c5efbc9b-f0e3-4f23-84a5-db54ffbb7dad",
            "ticker": "HIGHAUS-24SEP30-B95.5",
            "count": 1,
            "created_time": "2024-09-30T20:31:10.345318Z",
            "yes_price": 3,
            "no_price": 97,
            "taker_side": "no"
        },
        {
            "trade_id": "e9441e29-4fe6-493b-b19b-d48e67d265cf",
            "ticker": "HIGHAUS-24SEP30-B95.5",
            "count": 298,
            "created_time": "2024-09-30T20:16:22.267956Z",
            "yes_price": 16,
            "no_price": 84,
            "taker_side": "no"
        },
        {
            "trade_id": "cbe927f2-0c1f-4e6d-8538-cbae427d82b1",
            "ticker": "HIGHAUS-24SEP30-B95.5",
            "count": 2,
            "created_time": "2024-09-30T20:13:54.655794Z",
            "yes_price": 16,
            "no_price": 84,
            "taker_side": "no"
        },
        {
            "trade_id": "56c833dc-8879-4b52-97ba-5859c68a92e0",
            "ticker": "HIGHAUS-24SEP30-B95.5",
            "count": 2,
            "created_time": "2024-09-30T20:13:54.648126Z",
            "yes_price": 35,
            "no_price": 65,
            "taker_side": "no"
        },
        {
            "trade_id": "c5766ca2-58d2-4a0b-99d7-111173b6b2ca",
            "ticker": "HIGHAUS-24SEP30-B95.5",
            "count": 9,
            "created_time": "2024-09-30T19:52:36.566305Z",
            "yes_price": 95,
            "no_price": 5,
            "taker_side": "yes"
        },
        {
            "trade_id": "b79c2949-a39f-4b9c-bcd4-6daedbd66d33",
            "ticker": "HIGHAUS-24SEP30-B95.5",
            "count": 1,
            "created_time": "2024-09-30T19:52:36.566305Z",
            "yes_price": 94,
            "no_price": 6,
            "taker_side": "yes"
        },
        {
            "trade_id": "679f2d64-c0b4-40e0-85ad-012ff1325404",
            "ticker": "HIGHAUS-24SEP30-B95.5",
            "count": 3,
            "created_time": "2024-09-30T18:52:48.160631Z",
            "yes_price": 80,
            "no_price": 20,
            "taker_side": "yes"
        },
        {
            "trade_id": "d70fd04c-4d2b-4d76-8719-4122708095cf",
            "ticker": "HIGHAUS-24SEP30-B95.5",
            "count": 45,
            "created_time": "2024-09-30T16:22:46.303349Z",
            "yes_price": 62,
            "no_price": 38,
            "taker_side": "yes"
        },
        {
            "trade_id": "33affc2f-cf43-4d77-bacc-8a5d5c5c1a74",
            "ticker": "HIGHAUS-24SEP30-B95.5",
            "count": 25,
            "created_time": "2024-09-30T15:40:56.072911Z",
            "yes_price": 61,
            "no_price": 39,
            "taker_side": "no"
        },
        {
            "trade_id": "ac934259-7d87-44c7-8a83-1b74e9a40139",
            "ticker": "HIGHAUS-24SEP30-B95.5",
            "count": 60,
            "created_time": "2024-09-30T15:40:40.561497Z",
            "yes_price": 61,
            "no_price": 39,
            "taker_side": "no"
        },
        {
            "trade_id": "b1bfd51a-4af8-4201-8824-ff784c56b51f",
            "ticker": "HIGHAUS-24SEP30-B95.5",
            "count": 75,
            "created_time": "2024-09-30T15:40:09.71138Z",
            "yes_price": 62,
            "no_price": 38,
            "taker_side": "yes"
        },
        {
            "trade_id": "79f8584f-accc-4cf8-8aff-dc686acf38ba",
            "ticker": "HIGHAUS-24SEP30-B95.5",
            "count": 15,
            "created_time": "2024-09-30T15:36:37.391615Z",
            "yes_price": 61,
            "no_price": 39,
            "taker_side": "no"
        },
        {
            "trade_id": "c80e3ce0-48fd-45a9-b2a5-cc5652f3e0ee",
            "ticker": "HIGHAUS-24SEP30-B95.5",
            "count": 15,
            "created_time": "2024-09-30T14:28:05.848766Z",
            "yes_price": 63,
            "no_price": 37,
            "taker_side": "no"
        },
        {
            "trade_id": "6aa5e57f-d73f-47ee-89d3-fbecbb165452",
            "ticker": "HIGHAUS-24SEP30-B95.5",
            "count": 47,
            "created_time": "2024-09-30T14:28:05.848766Z",
            "yes_price": 61,
            "no_price": 39,
            "taker_side": "no"
        },
        {
            "trade_id": "191a0ca1-42ba-4b2b-b8ce-93b2e62c8820",
            "ticker": "HIGHAUS-24SEP30-B95.5",
            "count": 90,
            "created_time": "2024-09-30T14:19:31.789721Z",
            "yes_price": 68,
            "no_price": 32,
            "taker_side": "yes"
        },
        {
            "trade_id": "a6c6824a-885a-40bd-b668-a1c14f29cc77",
            "ticker": "HIGHAUS-24SEP30-B95.5",
            "count": 7,
            "created_time": "2024-09-30T14:08:00.439971Z",
            "yes_price": 66,
            "no_price": 34,
            "taker_side": "yes"
        },
        {
            "trade_id": "1835e871-f647-4260-90a6-fc1a361051f7",
            "ticker": "HIGHAUS-24SEP30-B95.5",
            "count": 150,
            "created_time": "2024-09-30T14:05:24.505954Z",
            "yes_price": 65,
            "no_price": 35,
            "taker_side": "yes"
        },
        {
            "trade_id": "0a35a64f-6a26-406f-9f3d-59456eea3ef2",
            "ticker": "HIGHAUS-24SEP30-B95.5",
            "count": 30,
            "created_time": "2024-09-30T14:05:24.505954Z",
            "yes_price": 63,
            "no_price": 37,
            "taker_side": "yes"
        },
        {
            "trade_id": "a924a969-d950-401e-885e-c9e988b0af97",
            "ticker": "HIGHAUS-24SEP30-B95.5",
            "count": 50,
            "created_time": "2024-09-30T13:22:21.327644Z",
            "yes_price": 62,
            "no_price": 38,
            "taker_side": "yes"
        },
        {
            "trade_id": "5f0626a6-4bfb-4874-9eb1-9fa8df336657",
            "ticker": "HIGHAUS-24SEP30-B95.5",
            "count": 30,
            "created_time": "2024-09-30T13:03:41.158528Z",
            "yes_price": 59,
            "no_price": 41,
            "taker_side": "yes"
        },
        {
            "trade_id": "20f9e96b-8438-4fd5-a277-cfc5308e203d",
            "ticker": "HIGHAUS-24SEP30-B95.5",
            "count": 5,
            "created_time": "2024-09-30T13:03:41.158528Z",
            "yes_price": 61,
            "no_price": 39,
            "taker_side": "yes"
        },
        {
            "trade_id": "28dd48e5-a058-46d6-8f3b-4abe3531d5e6",
            "ticker": "HIGHAUS-24SEP30-B95.5",
            "count": 60,
            "created_time": "2024-09-30T12:56:31.22065Z",
            "yes_price": 58,
            "no_price": 42,
            "taker_side": "no"
        },
        {
            "trade_id": "66bf476b-5cf4-47c7-ab3b-14b099d43b71",
            "ticker": "HIGHAUS-24SEP30-B95.5",
            "count": 14,
            "created_time": "2024-09-30T12:56:00.292685Z",
            "yes_price": 58,
            "no_price": 42,
            "taker_side": "no"
        },
        {
            "trade_id": "e26ecd6e-d1b1-4d45-a2df-2b58a4e9a965",
            "ticker": "HIGHAUS-24SEP30-B95.5",
            "count": 100,
            "created_time": "2024-09-30T12:55:18.948341Z",
            "yes_price": 58,
            "no_price": 42,
            "taker_side": "no"
        },
        {
            "trade_id": "b171a4a2-34d1-4d4a-9c45-683030980e3c",
            "ticker": "HIGHAUS-24SEP30-B95.5",
            "count": 10,
            "created_time": "2024-09-30T12:50:12.546366Z",
            "yes_price": 67,
            "no_price": 33,
            "taker_side": "yes"
        },
        {
            "trade_id": "539f091e-71b1-4e87-9370-0e78a1f6d45f",
            "ticker": "HIGHAUS-24SEP30-B95.5",
            "count": 14,
            "created_time": "2024-09-30T12:50:05.926996Z",
            "yes_price": 67,
            "no_price": 33,
            "taker_side": "yes"
        },
        {
            "trade_id": "c0097846-0c9c-41db-be8e-f98ed6d408f4",
            "ticker": "HIGHAUS-24SEP30-B95.5",
            "count": 65,
            "created_time": "2024-09-30T03:56:36.449219Z",
            "yes_price": 57,
            "no_price": 43,
            "taker_side": "no"
        },
        {
            "trade_id": "d4686932-4d57-449d-a48c-aa43eff3760c",
            "ticker": "HIGHAUS-24SEP30-B95.5",
            "count": 75,
            "created_time": "2024-09-30T03:56:14.373027Z",
            "yes_price": 57,
            "no_price": 43,
            "taker_side": "no"
        },
        {
            "trade_id": "4f33705f-8612-45b0-8426-731f9d0f2970",
            "ticker": "HIGHAUS-24SEP30-B95.5",
            "count": 60,
            "created_time": "2024-09-30T03:56:02.758795Z",
            "yes_price": 56,
            "no_price": 44,
            "taker_side": "yes"
        },
        {
            "trade_id": "f7fc9f60-ef44-4c55-bccc-3a8ff288d6d9",
            "ticker": "HIGHAUS-24SEP30-B95.5",
            "count": 22,
            "created_time": "2024-09-30T03:55:32.119611Z",
            "yes_price": 55,
            "no_price": 45,
            "taker_side": "yes"
        },
        {
            "trade_id": "e94c2912-553d-4c23-afa6-309134ebe348",
            "ticker": "HIGHAUS-24SEP30-B95.5",
            "count": 111,
            "created_time": "2024-09-30T03:55:32.119611Z",
            "yes_price": 55,
            "no_price": 45,
            "taker_side": "yes"
        },
        {
            "trade_id": "44520d41-f6f7-47ee-83f5-5cfb29ca8f4b",
            "ticker": "HIGHAUS-24SEP30-B95.5",
            "count": 75,
            "created_time": "2024-09-30T03:55:32.119611Z",
            "yes_price": 55,
            "no_price": 45,
            "taker_side": "yes"
        },
        {
            "trade_id": "1f352162-8728-4372-a2cf-7f40d98659df",
            "ticker": "HIGHAUS-24SEP30-B95.5",
            "count": 75,
            "created_time": "2024-09-30T03:04:29.786892Z",
            "yes_price": 53,
            "no_price": 47,
            "taker_side": "no"
        },
        {
            "trade_id": "c7e6afa6-5a5a-4a13-ab6a-c927fce4ac96",
            "ticker": "HIGHAUS-24SEP30-B95.5",
            "count": 30,
            "created_time": "2024-09-30T03:03:46.838351Z",
            "yes_price": 53,
            "no_price": 47,
            "taker_side": "no"
        },
        {
            "trade_id": "c6928bfe-18d8-475c-8437-cdf5b0eec1c6",
            "ticker": "HIGHAUS-24SEP30-B95.5",
            "count": 150,
            "created_time": "2024-09-30T01:45:10.15336Z",
            "yes_price": 53,
            "no_price": 47,
            "taker_side": "yes"
        },
        {
            "trade_id": "b6e09bfd-1841-429a-b220-795b0f287b17",
            "ticker": "HIGHAUS-24SEP30-B95.5",
            "count": 30,
            "created_time": "2024-09-30T01:45:10.15336Z",
            "yes_price": 51,
            "no_price": 49,
            "taker_side": "yes"
        },
        {
            "trade_id": "e0c90ca5-fc0b-4a61-bcfd-f3e6eca9005c",
            "ticker": "HIGHAUS-24SEP30-B95.5",
            "count": 20,
            "created_time": "2024-09-29T19:16:05.095315Z",
            "yes_price": 47,
            "no_price": 53,
            "taker_side": "yes"
        },
        {
            "trade_id": "5f06bb28-ad0f-4a51-9583-ce4789ded42a",
            "ticker": "HIGHAUS-24SEP30-B95.5",
            "count": 50,
            "created_time": "2024-09-29T19:16:05.095315Z",
            "yes_price": 49,
            "no_price": 51,
            "taker_side": "yes"
        },
        {
            "trade_id": "dba096db-2599-4e05-9748-7caa261012a5",
            "ticker": "HIGHAUS-24SEP30-B95.5",
            "count": 45,
            "created_time": "2024-09-29T19:15:44.142291Z",
            "yes_price": 46,
            "no_price": 54,
            "taker_side": "yes"
        },
        {
            "trade_id": "c3008d53-0bc2-4b2c-9338-6064444b5e98",
            "ticker": "HIGHAUS-24SEP30-B95.5",
            "count": 15,
            "created_time": "2024-09-29T19:14:48.16568Z",
            "yes_price": 41,
            "no_price": 59,
            "taker_side": "yes"
        },
        {
            "trade_id": "b61bb8a1-7965-426f-b5e2-a0ee3ad7895c",
            "ticker": "HIGHAUS-24SEP30-B95.5",
            "count": 150,
            "created_time": "2024-09-29T19:14:48.16568Z",
            "yes_price": 44,
            "no_price": 56,
            "taker_side": "yes"
        },
        {
            "trade_id": "015e5c91-a158-4f90-9285-f03b6184ac0d",
            "ticker": "HIGHAUS-24SEP30-B95.5",
            "count": 150,
            "created_time": "2024-09-29T19:14:48.16568Z",
            "yes_price": 46,
            "no_price": 54,
            "taker_side": "yes"
        },
        {
            "trade_id": "d377d3c5-0ef8-41af-8374-8907008c40ac",
            "ticker": "HIGHAUS-24SEP30-B95.5",
            "count": 30,
            "created_time": "2024-09-29T19:12:30.040131Z",
            "yes_price": 41,
            "no_price": 59,
            "taker_side": "no"
        },
        {
            "trade_id": "24595aa9-cfb9-496a-ba60-a6dd37c83173",
            "ticker": "HIGHAUS-24SEP30-B95.5",
            "count": 20,
            "created_time": "2024-09-29T18:05:30.251099Z",
            "yes_price": 45,
            "no_price": 55,
            "taker_side": "yes"
        },
        {
            "trade_id": "11fef09b-d9af-4d28-8190-5b6ced0b76f3",
            "ticker": "HIGHAUS-24SEP30-B95.5",
            "count": 10,
            "created_time": "2024-09-29T15:50:11.516234Z",
            "yes_price": 41,
            "no_price": 59,
            "taker_side": "yes"
        }
    ],
    "HIGHAUS-24SEP30-B97.5": [
        {
            "trade_id": "8394418d-8bd0-4726-8201-683b16614a08",
            "ticker": "HIGHAUS-24SEP30-B97.5",
            "count": 29,
            "created_time": "2024-10-01T00:10:02.06835Z",
            "yes_price": 98,
            "no_price": 2,
            "taker_side": "no"
        },
        {
            "trade_id": "f1bfd5f4-3f6b-4237-84d0-00190886bce1",
            "ticker": "HIGHAUS-24SEP30-B97.5",
            "count": 20,
            "created_time": "2024-09-30T22:34:35.594635Z",
            "yes_price": 98,
            "no_price": 2,
            "taker_side": "yes"
        },
        {
            "trade_id": "e6c3c8e5-6429-4ba7-99d2-edd3bb9d518b",
            "ticker": "HIGHAUS-24SEP30-B97.5",
            "count": 5,
            "created_time": "2024-09-30T22:26:16.013061Z",
            "yes_price": 90,
            "no_price": 10,
            "taker_side": "no"
        },
        {
            "trade_id": "5319d380-216c-41ab-9815-79d2deef47ca",
            "ticker": "HIGHAUS-24SEP30-B97.5",
            "count": 49,
            "created_time": "2024-09-30T22:18:48.28513Z",
            "yes_price": 97,
            "no_price": 3,
            "taker_side": "yes"
        },
        {
            "trade_id": "54b312b8-f28e-43a3-b21e-d9c9af94e5a8",
            "ticker": "HIGHAUS-24SEP30-B97.5",
            "count": 100,
            "created_time": "2024-09-30T22:17:37.663032Z",
            "yes_price": 95,
            "no_price": 5,
            "taker_side": "yes"
        },
        {
            "trade_id": "8591ff5e-3bb5-43ba-9dad-de2c100be88a",
            "ticker": "HIGHAUS-24SEP30-B97.5",
            "count": 643,
            "created_time": "2024-09-30T22:17:33.876965Z",
            "yes_price": 94,
            "no_price": 6,
            "taker_side": "yes"
        },
        {
            "trade_id": "41e581fe-9a1d-41d2-ae85-4296dcb6b941",
            "ticker": "HIGHAUS-24SEP30-B97.5",
            "count": 10,
            "created_time": "2024-09-30T20:52:43.045289Z",
            "yes_price": 94,
            "no_price": 6,
            "taker_side": "yes"
        },
        {
            "trade_id": "b57eb1d7-51f5-462c-9624-22739014c072",
            "ticker": "HIGHAUS-24SEP30-B97.5",
            "count": 1,
            "created_time": "2024-09-30T20:30:49.31357Z",
            "yes_price": 97,
            "no_price": 3,
            "taker_side": "yes"
        },
        {
            "trade_id": "663a0167-9c46-4107-aa06-902f44bd8837",
            "ticker": "HIGHAUS-24SEP30-B97.5",
            "count": 3,
            "created_time": "2024-09-30T20:15:21.387422Z",
            "yes_price": 60,
            "no_price": 40,
            "taker_side": "yes"
        },
        {
            "trade_id": "650f628e-43a2-4081-9bc0-e8368f048ca9",
            "ticker": "HIGHAUS-24SEP30-B97.5",
            "count": 7,
            "created_time": "2024-09-30T20:15:21.387422Z",
            "yes_price": 45,
            "no_price": 55,
            "taker_side": "yes"
        },
        {
            "trade_id": "5a6a37c3-c4b6-45a3-b8d6-7934b6f4ca05",
            "ticker": "HIGHAUS-24SEP30-B97.5",
            "count": 5,
            "created_time": "2024-09-30T20:15:21.387422Z",
            "yes_price": 53,
            "no_price": 47,
            "taker_side": "yes"
        },
        {
            "trade_id": "50cd3f62-89fd-48b1-ad2b-b1cea6cf41cd",
            "ticker": "HIGHAUS-24SEP30-B97.5",
            "count": 22,
            "created_time": "2024-09-30T20:15:21.387422Z",
            "yes_price": 55,
            "no_price": 45,
            "taker_side": "yes"
        },
        {
            "trade_id": "b9e94095-2478-4b75-a791-7b00d3e83bf0",
            "ticker": "HIGHAUS-24SEP30-B97.5",
            "count": 1,
            "created_time": "2024-09-30T19:52:36.627843Z",
            "yes_price": 22,
            "no_price": 78,
            "taker_side": "no"
        },
        {
            "trade_id": "bf8c74ef-e0b7-471c-a976-2ba1a9eaf199",
            "ticker": "HIGHAUS-24SEP30-B97.5",
            "count": 500,
            "created_time": "2024-09-30T19:36:56.579247Z",
            "yes_price": 35,
            "no_price": 65,
            "taker_side": "yes"
        },
        {
            "trade_id": "8d65bffc-e9b3-4a13-872b-9bcae2102498",
            "ticker": "HIGHAUS-24SEP30-B97.5",
            "count": 3,
            "created_time": "2024-09-30T18:52:38.135214Z",
            "yes_price": 26,
            "no_price": 74,
            "taker_side": "no"
        },
        {
            "trade_id": "f5df1b59-4c74-44f9-8025-49da15e751f3",
            "ticker": "HIGHAUS-24SEP30-B97.5",
            "count": 75,
            "created_time": "2024-09-30T17:28:44.923226Z",
            "yes_price": 35,
            "no_price": 65,
            "taker_side": "yes"
        },
        {
            "trade_id": "219911e2-cf6d-420c-9d4c-0ebe971d7749",
            "ticker": "HIGHAUS-24SEP30-B97.5",
            "count": 15,
            "created_time": "2024-09-30T17:28:37.950049Z",
            "yes_price": 35,
            "no_price": 65,
            "taker_side": "yes"
        },
        {
            "trade_id": "cf716efb-b6a4-4ec4-afe7-349b55d1f9b5",
            "ticker": "HIGHAUS-24SEP30-B97.5",
            "count": 60,
            "created_time": "2024-09-30T17:24:45.666436Z",
            "yes_price": 35,
            "no_price": 65,
            "taker_side": "yes"
        },
        {
            "trade_id": "6a0613fe-cdbc-4ac0-9cd0-44f53545fb09",
            "ticker": "HIGHAUS-24SEP30-B97.5",
            "count": 60,
            "created_time": "2024-09-30T17:24:37.407949Z",
            "yes_price": 35,
            "no_price": 65,
            "taker_side": "yes"
        },
        {
            "trade_id": "c196d865-00e7-426d-a8e0-08b02d063b17",
            "ticker": "HIGHAUS-24SEP30-B97.5",
            "count": 150,
            "created_time": "2024-09-30T17:04:20.515142Z",
            "yes_price": 31,
            "no_price": 69,
            "taker_side": "no"
        },
        {
            "trade_id": "ffd1115c-5ffe-41e0-9d5c-b73ee20199f1",
            "ticker": "HIGHAUS-24SEP30-B97.5",
            "count": 60,
            "created_time": "2024-09-30T17:04:11.487755Z",
            "yes_price": 33,
            "no_price": 67,
            "taker_side": "no"
        },
        {
            "trade_id": "1feea676-3ef4-4ad5-b921-5101be8abf4c",
            "ticker": "HIGHAUS-24SEP30-B97.5",
            "count": 10,
            "created_time": "2024-09-30T15:55:01.880323Z",
            "yes_price": 32,
            "no_price": 68,
            "taker_side": "no"
        },
        {
            "trade_id": "74d5dfd7-6ff1-4120-898e-8a7a4934c7e9",
            "ticker": "HIGHAUS-24SEP30-B97.5",
            "count": 29,
            "created_time": "2024-09-30T14:28:19.593172Z",
            "yes_price": 32,
            "no_price": 68,
            "taker_side": "yes"
        },
        {
            "trade_id": "55aac3bd-f4ab-4672-bde6-c1c71d5d27bf",
            "ticker": "HIGHAUS-24SEP30-B97.5",
            "count": 37,
            "created_time": "2024-09-30T13:04:00.933903Z",
            "yes_price": 40,
            "no_price": 60,
            "taker_side": "yes"
        },
        {
            "trade_id": "741bf510-f627-42fb-aff4-fa0a4e2c5629",
            "ticker": "HIGHAUS-24SEP30-B97.5",
            "count": 20,
            "created_time": "2024-09-30T12:56:00.167244Z",
            "yes_price": 36,
            "no_price": 64,
            "taker_side": "yes"
        },
        {
            "trade_id": "37b22363-9985-4645-badd-adc88ab9ebad",
            "ticker": "HIGHAUS-24SEP30-B97.5",
            "count": 14,
            "created_time": "2024-09-30T12:56:00.167244Z",
            "yes_price": 36,
            "no_price": 64,
            "taker_side": "yes"
        },
        {
            "trade_id": "2583ae48-40c7-496b-813e-9031c7de4abe",
            "ticker": "HIGHAUS-24SEP30-B97.5",
            "count": 50,
            "created_time": "2024-09-30T12:56:00.167244Z",
            "yes_price": 38,
            "no_price": 62,
            "taker_side": "yes"
        },
        {
            "trade_id": "fd8a3479-78f6-497f-ae72-5a787474cb15",
            "ticker": "HIGHAUS-24SEP30-B97.5",
            "count": 100,
            "created_time": "2024-09-30T12:55:18.824306Z",
            "yes_price": 35,
            "no_price": 65,
            "taker_side": "yes"
        },
        {
            "trade_id": "9a729c4a-28a7-43f5-969f-19374de4ab68",
            "ticker": "HIGHAUS-24SEP30-B97.5",
            "count": 90,
            "created_time": "2024-09-30T12:55:18.824306Z",
            "yes_price": 35,
            "no_price": 65,
            "taker_side": "yes"
        },
        {
            "trade_id": "d1932a6d-0009-4638-b16c-34c3dabf61a5",
            "ticker": "HIGHAUS-24SEP30-B97.5",
            "count": 15,
            "created_time": "2024-09-30T12:53:55.515413Z",
            "yes_price": 30,
            "no_price": 70,
            "taker_side": "yes"
        },
        {
            "trade_id": "44f0d4b3-6e2a-41e8-b586-b596c1d90995",
            "ticker": "HIGHAUS-24SEP30-B97.5",
            "count": 150,
            "created_time": "2024-09-30T12:53:55.515413Z",
            "yes_price": 34,
            "no_price": 66,
            "taker_side": "yes"
        },
        {
            "trade_id": "1c8108ab-7721-4a66-90a8-49632aa99703",
            "ticker": "HIGHAUS-24SEP30-B97.5",
            "count": 150,
            "created_time": "2024-09-30T12:53:55.515413Z",
            "yes_price": 32,
            "no_price": 68,
            "taker_side": "yes"
        },
        {
            "trade_id": "a07b9ff8-a773-46f0-880d-650b45cc3494",
            "ticker": "HIGHAUS-24SEP30-B97.5",
            "count": 103,
            "created_time": "2024-09-30T12:00:34.309609Z",
            "yes_price": 32,
            "no_price": 68,
            "taker_side": "no"
        },
        {
            "trade_id": "b21d2ee0-ef9a-4d78-aae7-29d72333ab81",
            "ticker": "HIGHAUS-24SEP30-B97.5",
            "count": 30,
            "created_time": "2024-09-30T12:00:34.296439Z",
            "yes_price": 32,
            "no_price": 68,
            "taker_side": "no"
        },
        {
            "trade_id": "e42414ec-7de4-4b67-8726-262ca0c714ca",
            "ticker": "HIGHAUS-24SEP30-B97.5",
            "count": 3,
            "created_time": "2024-09-30T03:03:30.467114Z",
            "yes_price": 38,
            "no_price": 62,
            "taker_side": "yes"
        },
        {
            "trade_id": "5860f2aa-572e-4be0-a8f1-3c3c13b02057",
            "ticker": "HIGHAUS-24SEP30-B97.5",
            "count": 83,
            "created_time": "2024-09-30T03:03:30.467114Z",
            "yes_price": 40,
            "no_price": 60,
            "taker_side": "yes"
        },
        {
            "trade_id": "3e13e94b-1e53-498d-965d-c7553353e497",
            "ticker": "HIGHAUS-24SEP30-B97.5",
            "count": 150,
            "created_time": "2024-09-30T03:03:30.467114Z",
            "yes_price": 40,
            "no_price": 60,
            "taker_side": "yes"
        },
        {
            "trade_id": "02471e1d-6ca0-4e26-b80e-c500b6f3071c",
            "ticker": "HIGHAUS-24SEP30-B97.5",
            "count": 30,
            "created_time": "2024-09-30T03:03:30.467114Z",
            "yes_price": 38,
            "no_price": 62,
            "taker_side": "yes"
        },
        {
            "trade_id": "926e0960-900f-436a-8aef-110e30364bab",
            "ticker": "HIGHAUS-24SEP30-B97.5",
            "count": 15,
            "created_time": "2024-09-29T20:30:01.403474Z",
            "yes_price": 30,
            "no_price": 70,
            "taker_side": "yes"
        },
        {
            "trade_id": "2e4f37d8-19cf-41da-8bb7-395a6da2471e",
            "ticker": "HIGHAUS-24SEP30-B97.5",
            "count": 3,
            "created_time": "2024-09-29T20:00:34.99541Z",
            "yes_price": 35,
            "no_price": 65,
            "taker_side": "no"
        },
        {
            "trade_id": "45cd2a7c-1612-4619-a5e9-e0991592a435",
            "ticker": "HIGHAUS-24SEP30-B97.5",
            "count": 30,
            "created_time": "2024-09-29T19:55:26.433288Z",
            "yes_price": 36,
            "no_price": 64,
            "taker_side": "yes"
        },
        {
            "trade_id": "74f1787e-b014-4305-a923-db88c07e4508",
            "ticker": "HIGHAUS-24SEP30-B97.5",
            "count": 2,
            "created_time": "2024-09-29T18:05:44.916121Z",
            "yes_price": 40,
            "no_price": 60,
            "taker_side": "no"
        },
        {
            "trade_id": "64ecaa7c-b763-4343-a79f-1a342bce1905",
            "ticker": "HIGHAUS-24SEP30-B97.5",
            "count": 3,
            "created_time": "2024-09-29T18:05:42.458186Z",
            "yes_price": 40,
            "no_price": 60,
            "taker_side": "yes"
        },
        {
            "trade_id": "4e1a125f-8fcb-4e52-843f-eb194d525c04",
            "ticker": "HIGHAUS-24SEP30-B97.5",
            "count": 15,
            "created_time": "2024-09-29T18:05:42.458186Z",
            "yes_price": 40,
            "no_price": 60,
            "taker_side": "yes"
        },
        {
            "trade_id": "c5f59517-e5b4-4e8a-9695-eab33c9feb04",
            "ticker": "HIGHAUS-24SEP30-B97.5",
            "count": 70,
            "created_time": "2024-09-29T17:08:28.780685Z",
            "yes_price": 40,
            "no_price": 60,
            "taker_side": "no"
        },
        {
            "trade_id": "027abbfc-df4c-4739-a9fd-e5ebf85ce00f",
            "ticker": "HIGHAUS-24SEP30-B97.5",
            "count": 150,
            "created_time": "2024-09-29T17:08:28.765286Z",
            "yes_price": 40,
            "no_price": 60,
            "taker_side": "no"
        },
        {
            "trade_id": "d219a684-26f8-4e56-93c9-8b2bd4dc59f7",
            "ticker": "HIGHAUS-24SEP30-B97.5",
            "count": 30,
            "created_time": "2024-09-29T17:08:28.750826Z",
            "yes_price": 40,
            "no_price": 60,
            "taker_side": "no"
        }
    ],
    "HIGHAUS-24SEP30-T98": [
        {
            "trade_id": "666539d7-06f0-41a2-adc3-b98fc819be6d",
            "ticker": "HIGHAUS-24SEP30-T98",
            "count": 47,
            "created_time": "2024-09-30T14:28:37.970303Z",
            "yes_price": 14,
            "no_price": 86,
            "taker_side": "yes"
        },
        {
            "trade_id": "5bc501f6-17b2-48f0-9193-f8908f5bb9de",
            "ticker": "HIGHAUS-24SEP30-T98",
            "count": 100,
            "created_time": "2024-09-30T12:55:18.949284Z",
            "yes_price": 2,
            "no_price": 98,
            "taker_side": "no"
        }
    ]
}