{
    "HIGHAUS-24SEP22-T91": [
        {
            "trade_id": "ee276b70-dbf9-4844-921d-d515fefe4841",
            "ticker": "HIGHAUS-24SEP22-T91",
            "count": 40,
            "created_time": "2024-09-22T14:06:58.988642Z",
            "yes_price": 1,
            "no_price": 99,
            "taker_side": "no"
        },
        {
            "trade_id": "bcd4414c-d9ec-4e9d-9497-241a8de30bc5",
            "ticker": "HIGHAUS-24SEP22-T91",
            "count": 2,
            "created_time": "2024-09-22T14:06:58.988642Z",
            "yes_price": 1,
            "no_price": 99,
            "taker_side": "no"
        },
        {
            "trade_id": "32fe6925-89cb-4f09-83a8-613c5772a1dd",
            "ticker": "HIGHAUS-24SEP22-T91",
            "count": 10,
            "created_time": "2024-09-21T19:40:44.689615Z",
            "yes_price": 1,
            "no_price": 99,
            "taker_side": "no"
        }
    ],
    "HIGHAUS-24SEP22-B91.5": [
        {
            "trade_id": "177ee729-575e-4071-96d8-45cca78da58d",
            "ticker": "HIGHAUS-24SEP22-B91.5",
            "count": 1,
            "created_time": "2024-09-22T18:37:54.616597Z",
            "yes_price": 1,
            "no_price": 99,
            "taker_side": "no"
        },
        {
            "trade_id": "e9c5c2d2-54c7-42d6-8208-9208539b9f6d",
            "ticker": "HIGHAUS-24SEP22-B91.5",
            "count": 40,
            "created_time": "2024-09-22T14:07:12.748699Z",
            "yes_price": 1,
            "no_price": 99,
            "taker_side": "no"
        },
        {
            "trade_id": "039ddbc0-07c7-402f-8521-57e83bc6d3ae",
            "ticker": "HIGHAUS-24SEP22-B91.5",
            "count": 35,
            "created_time": "2024-09-22T14:07:12.748699Z",
            "yes_price": 1,
            "no_price": 99,
            "taker_side": "no"
        },
        {
            "trade_id": "20499f09-106c-416e-83df-f4afdc1d5714",
            "ticker": "HIGHAUS-24SEP22-B91.5",
            "count": 10,
            "created_time": "2024-09-21T19:40:34.145907Z",
            "yes_price": 1,
            "no_price": 99,
            "taker_side": "no"
        }
    ],
    "HIGHAUS-24SEP22-B93.5": [
        {
            "trade_id": "063bed16-0ad0-40cf-a815-cfe556fff631",
            "ticker": "HIGHAUS-24SEP22-B93.5",
            "count": 935,
            "created_time": "2024-09-22T23:06:51.141881Z",
            "yes_price": 1,
            "no_price": 99,
            "taker_side": "yes"
        },
        {
            "trade_id": "95363fc3-44d4-4389-98ce-830204771ffd",
            "ticker": "HIGHAUS-24SEP22-B93.5",
            "count": 12,
            "created_time": "2024-09-22T21:53:39.590181Z",
            "yes_price": 1,
            "no_price": 99,
            "taker_side": "yes"
        },
        {
            "trade_id": "16ed53ee-9944-4690-aee6-7350e002169c",
            "ticker": "HIGHAUS-24SEP22-B93.5",
            "count": 1402,
            "created_time": "2024-09-22T21:53:39.590181Z",
            "yes_price": 1,
            "no_price": 99,
            "taker_side": "yes"
        },
        {
            "trade_id": "f4fa54df-2523-4601-adc6-a805815abc67",
            "ticker": "HIGHAUS-24SEP22-B93.5",
            "count": 25,
            "created_time": "2024-09-22T18:27:54.461Z",
            "yes_price": 3,
            "no_price": 97,
            "taker_side": "no"
        },
        {
            "trade_id": "7198738c-ca37-4614-800c-0f76a022ddb2",
            "ticker": "HIGHAUS-24SEP22-B93.5",
            "count": 126,
            "created_time": "2024-09-22T18:27:54.461Z",
            "yes_price": 1,
            "no_price": 99,
            "taker_side": "no"
        },
        {
            "trade_id": "4c314569-c3a0-48ca-802e-5e34e87a7062",
            "ticker": "HIGHAUS-24SEP22-B93.5",
            "count": 2,
            "created_time": "2024-09-22T18:27:54.461Z",
            "yes_price": 3,
            "no_price": 97,
            "taker_side": "no"
        },
        {
            "trade_id": "3cce929e-7cd2-4104-8486-2a8e5c6dc815",
            "ticker": "HIGHAUS-24SEP22-B93.5",
            "count": 50,
            "created_time": "2024-09-22T18:27:54.461Z",
            "yes_price": 1,
            "no_price": 99,
            "taker_side": "no"
        },
        {
            "trade_id": "fa82507b-82cb-4414-b103-514d3aae8291",
            "ticker": "HIGHAUS-24SEP22-B93.5",
            "count": 21,
            "created_time": "2024-09-22T16:58:47.246952Z",
            "yes_price": 12,
            "no_price": 88,
            "taker_side": "yes"
        },
        {
            "trade_id": "9dcd2943-a8b4-44eb-9486-43c1e372c113",
            "ticker": "HIGHAUS-24SEP22-B93.5",
            "count": 60,
            "created_time": "2024-09-22T16:58:47.246952Z",
            "yes_price": 11,
            "no_price": 89,
            "taker_side": "yes"
        },
        {
            "trade_id": "002d0dcb-4d1a-45b2-8c22-397addacb93e",
            "ticker": "HIGHAUS-24SEP22-B93.5",
            "count": 2,
            "created_time": "2024-09-22T16:58:47.246952Z",
            "yes_price": 10,
            "no_price": 90,
            "taker_side": "yes"
        },
        {
            "trade_id": "7cf0f2ba-1e68-4a6b-9a18-80d2179bcbcd",
            "ticker": "HIGHAUS-24SEP22-B93.5",
            "count": 2,
            "created_time": "2024-09-22T16:33:59.953907Z",
            "yes_price": 10,
            "no_price": 90,
            "taker_side": "yes"
        },
        {
            "trade_id": "472625b6-3f4d-4aa0-a2f6-cdf4790d0b43",
            "ticker": "HIGHAUS-24SEP22-B93.5",
            "count": 44,
            "created_time": "2024-09-22T16:33:59.953907Z",
            "yes_price": 10,
            "no_price": 90,
            "taker_side": "yes"
        },
        {
            "trade_id": "42f22c66-2811-417d-9611-285fcf953901",
            "ticker": "HIGHAUS-24SEP22-B93.5",
            "count": 146,
            "created_time": "2024-09-22T14:58:22.551667Z",
            "yes_price": 7,
            "no_price": 93,
            "taker_side": "no"
        },
        {
            "trade_id": "a527d685-db08-4b47-a901-8c935f3505c5",
            "ticker": "HIGHAUS-24SEP22-B93.5",
            "count": 8,
            "created_time": "2024-09-22T14:12:50.080987Z",
            "yes_price": 7,
            "no_price": 93,
            "taker_side": "no"
        },
        {
            "trade_id": "743ce7e7-5242-4773-810c-fa5f20f007b4",
            "ticker": "HIGHAUS-24SEP22-B93.5",
            "count": 2,
            "created_time": "2024-09-22T14:09:39.843648Z",
            "yes_price": 8,
            "no_price": 92,
            "taker_side": "no"
        },
        {
            "trade_id": "ff138ff8-8dfc-437a-956e-09e8d0f3fa56",
            "ticker": "HIGHAUS-24SEP22-B93.5",
            "count": 1,
            "created_time": "2024-09-22T13:55:51.485861Z",
            "yes_price": 9,
            "no_price": 91,
            "taker_side": "yes"
        },
        {
            "trade_id": "33411461-031a-45b6-a1ec-cecbebe3eb05",
            "ticker": "HIGHAUS-24SEP22-B93.5",
            "count": 10,
            "created_time": "2024-09-22T13:21:53.497426Z",
            "yes_price": 8,
            "no_price": 92,
            "taker_side": "no"
        },
        {
            "trade_id": "19b92bc0-f2e5-45d4-84f9-e5ac3689dcf5",
            "ticker": "HIGHAUS-24SEP22-B93.5",
            "count": 1,
            "created_time": "2024-09-22T12:19:12.14835Z",
            "yes_price": 8,
            "no_price": 92,
            "taker_side": "yes"
        },
        {
            "trade_id": "bae77018-43ec-4d14-8196-13d8df28a4fb",
            "ticker": "HIGHAUS-24SEP22-B93.5",
            "count": 107,
            "created_time": "2024-09-22T12:04:16.266802Z",
            "yes_price": 7,
            "no_price": 93,
            "taker_side": "no"
        },
        {
            "trade_id": "e19982d6-1b98-4af9-9d47-0df3643b971b",
            "ticker": "HIGHAUS-24SEP22-B93.5",
            "count": 207,
            "created_time": "2024-09-22T12:04:03.446317Z",
            "yes_price": 7,
            "no_price": 93,
            "taker_side": "no"
        },
        {
            "trade_id": "14009b55-aecb-445b-bba9-4dab71b31bf5",
            "ticker": "HIGHAUS-24SEP22-B93.5",
            "count": 2,
            "created_time": "2024-09-22T12:04:03.446317Z",
            "yes_price": 11,
            "no_price": 89,
            "taker_side": "no"
        },
        {
            "trade_id": "243f3c26-788e-443e-89fc-64283c1a43ce",
            "ticker": "HIGHAUS-24SEP22-B93.5",
            "count": 5,
            "created_time": "2024-09-22T01:59:16.455762Z",
            "yes_price": 11,
            "no_price": 89,
            "taker_side": "no"
        },
        {
            "trade_id": "c92e965b-7f46-4c69-99ea-0433eaf8cf33",
            "ticker": "HIGHAUS-24SEP22-B93.5",
            "count": 180,
            "created_time": "2024-09-22T01:53:50.169538Z",
            "yes_price": 13,
            "no_price": 87,
            "taker_side": "yes"
        },
        {
            "trade_id": "357196fe-8e55-4bae-b660-c7c6e39fd13f",
            "ticker": "HIGHAUS-24SEP22-B93.5",
            "count": 54,
            "created_time": "2024-09-22T01:53:50.169538Z",
            "yes_price": 12,
            "no_price": 88,
            "taker_side": "yes"
        },
        {
            "trade_id": "5d44e3b1-19d4-4c9a-8ff7-9fd653473ee2",
            "ticker": "HIGHAUS-24SEP22-B93.5",
            "count": 2,
            "created_time": "2024-09-22T01:45:47.146334Z",
            "yes_price": 12,
            "no_price": 88,
            "taker_side": "yes"
        },
        {
            "trade_id": "214926d9-5e83-4432-ab81-7b796472fce0",
            "ticker": "HIGHAUS-24SEP22-B93.5",
            "count": 108,
            "created_time": "2024-09-22T01:45:47.146334Z",
            "yes_price": 12,
            "no_price": 88,
            "taker_side": "yes"
        },
        {
            "trade_id": "c88e2755-e5eb-4373-8d77-f8c7b3e9bdfc",
            "ticker": "HIGHAUS-24SEP22-B93.5",
            "count": 111,
            "created_time": "2024-09-21T23:34:18.261138Z",
            "yes_price": 11,
            "no_price": 89,
            "taker_side": "no"
        },
        {
            "trade_id": "80952556-6ff9-4a0c-a585-e3b2fc3d8b4b",
            "ticker": "HIGHAUS-24SEP22-B93.5",
            "count": 162,
            "created_time": "2024-09-21T20:45:40.413589Z",
            "yes_price": 11,
            "no_price": 89,
            "taker_side": "no"
        },
        {
            "trade_id": "97932dcb-a5a3-4a36-a6f0-8a0a38c7a442",
            "ticker": "HIGHAUS-24SEP22-B93.5",
            "count": 18,
            "created_time": "2024-09-21T20:45:11.170621Z",
            "yes_price": 12,
            "no_price": 88,
            "taker_side": "no"
        },
        {
            "trade_id": "40699e41-06a1-496d-86bc-613e74aab4fa",
            "ticker": "HIGHAUS-24SEP22-B93.5",
            "count": 18,
            "created_time": "2024-09-21T20:45:11.170621Z",
            "yes_price": 11,
            "no_price": 89,
            "taker_side": "no"
        },
        {
            "trade_id": "d04f39d3-ef76-494c-be9e-ac97178c8e33",
            "ticker": "HIGHAUS-24SEP22-B93.5",
            "count": 72,
            "created_time": "2024-09-21T20:43:15.258113Z",
            "yes_price": 13,
            "no_price": 87,
            "taker_side": "no"
        },
        {
            "trade_id": "32bab642-9bc0-43c7-a91b-f2eed0e0be08",
            "ticker": "HIGHAUS-24SEP22-B93.5",
            "count": 18,
            "created_time": "2024-09-21T20:42:35.861367Z",
            "yes_price": 13,
            "no_price": 87,
            "taker_side": "no"
        },
        {
            "trade_id": "8377f8df-60cb-4320-aee6-206feba13922",
            "ticker": "HIGHAUS-24SEP22-B93.5",
            "count": 90,
            "created_time": "2024-09-21T20:42:03.886922Z",
            "yes_price": 13,
            "no_price": 87,
            "taker_side": "no"
        },
        {
            "trade_id": "a8208892-00e8-4383-aa4a-dd27ebfb4364",
            "ticker": "HIGHAUS-24SEP22-B93.5",
            "count": 18,
            "created_time": "2024-09-21T20:41:46.98996Z",
            "yes_price": 13,
            "no_price": 87,
            "taker_side": "no"
        },
        {
            "trade_id": "6acd2bbb-b5aa-464d-8425-0c02b9294481",
            "ticker": "HIGHAUS-24SEP22-B93.5",
            "count": 36,
            "created_time": "2024-09-21T20:41:29.577862Z",
            "yes_price": 13,
            "no_price": 87,
            "taker_side": "no"
        },
        {
            "trade_id": "d0291cd3-438d-4473-8ccf-c249b9af2baf",
            "ticker": "HIGHAUS-24SEP22-B93.5",
            "count": 36,
            "created_time": "2024-09-21T20:41:00.723364Z",
            "yes_price": 14,
            "no_price": 86,
            "taker_side": "no"
        },
        {
            "trade_id": "2a1f6f1c-d1bb-43e7-90e5-4e38cd9ec3ce",
            "ticker": "HIGHAUS-24SEP22-B93.5",
            "count": 50,
            "created_time": "2024-09-21T20:40:01.536409Z",
            "yes_price": 13,
            "no_price": 87,
            "taker_side": "no"
        },
        {
            "trade_id": "a066da63-ed61-4121-8da7-af42b0ab9570",
            "ticker": "HIGHAUS-24SEP22-B93.5",
            "count": 36,
            "created_time": "2024-09-21T19:52:59.792542Z",
            "yes_price": 14,
            "no_price": 86,
            "taker_side": "no"
        },
        {
            "trade_id": "9ead2b11-d0a2-43e7-832b-e8ef61c6bdb8",
            "ticker": "HIGHAUS-24SEP22-B93.5",
            "count": 60,
            "created_time": "2024-09-21T19:49:31.576899Z",
            "yes_price": 15,
            "no_price": 85,
            "taker_side": "no"
        },
        {
            "trade_id": "bd192034-b12a-4af6-b83d-b4fc28ef9fdd",
            "ticker": "HIGHAUS-24SEP22-B93.5",
            "count": 10,
            "created_time": "2024-09-21T19:45:54.552817Z",
            "yes_price": 15,
            "no_price": 85,
            "taker_side": "no"
        },
        {
            "trade_id": "d15ce0e9-6006-4cfb-870e-8f71cf7b7f10",
            "ticker": "HIGHAUS-24SEP22-B93.5",
            "count": 2,
            "created_time": "2024-09-21T19:45:35.703848Z",
            "yes_price": 15,
            "no_price": 85,
            "taker_side": "no"
        },
        {
            "trade_id": "1c7879b2-21e6-40bd-9667-a85a7b014ea2",
            "ticker": "HIGHAUS-24SEP22-B93.5",
            "count": 230,
            "created_time": "2024-09-21T19:45:35.703848Z",
            "yes_price": 15,
            "no_price": 85,
            "taker_side": "no"
        },
        {
            "trade_id": "fd28c87b-204c-4ba6-b789-2731648b6ecc",
            "ticker": "HIGHAUS-24SEP22-B93.5",
            "count": 72,
            "created_time": "2024-09-21T18:50:49.318496Z",
            "yes_price": 15,
            "no_price": 85,
            "taker_side": "no"
        },
        {
            "trade_id": "e7b6813b-0764-47e6-81bb-8bb35b5348f3",
            "ticker": "HIGHAUS-24SEP22-B93.5",
            "count": 180,
            "created_time": "2024-09-21T18:49:43.135743Z",
            "yes_price": 16,
            "no_price": 84,
            "taker_side": "no"
        },
        {
            "trade_id": "9cc13eba-a45a-4a89-b742-ee36b47db395",
            "ticker": "HIGHAUS-24SEP22-B93.5",
            "count": 126,
            "created_time": "2024-09-21T18:49:43.135743Z",
            "yes_price": 18,
            "no_price": 82,
            "taker_side": "no"
        },
        {
            "trade_id": "639179c1-78ea-4db5-9741-4e5757a745d7",
            "ticker": "HIGHAUS-24SEP22-B93.5",
            "count": 180,
            "created_time": "2024-09-21T18:49:43.135743Z",
            "yes_price": 15,
            "no_price": 85,
            "taker_side": "no"
        },
        {
            "trade_id": "311355c4-cb58-4460-95ff-e4cb6c7b776c",
            "ticker": "HIGHAUS-24SEP22-B93.5",
            "count": 2,
            "created_time": "2024-09-21T18:48:26.955802Z",
            "yes_price": 18,
            "no_price": 82,
            "taker_side": "yes"
        },
        {
            "trade_id": "cef406fc-b31d-4de9-b440-6ba066aff7a5",
            "ticker": "HIGHAUS-24SEP22-B93.5",
            "count": 32,
            "created_time": "2024-09-21T17:28:09.217667Z",
            "yes_price": 7,
            "no_price": 93,
            "taker_side": "no"
        }
    ],
    "HIGHAUS-24SEP22-B95.5": [
        {
            "trade_id": "fe0b5494-8e61-4b39-9937-a51f29b251fb",
            "ticker": "HIGHAUS-24SEP22-B95.5",
            "count": 106,
            "created_time": "2024-09-22T21:53:52.793644Z",
            "yes_price": 1,
            "no_price": 99,
            "taker_side": "yes"
        },
        {
            "trade_id": "f7b8c13d-89c3-4e36-aee2-b561342553b9",
            "ticker": "HIGHAUS-24SEP22-B95.5",
            "count": 250,
            "created_time": "2024-09-22T21:53:52.793644Z",
            "yes_price": 1,
            "no_price": 99,
            "taker_side": "yes"
        },
        {
            "trade_id": "dfac2392-038e-4891-abcc-759fda283a29",
            "ticker": "HIGHAUS-24SEP22-B95.5",
            "count": 106,
            "created_time": "2024-09-22T21:53:52.793644Z",
            "yes_price": 1,
            "no_price": 99,
            "taker_side": "yes"
        },
        {
            "trade_id": "d0a48108-248a-42ea-bebe-b76d2d63bb8a",
            "ticker": "HIGHAUS-24SEP22-B95.5",
            "count": 106,
            "created_time": "2024-09-22T21:53:52.793644Z",
            "yes_price": 1,
            "no_price": 99,
            "taker_side": "yes"
        },
        {
            "trade_id": "cc2bf2c3-220e-4d96-80e4-5dc5d63e47ad",
            "ticker": "HIGHAUS-24SEP22-B95.5",
            "count": 106,
            "created_time": "2024-09-22T21:53:52.793644Z",
            "yes_price": 1,
            "no_price": 99,
            "taker_side": "yes"
        },
        {
            "trade_id": "c836847b-aaed-4ab2-bd54-43e397c0ad91",
            "ticker": "HIGHAUS-24SEP22-B95.5",
            "count": 106,
            "created_time": "2024-09-22T21:53:52.793644Z",
            "yes_price": 1,
            "no_price": 99,
            "taker_side": "yes"
        },
        {
            "trade_id": "9847d853-db42-45bd-92ec-8c9e6c17250c",
            "ticker": "HIGHAUS-24SEP22-B95.5",
            "count": 250,
            "created_time": "2024-09-22T21:53:52.793644Z",
            "yes_price": 1,
            "no_price": 99,
            "taker_side": "yes"
        },
        {
            "trade_id": "93fdd2f1-610e-46f0-bea3-8018eb534062",
            "ticker": "HIGHAUS-24SEP22-B95.5",
            "count": 106,
            "created_time": "2024-09-22T21:53:52.793644Z",
            "yes_price": 1,
            "no_price": 99,
            "taker_side": "yes"
        },
        {
            "trade_id": "89e7aec5-579c-4615-89b5-e4232d58de26",
            "ticker": "HIGHAUS-24SEP22-B95.5",
            "count": 250,
            "created_time": "2024-09-22T21:53:52.793644Z",
            "yes_price": 1,
            "no_price": 99,
            "taker_side": "yes"
        },
        {
            "trade_id": "72edbc36-34e2-408b-8720-8ba3cadc8a79",
            "ticker": "HIGHAUS-24SEP22-B95.5",
            "count": 126,
            "created_time": "2024-09-22T21:53:52.793644Z",
            "yes_price": 1,
            "no_price": 99,
            "taker_side": "yes"
        },
        {
            "trade_id": "6e7be3a4-9c4c-4b53-b555-b7b8bb15f5c8",
            "ticker": "HIGHAUS-24SEP22-B95.5",
            "count": 106,
            "created_time": "2024-09-22T21:53:52.793644Z",
            "yes_price": 1,
            "no_price": 99,
            "taker_side": "yes"
        },
        {
            "trade_id": "5c294138-bb7b-488a-91a8-a7c10a2f5703",
            "ticker": "HIGHAUS-24SEP22-B95.5",
            "count": 106,
            "created_time": "2024-09-22T21:53:52.793644Z",
            "yes_price": 1,
            "no_price": 99,
            "taker_side": "yes"
        },
        {
            "trade_id": "2f6fa7ac-58c5-4ebe-b553-812a3858b084",
            "ticker": "HIGHAUS-24SEP22-B95.5",
            "count": 106,
            "created_time": "2024-09-22T21:53:52.793644Z",
            "yes_price": 1,
            "no_price": 99,
            "taker_side": "yes"
        },
        {
            "trade_id": "0d2661ea-5ffb-49ad-8926-7517adf6e337",
            "ticker": "HIGHAUS-24SEP22-B95.5",
            "count": 106,
            "created_time": "2024-09-22T21:53:52.793644Z",
            "yes_price": 1,
            "no_price": 99,
            "taker_side": "yes"
        },
        {
            "trade_id": "fab17183-2d60-4521-9351-a94d2c246e88",
            "ticker": "HIGHAUS-24SEP22-B95.5",
            "count": 300,
            "created_time": "2024-09-22T21:41:25.715801Z",
            "yes_price": 5,
            "no_price": 95,
            "taker_side": "no"
        },
        {
            "trade_id": "2eb94df0-cdaf-4b6c-8836-4242c2ebedb2",
            "ticker": "HIGHAUS-24SEP22-B95.5",
            "count": 20,
            "created_time": "2024-09-22T21:20:36.880665Z",
            "yes_price": 1,
            "no_price": 99,
            "taker_side": "no"
        },
        {
            "trade_id": "46559e36-7551-4333-8619-70177515b594",
            "ticker": "HIGHAUS-24SEP22-B95.5",
            "count": 30,
            "created_time": "2024-09-22T21:14:55.174852Z",
            "yes_price": 1,
            "no_price": 99,
            "taker_side": "no"
        },
        {
            "trade_id": "718e8a4f-3744-4fec-be54-e1e308a1c4b0",
            "ticker": "HIGHAUS-24SEP22-B95.5",
            "count": 2,
            "created_time": "2024-09-22T21:14:11.316429Z",
            "yes_price": 35,
            "no_price": 65,
            "taker_side": "no"
        },
        {
            "trade_id": "1e984f56-b8d2-4a74-b58c-3fc21433e4c3",
            "ticker": "HIGHAUS-24SEP22-B95.5",
            "count": 9,
            "created_time": "2024-09-22T20:31:40.485603Z",
            "yes_price": 85,
            "no_price": 15,
            "taker_side": "yes"
        },
        {
            "trade_id": "eb5f737e-8f18-4db7-a74d-c3d76c590dae",
            "ticker": "HIGHAUS-24SEP22-B95.5",
            "count": 10,
            "created_time": "2024-09-22T20:21:32.546959Z",
            "yes_price": 85,
            "no_price": 15,
            "taker_side": "yes"
        },
        {
            "trade_id": "9d1d5401-2f73-4bb8-9b4a-077970b45147",
            "ticker": "HIGHAUS-24SEP22-B95.5",
            "count": 25,
            "created_time": "2024-09-22T20:17:59.633986Z",
            "yes_price": 48,
            "no_price": 52,
            "taker_side": "no"
        },
        {
            "trade_id": "7a463261-ee48-478a-a25b-47692181b5e6",
            "ticker": "HIGHAUS-24SEP22-B95.5",
            "count": 2,
            "created_time": "2024-09-22T20:15:02.997509Z",
            "yes_price": 57,
            "no_price": 43,
            "taker_side": "no"
        },
        {
            "trade_id": "40f2f178-efab-48f1-b158-e4fc383e8f58",
            "ticker": "HIGHAUS-24SEP22-B95.5",
            "count": 2,
            "created_time": "2024-09-22T20:15:02.997509Z",
            "yes_price": 58,
            "no_price": 42,
            "taker_side": "no"
        },
        {
            "trade_id": "b17984be-0c79-4116-805b-d1e9422b357f",
            "ticker": "HIGHAUS-24SEP22-B95.5",
            "count": 13,
            "created_time": "2024-09-22T17:40:41.111235Z",
            "yes_price": 72,
            "no_price": 28,
            "taker_side": "yes"
        },
        {
            "trade_id": "68ca8182-46e2-49d6-9cbc-abffc2c62b03",
            "ticker": "HIGHAUS-24SEP22-B95.5",
            "count": 5,
            "created_time": "2024-09-22T17:35:14.522799Z",
            "yes_price": 72,
            "no_price": 28,
            "taker_side": "yes"
        },
        {
            "trade_id": "9fd6a8e5-dd8d-4dd3-ac7f-4bf207570a19",
            "ticker": "HIGHAUS-24SEP22-B95.5",
            "count": 36,
            "created_time": "2024-09-22T17:04:20.835163Z",
            "yes_price": 69,
            "no_price": 31,
            "taker_side": "yes"
        },
        {
            "trade_id": "47729c26-e5a1-416f-b0cb-10a014b766f8",
            "ticker": "HIGHAUS-24SEP22-B95.5",
            "count": 57,
            "created_time": "2024-09-22T17:04:20.835163Z",
            "yes_price": 73,
            "no_price": 27,
            "taker_side": "yes"
        },
        {
            "trade_id": "176ce95a-9281-4849-abe1-c36f59be1335",
            "ticker": "HIGHAUS-24SEP22-B95.5",
            "count": 180,
            "created_time": "2024-09-22T17:04:20.835163Z",
            "yes_price": 72,
            "no_price": 28,
            "taker_side": "yes"
        },
        {
            "trade_id": "20fc8548-88ed-41e1-9c2c-0995a78209c6",
            "ticker": "HIGHAUS-24SEP22-B95.5",
            "count": 32,
            "created_time": "2024-09-22T17:03:35.427039Z",
            "yes_price": 69,
            "no_price": 31,
            "taker_side": "yes"
        },
        {
            "trade_id": "ea578d4b-31a9-44f0-9534-674283fca4fe",
            "ticker": "HIGHAUS-24SEP22-B95.5",
            "count": 54,
            "created_time": "2024-09-22T16:57:05.387781Z",
            "yes_price": 62,
            "no_price": 38,
            "taker_side": "yes"
        },
        {
            "trade_id": "96acf8f8-b132-4073-81ee-d00544f972eb",
            "ticker": "HIGHAUS-24SEP22-B95.5",
            "count": 116,
            "created_time": "2024-09-22T16:57:05.387781Z",
            "yes_price": 64,
            "no_price": 36,
            "taker_side": "yes"
        },
        {
            "trade_id": "c36f01e2-1e05-4882-aebe-1d10db995d13",
            "ticker": "HIGHAUS-24SEP22-B95.5",
            "count": 72,
            "created_time": "2024-09-22T16:56:43.123441Z",
            "yes_price": 57,
            "no_price": 43,
            "taker_side": "yes"
        },
        {
            "trade_id": "9dd172b5-45fc-438e-b9d4-a3bbc495c08e",
            "ticker": "HIGHAUS-24SEP22-B95.5",
            "count": 180,
            "created_time": "2024-09-22T16:56:43.123441Z",
            "yes_price": 62,
            "no_price": 38,
            "taker_side": "yes"
        },
        {
            "trade_id": "5c98d9fe-5105-4f97-ae6f-66e7c7c2a5c5",
            "ticker": "HIGHAUS-24SEP22-B95.5",
            "count": 180,
            "created_time": "2024-09-22T16:56:43.123441Z",
            "yes_price": 59,
            "no_price": 41,
            "taker_side": "yes"
        },
        {
            "trade_id": "20047d67-eff0-418d-b810-3b6d1f5e7d33",
            "ticker": "HIGHAUS-24SEP22-B95.5",
            "count": 2,
            "created_time": "2024-09-22T16:56:43.123441Z",
            "yes_price": 57,
            "no_price": 43,
            "taker_side": "yes"
        },
        {
            "trade_id": "30b6ee10-fe04-4940-a6a4-9886c1afbb5a",
            "ticker": "HIGHAUS-24SEP22-B95.5",
            "count": 2,
            "created_time": "2024-09-22T16:46:49.234937Z",
            "yes_price": 51,
            "no_price": 49,
            "taker_side": "no"
        },
        {
            "trade_id": "244f4ff0-54e9-47a1-ac65-5780b5ef20de",
            "ticker": "HIGHAUS-24SEP22-B95.5",
            "count": 54,
            "created_time": "2024-09-22T16:46:49.234937Z",
            "yes_price": 51,
            "no_price": 49,
            "taker_side": "no"
        },
        {
            "trade_id": "d8ff2902-8350-44d3-a704-fceaeb6b883d",
            "ticker": "HIGHAUS-24SEP22-B95.5",
            "count": 180,
            "created_time": "2024-09-22T16:33:55.435225Z",
            "yes_price": 56,
            "no_price": 44,
            "taker_side": "no"
        },
        {
            "trade_id": "d4bb275c-ebe4-48cf-a293-b1127d3e0b7d",
            "ticker": "HIGHAUS-24SEP22-B95.5",
            "count": 90,
            "created_time": "2024-09-22T16:33:55.435225Z",
            "yes_price": 60,
            "no_price": 40,
            "taker_side": "no"
        },
        {
            "trade_id": "261e04ce-fcd6-41e7-8ae2-493baf025faf",
            "ticker": "HIGHAUS-24SEP22-B95.5",
            "count": 180,
            "created_time": "2024-09-22T16:33:55.435225Z",
            "yes_price": 55,
            "no_price": 45,
            "taker_side": "no"
        },
        {
            "trade_id": "1e392964-8636-4b10-a53b-a76123f51a04",
            "ticker": "HIGHAUS-24SEP22-B95.5",
            "count": 12,
            "created_time": "2024-09-22T16:33:19.723085Z",
            "yes_price": 65,
            "no_price": 35,
            "taker_side": "no"
        },
        {
            "trade_id": "046480a3-40e8-42f6-8a68-34d99d40819a",
            "ticker": "HIGHAUS-24SEP22-B95.5",
            "count": 54,
            "created_time": "2024-09-22T16:16:31.755775Z",
            "yes_price": 65,
            "no_price": 35,
            "taker_side": "no"
        },
        {
            "trade_id": "bc3debee-051e-4585-9b1a-cd0f6634063d",
            "ticker": "HIGHAUS-24SEP22-B95.5",
            "count": 54,
            "created_time": "2024-09-22T16:16:03.769849Z",
            "yes_price": 65,
            "no_price": 35,
            "taker_side": "yes"
        },
        {
            "trade_id": "f1e31dfe-b231-481f-b512-7f735d1b05eb",
            "ticker": "HIGHAUS-24SEP22-B95.5",
            "count": 6,
            "created_time": "2024-09-22T16:02:35.305484Z",
            "yes_price": 65,
            "no_price": 35,
            "taker_side": "yes"
        },
        {
            "trade_id": "cb60da0c-55a6-4b17-973a-50b43ccadd8c",
            "ticker": "HIGHAUS-24SEP22-B95.5",
            "count": 54,
            "created_time": "2024-09-22T16:02:23.650335Z",
            "yes_price": 64,
            "no_price": 36,
            "taker_side": "yes"
        },
        {
            "trade_id": "9d5ecfdf-a840-4738-b0bd-4f85ba1c611a",
            "ticker": "HIGHAUS-24SEP22-B95.5",
            "count": 180,
            "created_time": "2024-09-22T15:56:10.902357Z",
            "yes_price": 61,
            "no_price": 39,
            "taker_side": "yes"
        },
        {
            "trade_id": "5531dea9-6a8f-4cc0-8471-a83ad6551815",
            "ticker": "HIGHAUS-24SEP22-B95.5",
            "count": 36,
            "created_time": "2024-09-22T15:56:10.902357Z",
            "yes_price": 56,
            "no_price": 44,
            "taker_side": "yes"
        },
        {
            "trade_id": "180558c8-2523-4c25-9d8a-518a25384b2c",
            "ticker": "HIGHAUS-24SEP22-B95.5",
            "count": 180,
            "created_time": "2024-09-22T15:56:10.902357Z",
            "yes_price": 59,
            "no_price": 41,
            "taker_side": "yes"
        },
        {
            "trade_id": "acc0fef4-3469-4c35-a05b-b22ea657ae0d",
            "ticker": "HIGHAUS-24SEP22-B95.5",
            "count": 72,
            "created_time": "2024-09-22T14:58:41.934826Z",
            "yes_price": 54,
            "no_price": 46,
            "taker_side": "yes"
        },
        {
            "trade_id": "45b6d8db-7ad3-4b6a-9c78-85b676930b97",
            "ticker": "HIGHAUS-24SEP22-B95.5",
            "count": 17,
            "created_time": "2024-09-22T14:58:41.934826Z",
            "yes_price": 56,
            "no_price": 44,
            "taker_side": "yes"
        },
        {
            "trade_id": "265859bd-a89d-44e0-ad4a-25f22308040c",
            "ticker": "HIGHAUS-24SEP22-B95.5",
            "count": 20,
            "created_time": "2024-09-22T14:41:19.510212Z",
            "yes_price": 54,
            "no_price": 46,
            "taker_side": "yes"
        },
        {
            "trade_id": "a935304f-ebae-4f75-8d36-03c0f1477bca",
            "ticker": "HIGHAUS-24SEP22-B95.5",
            "count": 18,
            "created_time": "2024-09-22T14:05:22.229013Z",
            "yes_price": 55,
            "no_price": 45,
            "taker_side": "yes"
        },
        {
            "trade_id": "02b54b1c-cd93-43ba-896a-167bf9e9c222",
            "ticker": "HIGHAUS-24SEP22-B95.5",
            "count": 152,
            "created_time": "2024-09-22T14:05:22.229013Z",
            "yes_price": 57,
            "no_price": 43,
            "taker_side": "yes"
        },
        {
            "trade_id": "a18ffda5-1084-4228-89ce-f6192c251fc0",
            "ticker": "HIGHAUS-24SEP22-B95.5",
            "count": 18,
            "created_time": "2024-09-22T13:56:50.52487Z",
            "yes_price": 51,
            "no_price": 49,
            "taker_side": "yes"
        },
        {
            "trade_id": "7e70a1cb-cfbb-4233-83ce-8720b133e5da",
            "ticker": "HIGHAUS-24SEP22-B95.5",
            "count": 8,
            "created_time": "2024-09-22T13:56:50.52487Z",
            "yes_price": 54,
            "no_price": 46,
            "taker_side": "yes"
        },
        {
            "trade_id": "0cdf26e5-f676-4b77-9e73-b33c74278efe",
            "ticker": "HIGHAUS-24SEP22-B95.5",
            "count": 4,
            "created_time": "2024-09-22T13:56:50.52487Z",
            "yes_price": 54,
            "no_price": 46,
            "taker_side": "yes"
        },
        {
            "trade_id": "8ea3e78e-0260-4152-8605-bc7a578ca927",
            "ticker": "HIGHAUS-24SEP22-B95.5",
            "count": 16,
            "created_time": "2024-09-22T13:43:54.7256Z",
            "yes_price": 51,
            "no_price": 49,
            "taker_side": "yes"
        },
        {
            "trade_id": "700a6b42-5999-4909-b7a4-68738a7de80a",
            "ticker": "HIGHAUS-24SEP22-B95.5",
            "count": 2,
            "created_time": "2024-09-22T13:43:21.842613Z",
            "yes_price": 50,
            "no_price": 50,
            "taker_side": "yes"
        },
        {
            "trade_id": "d6a0ca16-c670-45b4-9786-154636a644d4",
            "ticker": "HIGHAUS-24SEP22-B95.5",
            "count": 5,
            "created_time": "2024-09-22T13:19:25.656669Z",
            "yes_price": 50,
            "no_price": 50,
            "taker_side": "yes"
        },
        {
            "trade_id": "0440fcfe-ac56-4cd2-8425-f88e04f4b3b4",
            "ticker": "HIGHAUS-24SEP22-B95.5",
            "count": 18,
            "created_time": "2024-09-22T13:19:25.656669Z",
            "yes_price": 51,
            "no_price": 49,
            "taker_side": "yes"
        },
        {
            "trade_id": "f7160416-af50-47db-b2c3-d4b66a75dcc5",
            "ticker": "HIGHAUS-24SEP22-B95.5",
            "count": 54,
            "created_time": "2024-09-22T12:04:03.556752Z",
            "yes_price": 47,
            "no_price": 53,
            "taker_side": "no"
        },
        {
            "trade_id": "1d0c124a-efcc-4151-9bba-727f9f7cb82a",
            "ticker": "HIGHAUS-24SEP22-B95.5",
            "count": 155,
            "created_time": "2024-09-22T12:04:03.556752Z",
            "yes_price": 45,
            "no_price": 55,
            "taker_side": "no"
        },
        {
            "trade_id": "b41d095c-08f8-4aa9-9f2a-b717eb8184a5",
            "ticker": "HIGHAUS-24SEP22-B95.5",
            "count": 36,
            "created_time": "2024-09-22T01:57:57.647387Z",
            "yes_price": 53,
            "no_price": 47,
            "taker_side": "yes"
        },
        {
            "trade_id": "a21bc827-cb12-4d67-a06e-5abdd1328b6a",
            "ticker": "HIGHAUS-24SEP22-B95.5",
            "count": 18,
            "created_time": "2024-09-22T01:56:16.732677Z",
            "yes_price": 51,
            "no_price": 49,
            "taker_side": "yes"
        },
        {
            "trade_id": "8f663e03-0d01-49a2-9a37-f173c7e092c7",
            "ticker": "HIGHAUS-24SEP22-B95.5",
            "count": 18,
            "created_time": "2024-09-22T01:56:16.732677Z",
            "yes_price": 54,
            "no_price": 46,
            "taker_side": "yes"
        },
        {
            "trade_id": "eaac020c-3669-48dc-8a2c-a48c683ddbbc",
            "ticker": "HIGHAUS-24SEP22-B95.5",
            "count": 154,
            "created_time": "2024-09-22T01:55:08.226651Z",
            "yes_price": 51,
            "no_price": 49,
            "taker_side": "yes"
        },
        {
            "trade_id": "90a7fd5d-e49d-484f-af82-b507202760ec",
            "ticker": "HIGHAUS-24SEP22-B95.5",
            "count": 36,
            "created_time": "2024-09-22T01:55:08.226651Z",
            "yes_price": 49,
            "no_price": 51,
            "taker_side": "yes"
        },
        {
            "trade_id": "0b014b67-7d71-4a0f-b38d-e70e1c066fd4",
            "ticker": "HIGHAUS-24SEP22-B95.5",
            "count": 90,
            "created_time": "2024-09-22T01:45:04.097345Z",
            "yes_price": 44,
            "no_price": 56,
            "taker_side": "no"
        },
        {
            "trade_id": "9bd3c856-aba1-41e6-b585-b1c385fcb66e",
            "ticker": "HIGHAUS-24SEP22-B95.5",
            "count": 180,
            "created_time": "2024-09-22T01:45:02.980405Z",
            "yes_price": 46,
            "no_price": 54,
            "taker_side": "yes"
        },
        {
            "trade_id": "1d3b0006-6f84-487b-9ffe-c3bca15554b2",
            "ticker": "HIGHAUS-24SEP22-B95.5",
            "count": 72,
            "created_time": "2024-09-22T01:44:53.798263Z",
            "yes_price": 44,
            "no_price": 56,
            "taker_side": "yes"
        },
        {
            "trade_id": "9008a0f2-ac4c-430e-a9c7-314c13914f8e",
            "ticker": "HIGHAUS-24SEP22-B95.5",
            "count": 2,
            "created_time": "2024-09-22T01:44:00.788809Z",
            "yes_price": 39,
            "no_price": 61,
            "taker_side": "yes"
        },
        {
            "trade_id": "04c31c15-2fed-4c53-bcc6-4cc98a8e1537",
            "ticker": "HIGHAUS-24SEP22-B95.5",
            "count": 14,
            "created_time": "2024-09-22T01:33:50.144507Z",
            "yes_price": 38,
            "no_price": 62,
            "taker_side": "yes"
        },
        {
            "trade_id": "e75ce31a-e701-4a38-b04a-cbcd8fe0c181",
            "ticker": "HIGHAUS-24SEP22-B95.5",
            "count": 7,
            "created_time": "2024-09-22T00:40:10.787175Z",
            "yes_price": 40,
            "no_price": 60,
            "taker_side": "yes"
        },
        {
            "trade_id": "40508ba4-e321-4bb0-a4c1-f7c3534b0fab",
            "ticker": "HIGHAUS-24SEP22-B95.5",
            "count": 18,
            "created_time": "2024-09-22T00:40:10.787175Z",
            "yes_price": 38,
            "no_price": 62,
            "taker_side": "yes"
        },
        {
            "trade_id": "08ba13ee-56da-4ba3-bda3-7d244e6db1c8",
            "ticker": "HIGHAUS-24SEP22-B95.5",
            "count": 2,
            "created_time": "2024-09-22T00:40:10.787175Z",
            "yes_price": 38,
            "no_price": 62,
            "taker_side": "yes"
        },
        {
            "trade_id": "547928ff-f2c4-4f91-8bad-0cb8dc68f6eb",
            "ticker": "HIGHAUS-24SEP22-B95.5",
            "count": 10,
            "created_time": "2024-09-22T00:30:16.420333Z",
            "yes_price": 38,
            "no_price": 62,
            "taker_side": "yes"
        },
        {
            "trade_id": "65df03c6-8f50-4c75-b6a6-2d0daafc847c",
            "ticker": "HIGHAUS-24SEP22-B95.5",
            "count": 162,
            "created_time": "2024-09-21T20:45:50.177795Z",
            "yes_price": 36,
            "no_price": 64,
            "taker_side": "no"
        },
        {
            "trade_id": "2e90c1f7-a04f-4e05-af6a-b58296299893",
            "ticker": "HIGHAUS-24SEP22-B95.5",
            "count": 18,
            "created_time": "2024-09-21T20:43:30.467012Z",
            "yes_price": 37,
            "no_price": 63,
            "taker_side": "no"
        },
        {
            "trade_id": "3be43473-578d-4872-b7b6-1412b4e3f156",
            "ticker": "HIGHAUS-24SEP22-B95.5",
            "count": 90,
            "created_time": "2024-09-21T20:42:57.699023Z",
            "yes_price": 37,
            "no_price": 63,
            "taker_side": "no"
        },
        {
            "trade_id": "54fc8df0-c30e-4265-90b2-e6d9b9ae399f",
            "ticker": "HIGHAUS-24SEP22-B95.5",
            "count": 18,
            "created_time": "2024-09-21T20:42:26.48205Z",
            "yes_price": 38,
            "no_price": 62,
            "taker_side": "no"
        },
        {
            "trade_id": "63b57852-ca30-4d70-8545-3477fb22af34",
            "ticker": "HIGHAUS-24SEP22-B95.5",
            "count": 90,
            "created_time": "2024-09-21T20:41:56.072549Z",
            "yes_price": 38,
            "no_price": 62,
            "taker_side": "no"
        },
        {
            "trade_id": "42ddc830-353d-4338-8de8-5fadfbf7eeff",
            "ticker": "HIGHAUS-24SEP22-B95.5",
            "count": 18,
            "created_time": "2024-09-21T20:41:37.684638Z",
            "yes_price": 39,
            "no_price": 61,
            "taker_side": "no"
        },
        {
            "trade_id": "8133b1b3-ae96-47df-937e-42d428ecc206",
            "ticker": "HIGHAUS-24SEP22-B95.5",
            "count": 54,
            "created_time": "2024-09-21T20:40:39.947609Z",
            "yes_price": 39,
            "no_price": 61,
            "taker_side": "no"
        },
        {
            "trade_id": "ed8a3142-8490-45ba-9651-a83365eda4db",
            "ticker": "HIGHAUS-24SEP22-B95.5",
            "count": 18,
            "created_time": "2024-09-21T20:40:25.180468Z",
            "yes_price": 40,
            "no_price": 60,
            "taker_side": "no"
        },
        {
            "trade_id": "23ad2a4e-aec3-4c8b-b496-59152eec9d66",
            "ticker": "HIGHAUS-24SEP22-B95.5",
            "count": 36,
            "created_time": "2024-09-21T20:39:50.12713Z",
            "yes_price": 40,
            "no_price": 60,
            "taker_side": "no"
        },
        {
            "trade_id": "8443a836-e869-45c5-ae7b-b09782e75481",
            "ticker": "HIGHAUS-24SEP22-B95.5",
            "count": 2,
            "created_time": "2024-09-21T19:52:34.90756Z",
            "yes_price": 41,
            "no_price": 59,
            "taker_side": "no"
        },
        {
            "trade_id": "4688ffd5-edc1-461b-a9d5-28eb7041273e",
            "ticker": "HIGHAUS-24SEP22-B95.5",
            "count": 54,
            "created_time": "2024-09-21T19:52:34.90756Z",
            "yes_price": 41,
            "no_price": 59,
            "taker_side": "no"
        },
        {
            "trade_id": "37841f70-6fa4-4def-9e77-117f5145f0d3",
            "ticker": "HIGHAUS-24SEP22-B95.5",
            "count": 54,
            "created_time": "2024-09-21T19:49:25.703953Z",
            "yes_price": 42,
            "no_price": 58,
            "taker_side": "no"
        },
        {
            "trade_id": "7f2a76e9-0445-4e43-84f7-6201bed501dc",
            "ticker": "HIGHAUS-24SEP22-B95.5",
            "count": 26,
            "created_time": "2024-09-21T19:46:08.197464Z",
            "yes_price": 43,
            "no_price": 57,
            "taker_side": "no"
        },
        {
            "trade_id": "86ba7be7-5229-472b-b862-d3283c933437",
            "ticker": "HIGHAUS-24SEP22-B95.5",
            "count": 128,
            "created_time": "2024-09-21T19:45:27.591703Z",
            "yes_price": 47,
            "no_price": 53,
            "taker_side": "no"
        },
        {
            "trade_id": "55bf5dbb-bdc5-4c20-961c-6d3d69e5141f",
            "ticker": "HIGHAUS-24SEP22-B95.5",
            "count": 104,
            "created_time": "2024-09-21T19:45:27.591703Z",
            "yes_price": 46,
            "no_price": 54,
            "taker_side": "no"
        },
        {
            "trade_id": "80e452c5-981d-4892-bdbf-53051768454a",
            "ticker": "HIGHAUS-24SEP22-B95.5",
            "count": 72,
            "created_time": "2024-09-21T19:42:43.970887Z",
            "yes_price": 47,
            "no_price": 53,
            "taker_side": "no"
        },
        {
            "trade_id": "ebc3fa20-287c-49ed-9fbb-89c547a8d203",
            "ticker": "HIGHAUS-24SEP22-B95.5",
            "count": 90,
            "created_time": "2024-09-21T19:42:34.236592Z",
            "yes_price": 46,
            "no_price": 54,
            "taker_side": "no"
        },
        {
            "trade_id": "9930c490-023b-44d3-97a4-ec9e1fd321ee",
            "ticker": "HIGHAUS-24SEP22-B95.5",
            "count": 54,
            "created_time": "2024-09-21T19:42:22.733695Z",
            "yes_price": 45,
            "no_price": 55,
            "taker_side": "yes"
        },
        {
            "trade_id": "730ae90b-8fe8-4a24-9ba0-4fe81164d8e0",
            "ticker": "HIGHAUS-24SEP22-B95.5",
            "count": 2,
            "created_time": "2024-09-21T19:42:22.733695Z",
            "yes_price": 45,
            "no_price": 55,
            "taker_side": "yes"
        },
        {
            "trade_id": "08535851-b5e5-4719-9a0c-62b5c934d462",
            "ticker": "HIGHAUS-24SEP22-B95.5",
            "count": 50,
            "created_time": "2024-09-21T19:39:39.784091Z",
            "yes_price": 45,
            "no_price": 55,
            "taker_side": "yes"
        },
        {
            "trade_id": "84fef12a-9fb8-47f8-9f23-c9d548a7b48b",
            "ticker": "HIGHAUS-24SEP22-B95.5",
            "count": 90,
            "created_time": "2024-09-21T18:50:25.131139Z",
            "yes_price": 37,
            "no_price": 63,
            "taker_side": "no"
        },
        {
            "trade_id": "464bd3b0-f7e5-434b-a7d7-7047dbfeea6e",
            "ticker": "HIGHAUS-24SEP22-B95.5",
            "count": 72,
            "created_time": "2024-09-21T18:50:01.479472Z",
            "yes_price": 38,
            "no_price": 62,
            "taker_side": "no"
        },
        {
            "trade_id": "833b8a95-3b85-45ca-a3f3-a6fc8b491b4e",
            "ticker": "HIGHAUS-24SEP22-B95.5",
            "count": 180,
            "created_time": "2024-09-21T18:39:37.768651Z",
            "yes_price": 40,
            "no_price": 60,
            "taker_side": "no"
        },
        {
            "trade_id": "48fb6fe0-b409-4cf5-9b29-706db5884128",
            "ticker": "HIGHAUS-24SEP22-B95.5",
            "count": 180,
            "created_time": "2024-09-21T18:39:37.768651Z",
            "yes_price": 37,
            "no_price": 63,
            "taker_side": "no"
        },
        {
            "trade_id": "36afe438-5b49-46fc-bba4-ce692e2fbca9",
            "ticker": "HIGHAUS-24SEP22-B95.5",
            "count": 18,
            "created_time": "2024-09-21T18:39:37.768651Z",
            "yes_price": 42,
            "no_price": 58,
            "taker_side": "no"
        },
        {
            "trade_id": "354a1386-02a1-4474-9cd9-58521d35b4db",
            "ticker": "HIGHAUS-24SEP22-B95.5",
            "count": 2,
            "created_time": "2024-09-21T18:39:37.768651Z",
            "yes_price": 42,
            "no_price": 58,
            "taker_side": "no"
        },
        {
            "trade_id": "006c865e-35ab-4814-a97a-c95197284752",
            "ticker": "HIGHAUS-24SEP22-B95.5",
            "count": 1,
            "created_time": "2024-09-21T18:35:17.535499Z",
            "yes_price": 42,
            "no_price": 58,
            "taker_side": "no"
        },
        {
            "trade_id": "bd4bc6e2-f96f-4d4c-ab30-d7d6006fdea0",
            "ticker": "HIGHAUS-24SEP22-B95.5",
            "count": 1,
            "created_time": "2024-09-21T17:30:26.92924Z",
            "yes_price": 39,
            "no_price": 61,
            "taker_side": "no"
        }
    ],
    "HIGHAUS-24SEP22-B97.5": [
        {
            "trade_id": "2a8e0086-d6da-4065-9cc4-6bf0560902b5",
            "ticker": "HIGHAUS-24SEP22-B97.5",
            "count": 12,
            "created_time": "2024-09-23T03:21:24.726876Z",
            "yes_price": 99,
            "no_price": 1,
            "taker_side": "no"
        },
        {
            "trade_id": "7301b3b1-f400-489a-a6f4-54898180c302",
            "ticker": "HIGHAUS-24SEP22-B97.5",
            "count": 50,
            "created_time": "2024-09-22T21:50:59.040769Z",
            "yes_price": 99,
            "no_price": 1,
            "taker_side": "yes"
        },
        {
            "trade_id": "77d9b4ee-41f2-4420-a943-93403a2af25d",
            "ticker": "HIGHAUS-24SEP22-B97.5",
            "count": 1,
            "created_time": "2024-09-22T21:33:24.490428Z",
            "yes_price": 90,
            "no_price": 10,
            "taker_side": "no"
        },
        {
            "trade_id": "68ff30a4-0735-402f-ab03-37f2e8a8ee59",
            "ticker": "HIGHAUS-24SEP22-B97.5",
            "count": 25,
            "created_time": "2024-09-22T21:18:05.347942Z",
            "yes_price": 97,
            "no_price": 3,
            "taker_side": "yes"
        },
        {
            "trade_id": "5ad41fc7-32bf-4229-8eb0-2642ce68f7fb",
            "ticker": "HIGHAUS-24SEP22-B97.5",
            "count": 5,
            "created_time": "2024-09-22T20:18:10.382209Z",
            "yes_price": 58,
            "no_price": 42,
            "taker_side": "yes"
        },
        {
            "trade_id": "47f9ffbb-dbc3-416b-b42f-1198f6c6db38",
            "ticker": "HIGHAUS-24SEP22-B97.5",
            "count": 6,
            "created_time": "2024-09-22T20:18:10.382209Z",
            "yes_price": 54,
            "no_price": 46,
            "taker_side": "yes"
        },
        {
            "trade_id": "542c9f89-1ba5-45b5-b2ba-3af6df15ccba",
            "ticker": "HIGHAUS-24SEP22-B97.5",
            "count": 25,
            "created_time": "2024-09-22T20:17:59.547623Z",
            "yes_price": 53,
            "no_price": 47,
            "taker_side": "yes"
        },
        {
            "trade_id": "f4c9ef44-ecd6-45cd-924a-cdab830504e3",
            "ticker": "HIGHAUS-24SEP22-B97.5",
            "count": 22,
            "created_time": "2024-09-22T20:17:49.207073Z",
            "yes_price": 52,
            "no_price": 48,
            "taker_side": "yes"
        },
        {
            "trade_id": "b6423782-414d-4ea5-873c-307224bbc779",
            "ticker": "HIGHAUS-24SEP22-B97.5",
            "count": 9,
            "created_time": "2024-09-22T20:17:37.427146Z",
            "yes_price": 49,
            "no_price": 51,
            "taker_side": "yes"
        },
        {
            "trade_id": "22eac760-26b3-46a6-821d-84e04ac4c7d7",
            "ticker": "HIGHAUS-24SEP22-B97.5",
            "count": 10,
            "created_time": "2024-09-22T20:11:24.488368Z",
            "yes_price": 35,
            "no_price": 65,
            "taker_side": "yes"
        },
        {
            "trade_id": "7241fd63-992f-4650-a218-48befed592ba",
            "ticker": "HIGHAUS-24SEP22-B97.5",
            "count": 10,
            "created_time": "2024-09-22T19:07:47.04676Z",
            "yes_price": 25,
            "no_price": 75,
            "taker_side": "yes"
        },
        {
            "trade_id": "3b00de14-6740-41d7-a3c7-667d3f2ebc32",
            "ticker": "HIGHAUS-24SEP22-B97.5",
            "count": 2,
            "created_time": "2024-09-22T19:07:47.04676Z",
            "yes_price": 25,
            "no_price": 75,
            "taker_side": "yes"
        },
        {
            "trade_id": "f7e656c9-194d-47cf-806f-f59ccbae6e68",
            "ticker": "HIGHAUS-24SEP22-B97.5",
            "count": 500,
            "created_time": "2024-09-22T18:29:03.578323Z",
            "yes_price": 7,
            "no_price": 93,
            "taker_side": "no"
        },
        {
            "trade_id": "f0a7d0bd-f1dc-4d29-9b56-7cfbadbd7c43",
            "ticker": "HIGHAUS-24SEP22-B97.5",
            "count": 28,
            "created_time": "2024-09-22T18:29:03.578323Z",
            "yes_price": 3,
            "no_price": 97,
            "taker_side": "no"
        },
        {
            "trade_id": "d90febd7-68d9-4562-9bab-ca05dd3a36a2",
            "ticker": "HIGHAUS-24SEP22-B97.5",
            "count": 5,
            "created_time": "2024-09-22T18:29:03.578323Z",
            "yes_price": 8,
            "no_price": 92,
            "taker_side": "no"
        },
        {
            "trade_id": "446d781b-d8ac-490e-bcb2-49a9499f7221",
            "ticker": "HIGHAUS-24SEP22-B97.5",
            "count": 18,
            "created_time": "2024-09-22T17:25:00.1938Z",
            "yes_price": 25,
            "no_price": 75,
            "taker_side": "yes"
        },
        {
            "trade_id": "1672706e-bfe2-4c93-a064-9dcb8b386a64",
            "ticker": "HIGHAUS-24SEP22-B97.5",
            "count": 13,
            "created_time": "2024-09-22T16:24:16.436856Z",
            "yes_price": 28,
            "no_price": 72,
            "taker_side": "yes"
        },
        {
            "trade_id": "b029f582-89d8-416f-aa35-d98ee44f0b4c",
            "ticker": "HIGHAUS-24SEP22-B97.5",
            "count": 56,
            "created_time": "2024-09-22T16:08:44.296621Z",
            "yes_price": 29,
            "no_price": 71,
            "taker_side": "no"
        },
        {
            "trade_id": "ad660197-ecda-45b8-a9a2-6279f82db25b",
            "ticker": "HIGHAUS-24SEP22-B97.5",
            "count": 36,
            "created_time": "2024-09-22T16:08:29.785228Z",
            "yes_price": 29,
            "no_price": 71,
            "taker_side": "no"
        },
        {
            "trade_id": "a0fcf256-831f-43f7-b467-0e87b58250b9",
            "ticker": "HIGHAUS-24SEP22-B97.5",
            "count": 50,
            "created_time": "2024-09-22T16:03:39.255815Z",
            "yes_price": 30,
            "no_price": 70,
            "taker_side": "yes"
        },
        {
            "trade_id": "55e384d5-8299-434e-8ab7-a8ff1d2dc49f",
            "ticker": "HIGHAUS-24SEP22-B97.5",
            "count": 36,
            "created_time": "2024-09-22T16:02:34.022006Z",
            "yes_price": 29,
            "no_price": 71,
            "taker_side": "no"
        },
        {
            "trade_id": "f2df06d0-3d10-4bab-9b2a-2487904fdc7b",
            "ticker": "HIGHAUS-24SEP22-B97.5",
            "count": 72,
            "created_time": "2024-09-22T16:00:33.8565Z",
            "yes_price": 29,
            "no_price": 71,
            "taker_side": "no"
        },
        {
            "trade_id": "f361970d-7af7-4acd-b94c-d294e196d320",
            "ticker": "HIGHAUS-24SEP22-B97.5",
            "count": 3,
            "created_time": "2024-09-22T15:44:35.578547Z",
            "yes_price": 27,
            "no_price": 73,
            "taker_side": "no"
        },
        {
            "trade_id": "b845539f-05b4-4448-b6dd-935b02ad2e17",
            "ticker": "HIGHAUS-24SEP22-B97.5",
            "count": 10,
            "created_time": "2024-09-22T15:44:35.578547Z",
            "yes_price": 27,
            "no_price": 73,
            "taker_side": "no"
        },
        {
            "trade_id": "14097f5c-2dd0-45a5-955e-d1decb5f408f",
            "ticker": "HIGHAUS-24SEP22-B97.5",
            "count": 2,
            "created_time": "2024-09-22T14:10:06.474204Z",
            "yes_price": 28,
            "no_price": 72,
            "taker_side": "no"
        },
        {
            "trade_id": "d8d291af-c5a0-4245-848e-8578741e509f",
            "ticker": "HIGHAUS-24SEP22-B97.5",
            "count": 8,
            "created_time": "2024-09-22T13:46:22.04942Z",
            "yes_price": 35,
            "no_price": 65,
            "taker_side": "yes"
        },
        {
            "trade_id": "697bd011-14d2-460e-85d9-28f6800c2b50",
            "ticker": "HIGHAUS-24SEP22-B97.5",
            "count": 1,
            "created_time": "2024-09-22T13:45:41.061171Z",
            "yes_price": 34,
            "no_price": 66,
            "taker_side": "no"
        },
        {
            "trade_id": "dbe74723-67ca-4c54-bd6f-4fb1d6dc951e",
            "ticker": "HIGHAUS-24SEP22-B97.5",
            "count": 3,
            "created_time": "2024-09-22T13:45:23.545495Z",
            "yes_price": 34,
            "no_price": 66,
            "taker_side": "yes"
        },
        {
            "trade_id": "d56d9ff8-7ba2-4a27-9b49-6859862f6b6a",
            "ticker": "HIGHAUS-24SEP22-B97.5",
            "count": 1,
            "created_time": "2024-09-22T13:45:23.545495Z",
            "yes_price": 34,
            "no_price": 66,
            "taker_side": "yes"
        },
        {
            "trade_id": "d4f9e024-d3dd-4bb9-af2d-5e4ca101c71d",
            "ticker": "HIGHAUS-24SEP22-B97.5",
            "count": 72,
            "created_time": "2024-09-22T12:04:03.66201Z",
            "yes_price": 28,
            "no_price": 72,
            "taker_side": "no"
        },
        {
            "trade_id": "ab8f15f1-46d8-4491-a661-6d4a2a7b8293",
            "ticker": "HIGHAUS-24SEP22-B97.5",
            "count": 137,
            "created_time": "2024-09-22T12:04:03.66201Z",
            "yes_price": 27,
            "no_price": 73,
            "taker_side": "no"
        },
        {
            "trade_id": "4663af88-e531-4d3e-bb1c-a6901c14e3df",
            "ticker": "HIGHAUS-24SEP22-B97.5",
            "count": 100,
            "created_time": "2024-09-22T01:56:55.166222Z",
            "yes_price": 35,
            "no_price": 65,
            "taker_side": "no"
        },
        {
            "trade_id": "a66c2d06-3fe6-494f-9e99-49a4e24a4685",
            "ticker": "HIGHAUS-24SEP22-B97.5",
            "count": 90,
            "created_time": "2024-09-22T01:43:37.986078Z",
            "yes_price": 43,
            "no_price": 57,
            "taker_side": "no"
        },
        {
            "trade_id": "f1e4dc41-2741-41e3-8d00-8c311ffb012d",
            "ticker": "HIGHAUS-24SEP22-B97.5",
            "count": 180,
            "created_time": "2024-09-22T01:43:31.961032Z",
            "yes_price": 42,
            "no_price": 58,
            "taker_side": "no"
        },
        {
            "trade_id": "7e6ab680-31ca-4d56-a9a7-ee25c40bec52",
            "ticker": "HIGHAUS-24SEP22-B97.5",
            "count": 2,
            "created_time": "2024-09-22T01:43:27.215152Z",
            "yes_price": 44,
            "no_price": 56,
            "taker_side": "no"
        },
        {
            "trade_id": "7599f0de-7fe1-45f5-b809-fcaa6bcc03eb",
            "ticker": "HIGHAUS-24SEP22-B97.5",
            "count": 18,
            "created_time": "2024-09-22T01:43:27.215152Z",
            "yes_price": 44,
            "no_price": 56,
            "taker_side": "no"
        },
        {
            "trade_id": "860b7abe-763f-4215-b2dd-502afc4b1ccb",
            "ticker": "HIGHAUS-24SEP22-B97.5",
            "count": 12,
            "created_time": "2024-09-21T23:59:39.484312Z",
            "yes_price": 44,
            "no_price": 56,
            "taker_side": "no"
        },
        {
            "trade_id": "3b7ea509-9294-4c41-a39f-409b897f19d1",
            "ticker": "HIGHAUS-24SEP22-B97.5",
            "count": 50,
            "created_time": "2024-09-21T23:49:53.737186Z",
            "yes_price": 45,
            "no_price": 55,
            "taker_side": "no"
        },
        {
            "trade_id": "8c4267e8-d7cb-4c3a-975f-c4fbe26c9bc2",
            "ticker": "HIGHAUS-24SEP22-B97.5",
            "count": 17,
            "created_time": "2024-09-21T23:06:43.57443Z",
            "yes_price": 46,
            "no_price": 54,
            "taker_side": "no"
        },
        {
            "trade_id": "78eb5f69-9222-4c6f-84a9-d1a93ae13aef",
            "ticker": "HIGHAUS-24SEP22-B97.5",
            "count": 2,
            "created_time": "2024-09-21T20:30:02.117072Z",
            "yes_price": 36,
            "no_price": 64,
            "taker_side": "yes"
        },
        {
            "trade_id": "59f8a3a4-8d3c-47b7-b036-a22117b6ac0b",
            "ticker": "HIGHAUS-24SEP22-B97.5",
            "count": 18,
            "created_time": "2024-09-21T20:30:02.117072Z",
            "yes_price": 36,
            "no_price": 64,
            "taker_side": "yes"
        },
        {
            "trade_id": "d1dc157e-0e14-4ba1-9c64-217c55a4ce24",
            "ticker": "HIGHAUS-24SEP22-B97.5",
            "count": 2,
            "created_time": "2024-09-21T19:39:52.846948Z",
            "yes_price": 37,
            "no_price": 63,
            "taker_side": "yes"
        },
        {
            "trade_id": "0ecd6e39-3645-4b6f-a290-6205180e66ef",
            "ticker": "HIGHAUS-24SEP22-B97.5",
            "count": 48,
            "created_time": "2024-09-21T19:39:52.846948Z",
            "yes_price": 37,
            "no_price": 63,
            "taker_side": "yes"
        },
        {
            "trade_id": "225a2c8c-7f8f-40c0-879c-014a803188ed",
            "ticker": "HIGHAUS-24SEP22-B97.5",
            "count": 2,
            "created_time": "2024-09-21T17:44:27.811383Z",
            "yes_price": 38,
            "no_price": 62,
            "taker_side": "no"
        }
    ],
    "HIGHAUS-24SEP22-T98": [
        {
            "trade_id": "7b879457-4faa-4c3f-9df3-03a1c205ead7",
            "ticker": "HIGHAUS-24SEP22-T98",
            "count": 475,
            "created_time": "2024-09-22T21:33:06.303354Z",
            "yes_price": 1,
            "no_price": 99,
            "taker_side": "no"
        },
        {
            "trade_id": "49277b6f-1a5a-4fa4-8608-0ac6cb28d515",
            "ticker": "HIGHAUS-24SEP22-T98",
            "count": 25,
            "created_time": "2024-09-22T20:17:59.639273Z",
            "yes_price": 1,
            "no_price": 99,
            "taker_side": "no"
        },
        {
            "trade_id": "a7453884-10f1-4507-99ca-b6915cc7b620",
            "ticker": "HIGHAUS-24SEP22-T98",
            "count": 2,
            "created_time": "2024-09-22T15:00:06.247415Z",
            "yes_price": 4,
            "no_price": 96,
            "taker_side": "no"
        },
        {
            "trade_id": "0c4944f6-e52e-4b71-abd8-f353e9a54381",
            "ticker": "HIGHAUS-24SEP22-T98",
            "count": 180,
            "created_time": "2024-09-22T15:00:06.247415Z",
            "yes_price": 4,
            "no_price": 96,
            "taker_side": "no"
        },
        {
            "trade_id": "e25049d8-3b04-49a4-a041-a4f4c7efcee2",
            "ticker": "HIGHAUS-24SEP22-T98",
            "count": 35,
            "created_time": "2024-09-22T14:28:31.869266Z",
            "yes_price": 1,
            "no_price": 99,
            "taker_side": "yes"
        },
        {
            "trade_id": "1d2fa236-8ef7-48bf-ac9d-ce25e99c2d34",
            "ticker": "HIGHAUS-24SEP22-T98",
            "count": 40,
            "created_time": "2024-09-22T14:06:47.42116Z",
            "yes_price": 1,
            "no_price": 99,
            "taker_side": "no"
        },
        {
            "trade_id": "e129bc18-1307-4a6c-8491-65bde35069b0",
            "ticker": "HIGHAUS-24SEP22-T98",
            "count": 138,
            "created_time": "2024-09-22T12:04:03.784869Z",
            "yes_price": 15,
            "no_price": 85,
            "taker_side": "yes"
        },
        {
            "trade_id": "9c6741e9-3a0d-4b20-a7fd-31311c571727",
            "ticker": "HIGHAUS-24SEP22-T98",
            "count": 2,
            "created_time": "2024-09-22T12:04:03.784869Z",
            "yes_price": 15,
            "no_price": 85,
            "taker_side": "yes"
        },
        {
            "trade_id": "228dbf20-be44-4583-971a-6b0f41eff8e0",
            "ticker": "HIGHAUS-24SEP22-T98",
            "count": 10,
            "created_time": "2024-09-21T19:40:24.900008Z",
            "yes_price": 1,
            "no_price": 99,
            "taker_side": "no"
        },
        {
            "trade_id": "ec7f034f-e7d3-44c5-a223-0b4c0b30cc59",
            "ticker": "HIGHAUS-24SEP22-T98",
            "count": 1,
            "created_time": "2024-09-21T18:35:18.089783Z",
            "yes_price": 13,
            "no_price": 87,
            "taker_side": "yes"
        },
        {
            "trade_id": "f723fa95-1338-4bcc-bcef-3e66a139ef9f",
            "ticker": "HIGHAUS-24SEP22-T98",
            "count": 1,
            "created_time": "2024-09-21T17:30:27.688723Z",
            "yes_price": 14,
            "no_price": 86,
            "taker_side": "yes"
        }
    ]
}