{
    "HIGHAUS-24OCT05-T89": [
        {
            "trade_id": "a6c8a275-2a75-4a58-9312-da815db3a875",
            "ticker": "HIGHAUS-24OCT05-T89",
            "count": 50,
            "created_time": "2024-10-05T14:58:16.04624Z",
            "yes_price": 1,
            "no_price": 99,
            "taker_side": "no"
        }
    ],
    "HIGHAUS-24OCT05-B89.5": [
        {
            "trade_id": "c2d616bc-64f2-4d91-9e5a-2dc5030b30ea",
            "ticker": "HIGHAUS-24OCT05-B89.5",
            "count": 50,
            "created_time": "2024-10-05T16:00:16.816079Z",
            "yes_price": 1,
            "no_price": 99,
            "taker_side": "no"
        },
        {
            "trade_id": "960c8f4d-837a-482d-9da9-47dbf5be45ac",
            "ticker": "HIGHAUS-24OCT05-B89.5",
            "count": 3,
            "created_time": "2024-10-05T16:00:16.816079Z",
            "yes_price": 1,
            "no_price": 99,
            "taker_side": "no"
        },
        {
            "trade_id": "e92e04b2-3a47-4cb3-96fa-089754e77761",
            "ticker": "HIGHAUS-24OCT05-B89.5",
            "count": 102,
            "created_time": "2024-10-05T14:58:52.425941Z",
            "yes_price": 2,
            "no_price": 98,
            "taker_side": "no"
        }
    ],
    "HIGHAUS-24OCT05-B91.5": [
        {
            "trade_id": "f6511ac1-9f04-4442-a644-3d3857c71e25",
            "ticker": "HIGHAUS-24OCT05-B91.5",
            "count": 138,
            "created_time": "2024-10-05T20:12:49.843572Z",
            "yes_price": 1,
            "no_price": 99,
            "taker_side": "yes"
        },
        {
            "trade_id": "e8904228-95df-418c-8b77-d2b62eecb0ea",
            "ticker": "HIGHAUS-24OCT05-B91.5",
            "count": 212,
            "created_time": "2024-10-05T20:12:49.843572Z",
            "yes_price": 1,
            "no_price": 99,
            "taker_side": "yes"
        },
        {
            "trade_id": "a78de060-831f-4010-a375-5d91256eee10",
            "ticker": "HIGHAUS-24OCT05-B91.5",
            "count": 212,
            "created_time": "2024-10-05T20:12:49.843572Z",
            "yes_price": 1,
            "no_price": 99,
            "taker_side": "yes"
        },
        {
            "trade_id": "74682319-12d3-48a4-82d5-4500566f0f47",
            "ticker": "HIGHAUS-24OCT05-B91.5",
            "count": 212,
            "created_time": "2024-10-05T20:12:49.843572Z",
            "yes_price": 1,
            "no_price": 99,
            "taker_side": "yes"
        },
        {
            "trade_id": "67612e9f-d349-4958-b995-f34d56be6a38",
            "ticker": "HIGHAUS-24OCT05-B91.5",
            "count": 159,
            "created_time": "2024-10-05T20:12:49.843572Z",
            "yes_price": 1,
            "no_price": 99,
            "taker_side": "yes"
        },
        {
            "trade_id": "fb5da886-784e-4e1f-bfa3-9351c3955f15",
            "ticker": "HIGHAUS-24OCT05-B91.5",
            "count": 50,
            "created_time": "2024-10-05T19:16:55.952277Z",
            "yes_price": 1,
            "no_price": 99,
            "taker_side": "no"
        },
        {
            "trade_id": "a4def473-8636-42a4-9618-c4d4c6f3df27",
            "ticker": "HIGHAUS-24OCT05-B91.5",
            "count": 3,
            "created_time": "2024-10-05T19:16:55.952277Z",
            "yes_price": 1,
            "no_price": 99,
            "taker_side": "no"
        },
        {
            "trade_id": "7a229040-4fbc-4406-8210-05dcd0132e59",
            "ticker": "HIGHAUS-24OCT05-B91.5",
            "count": 200,
            "created_time": "2024-10-05T18:41:51.682423Z",
            "yes_price": 6,
            "no_price": 94,
            "taker_side": "yes"
        },
        {
            "trade_id": "180f0b51-8994-435a-ab65-ccb816f41012",
            "ticker": "HIGHAUS-24OCT05-B91.5",
            "count": 25,
            "created_time": "2024-10-05T14:19:43.64315Z",
            "yes_price": 3,
            "no_price": 97,
            "taker_side": "no"
        },
        {
            "trade_id": "8418225c-d1b6-4944-8bbb-42075364471d",
            "ticker": "HIGHAUS-24OCT05-B91.5",
            "count": 500,
            "created_time": "2024-10-05T03:58:12.780036Z",
            "yes_price": 12,
            "no_price": 88,
            "taker_side": "yes"
        },
        {
            "trade_id": "57d4d641-2ee9-4983-a3af-33e45e4e8588",
            "ticker": "HIGHAUS-24OCT05-B91.5",
            "count": 72,
            "created_time": "2024-10-05T03:58:12.780036Z",
            "yes_price": 12,
            "no_price": 88,
            "taker_side": "yes"
        },
        {
            "trade_id": "b5645f50-53c0-4462-b40d-32fed8e5684b",
            "ticker": "HIGHAUS-24OCT05-B91.5",
            "count": 63,
            "created_time": "2024-10-05T01:33:57.541135Z",
            "yes_price": 6,
            "no_price": 94,
            "taker_side": "no"
        },
        {
            "trade_id": "36661412-4d22-4b2d-b0c5-eb82be2111ee",
            "ticker": "HIGHAUS-24OCT05-B91.5",
            "count": 180,
            "created_time": "2024-10-04T20:21:01.995174Z",
            "yes_price": 9,
            "no_price": 91,
            "taker_side": "no"
        },
        {
            "trade_id": "779c7999-bf23-4b84-a951-a1a1d420d8ce",
            "ticker": "HIGHAUS-24OCT05-B91.5",
            "count": 36,
            "created_time": "2024-10-04T20:08:33.10406Z",
            "yes_price": 11,
            "no_price": 89,
            "taker_side": "yes"
        },
        {
            "trade_id": "4a28e8ba-3464-4d93-9977-06b5a794c1e6",
            "ticker": "HIGHAUS-24OCT05-B91.5",
            "count": 54,
            "created_time": "2024-10-04T20:08:15.337006Z",
            "yes_price": 11,
            "no_price": 89,
            "taker_side": "no"
        },
        {
            "trade_id": "8feda35b-2444-4dc9-8373-426bf154e65b",
            "ticker": "HIGHAUS-24OCT05-B91.5",
            "count": 108,
            "created_time": "2024-10-04T20:03:35.414131Z",
            "yes_price": 13,
            "no_price": 87,
            "taker_side": "yes"
        },
        {
            "trade_id": "ff268285-dbbe-4c52-9114-4c87a555cceb",
            "ticker": "HIGHAUS-24OCT05-B91.5",
            "count": 36,
            "created_time": "2024-10-04T20:03:28.073804Z",
            "yes_price": 15,
            "no_price": 85,
            "taker_side": "no"
        },
        {
            "trade_id": "2c44d901-501e-4b96-9701-0fc336f96e70",
            "ticker": "HIGHAUS-24OCT05-B91.5",
            "count": 180,
            "created_time": "2024-10-04T20:03:28.073804Z",
            "yes_price": 13,
            "no_price": 87,
            "taker_side": "no"
        },
        {
            "trade_id": "a0c2ebe4-e7f7-4d09-954a-519578730a59",
            "ticker": "HIGHAUS-24OCT05-B91.5",
            "count": 18,
            "created_time": "2024-10-04T19:59:57.80989Z",
            "yes_price": 18,
            "no_price": 82,
            "taker_side": "no"
        },
        {
            "trade_id": "09bef0cd-6f1e-4a61-9c1d-f60904df7d7f",
            "ticker": "HIGHAUS-24OCT05-B91.5",
            "count": 60,
            "created_time": "2024-10-04T19:59:23.183365Z",
            "yes_price": 18,
            "no_price": 82,
            "taker_side": "no"
        },
        {
            "trade_id": "18547387-a4e4-4abe-9365-f6eb1d6bbafe",
            "ticker": "HIGHAUS-24OCT05-B91.5",
            "count": 12,
            "created_time": "2024-10-04T19:59:12.942406Z",
            "yes_price": 20,
            "no_price": 80,
            "taker_side": "no"
        },
        {
            "trade_id": "d49ddec7-f1ca-44d2-bdfc-af67fb18ceca",
            "ticker": "HIGHAUS-24OCT05-B91.5",
            "count": 180,
            "created_time": "2024-10-04T19:58:49.116231Z",
            "yes_price": 20,
            "no_price": 80,
            "taker_side": "no"
        },
        {
            "trade_id": "2fb125d2-d6af-406f-a6b4-4e4ec0d60139",
            "ticker": "HIGHAUS-24OCT05-B91.5",
            "count": 54,
            "created_time": "2024-10-04T19:58:49.116231Z",
            "yes_price": 22,
            "no_price": 78,
            "taker_side": "no"
        },
        {
            "trade_id": "a758a014-de64-45ea-b393-3ffbe0cfa05b",
            "ticker": "HIGHAUS-24OCT05-B91.5",
            "count": 54,
            "created_time": "2024-10-04T19:58:14.720008Z",
            "yes_price": 26,
            "no_price": 74,
            "taker_side": "no"
        },
        {
            "trade_id": "6e9a3801-7f61-4e96-8e09-7659cbbbaa74",
            "ticker": "HIGHAUS-24OCT05-B91.5",
            "count": 180,
            "created_time": "2024-10-04T19:58:14.720008Z",
            "yes_price": 24,
            "no_price": 76,
            "taker_side": "no"
        },
        {
            "trade_id": "6542d762-96ab-4b94-b947-3ad175db57ec",
            "ticker": "HIGHAUS-24OCT05-B91.5",
            "count": 180,
            "created_time": "2024-10-04T19:58:14.720008Z",
            "yes_price": 22,
            "no_price": 78,
            "taker_side": "no"
        },
        {
            "trade_id": "79370cce-cd99-40e7-9853-c7f99171f4f5",
            "ticker": "HIGHAUS-24OCT05-B91.5",
            "count": 11,
            "created_time": "2024-10-04T18:44:32.076003Z",
            "yes_price": 23,
            "no_price": 77,
            "taker_side": "yes"
        }
    ],
    "HIGHAUS-24OCT05-B93.5": [
        {
            "trade_id": "1914241e-3ef1-46b4-95d2-ca9f0134eaaf",
            "ticker": "HIGHAUS-24OCT05-B93.5",
            "count": 76,
            "created_time": "2024-10-06T01:13:32.311749Z",
            "yes_price": 97,
            "no_price": 3,
            "taker_side": "no"
        },
        {
            "trade_id": "06bc860b-672d-4d8c-94fa-7b6b55e815ab",
            "ticker": "HIGHAUS-24OCT05-B93.5",
            "count": 49,
            "created_time": "2024-10-06T01:01:19.904444Z",
            "yes_price": 99,
            "no_price": 1,
            "taker_side": "yes"
        },
        {
            "trade_id": "f6966ad0-4406-427f-af48-01c8f187c329",
            "ticker": "HIGHAUS-24OCT05-B93.5",
            "count": 20,
            "created_time": "2024-10-05T22:56:52.947837Z",
            "yes_price": 98,
            "no_price": 2,
            "taker_side": "yes"
        },
        {
            "trade_id": "40b70dd9-6a28-4454-9397-731e1e90ebd8",
            "ticker": "HIGHAUS-24OCT05-B93.5",
            "count": 25,
            "created_time": "2024-10-05T22:56:40.414037Z",
            "yes_price": 97,
            "no_price": 3,
            "taker_side": "yes"
        },
        {
            "trade_id": "66ac4fa3-67d0-417a-99bc-b2393c9faa9f",
            "ticker": "HIGHAUS-24OCT05-B93.5",
            "count": 76,
            "created_time": "2024-10-05T21:54:03.378317Z",
            "yes_price": 84,
            "no_price": 16,
            "taker_side": "yes"
        },
        {
            "trade_id": "db5f4e2b-bdea-4b5c-a84a-5ce5e5ac5c4f",
            "ticker": "HIGHAUS-24OCT05-B93.5",
            "count": 1,
            "created_time": "2024-10-05T16:18:37.214452Z",
            "yes_price": 58,
            "no_price": 42,
            "taker_side": "yes"
        },
        {
            "trade_id": "0491f6a8-932d-4345-a96d-a057fd492bf0",
            "ticker": "HIGHAUS-24OCT05-B93.5",
            "count": 33,
            "created_time": "2024-10-05T16:04:32.797627Z",
            "yes_price": 58,
            "no_price": 42,
            "taker_side": "yes"
        },
        {
            "trade_id": "03fc10dd-9588-457e-9fa8-d893e8a761db",
            "ticker": "HIGHAUS-24OCT05-B93.5",
            "count": 20,
            "created_time": "2024-10-05T13:31:25.130121Z",
            "yes_price": 55,
            "no_price": 45,
            "taker_side": "yes"
        },
        {
            "trade_id": "43262bef-4c1e-4092-b5ef-aa5e5765712b",
            "ticker": "HIGHAUS-24OCT05-B93.5",
            "count": 5,
            "created_time": "2024-10-05T13:31:12.929628Z",
            "yes_price": 55,
            "no_price": 45,
            "taker_side": "yes"
        },
        {
            "trade_id": "abca0ac2-edfc-4e19-b3d4-74f09f1aba2f",
            "ticker": "HIGHAUS-24OCT05-B93.5",
            "count": 36,
            "created_time": "2024-10-05T13:14:25.49061Z",
            "yes_price": 51,
            "no_price": 49,
            "taker_side": "yes"
        },
        {
            "trade_id": "24cf6698-36bd-4464-b80b-a639b4e52562",
            "ticker": "HIGHAUS-24OCT05-B93.5",
            "count": 147,
            "created_time": "2024-10-05T13:14:25.49061Z",
            "yes_price": 53,
            "no_price": 47,
            "taker_side": "yes"
        },
        {
            "trade_id": "9bca10a0-de36-4383-bc8f-d7ee30cb9a0e",
            "ticker": "HIGHAUS-24OCT05-B93.5",
            "count": 146,
            "created_time": "2024-10-05T12:05:04.823915Z",
            "yes_price": 53,
            "no_price": 47,
            "taker_side": "yes"
        },
        {
            "trade_id": "4e268f6b-82bc-4dae-b90e-cdc64081fa37",
            "ticker": "HIGHAUS-24OCT05-B93.5",
            "count": 18,
            "created_time": "2024-10-05T12:05:04.823915Z",
            "yes_price": 51,
            "no_price": 49,
            "taker_side": "yes"
        },
        {
            "trade_id": "f4a799b9-29b6-4778-bca8-18cc5db11543",
            "ticker": "HIGHAUS-24OCT05-B93.5",
            "count": 20,
            "created_time": "2024-10-05T01:18:19.131053Z",
            "yes_price": 53,
            "no_price": 47,
            "taker_side": "no"
        },
        {
            "trade_id": "af2d205f-05f5-429a-b15e-c33b171b0bae",
            "ticker": "HIGHAUS-24OCT05-B93.5",
            "count": 39,
            "created_time": "2024-10-04T21:59:29.576477Z",
            "yes_price": 54,
            "no_price": 46,
            "taker_side": "yes"
        },
        {
            "trade_id": "5b4da306-88c1-4780-be2f-f44930f16a27",
            "ticker": "HIGHAUS-24OCT05-B93.5",
            "count": 36,
            "created_time": "2024-10-04T21:51:16.122354Z",
            "yes_price": 53,
            "no_price": 47,
            "taker_side": "yes"
        },
        {
            "trade_id": "beb59406-864e-4203-bca0-98436c6cd9ad",
            "ticker": "HIGHAUS-24OCT05-B93.5",
            "count": 11,
            "created_time": "2024-10-04T20:00:34.85785Z",
            "yes_price": 51,
            "no_price": 49,
            "taker_side": "yes"
        }
    ],
    "HIGHAUS-24OCT05-B95.5": [
        {
            "trade_id": "ddfc85ac-745a-4292-8318-a72db065d4bb",
            "ticker": "HIGHAUS-24OCT05-B95.5",
            "count": 41,
            "created_time": "2024-10-06T01:16:39.350706Z",
            "yes_price": 1,
            "no_price": 99,
            "taker_side": "no"
        },
        {
            "trade_id": "1b2c3599-7fd4-45b1-b47f-67642754dd8d",
            "ticker": "HIGHAUS-24OCT05-B95.5",
            "count": 9,
            "created_time": "2024-10-05T23:58:07.053036Z",
            "yes_price": 1,
            "no_price": 99,
            "taker_side": "no"
        },
        {
            "trade_id": "db37d817-290f-43aa-946e-078e00254408",
            "ticker": "HIGHAUS-24OCT05-B95.5",
            "count": 20,
            "created_time": "2024-10-05T21:59:02.694498Z",
            "yes_price": 20,
            "no_price": 80,
            "taker_side": "no"
        },
        {
            "trade_id": "60385185-9787-49f6-8b74-881223152e17",
            "ticker": "HIGHAUS-24OCT05-B95.5",
            "count": 3,
            "created_time": "2024-10-05T21:59:02.694498Z",
            "yes_price": 20,
            "no_price": 80,
            "taker_side": "no"
        },
        {
            "trade_id": "4eb7d1d2-5b44-4c95-87a4-912e402fdd9f",
            "ticker": "HIGHAUS-24OCT05-B95.5",
            "count": 20,
            "created_time": "2024-10-05T21:59:02.694498Z",
            "yes_price": 20,
            "no_price": 80,
            "taker_side": "no"
        },
        {
            "trade_id": "fa4236ca-ee12-4ff5-adaa-714e9898bfb2",
            "ticker": "HIGHAUS-24OCT05-B95.5",
            "count": 76,
            "created_time": "2024-10-05T21:54:03.440499Z",
            "yes_price": 20,
            "no_price": 80,
            "taker_side": "no"
        },
        {
            "trade_id": "a5886910-966b-435d-8e99-4f2070d3c2f5",
            "ticker": "HIGHAUS-24OCT05-B95.5",
            "count": 1,
            "created_time": "2024-10-05T19:40:42.916165Z",
            "yes_price": 44,
            "no_price": 56,
            "taker_side": "yes"
        },
        {
            "trade_id": "e2bad3fd-bf6a-429f-b9ab-fdd27cbd1c49",
            "ticker": "HIGHAUS-24OCT05-B95.5",
            "count": 1,
            "created_time": "2024-10-05T19:40:33.016347Z",
            "yes_price": 44,
            "no_price": 56,
            "taker_side": "yes"
        },
        {
            "trade_id": "5ef32755-418c-4002-a9bd-9261f34c1792",
            "ticker": "HIGHAUS-24OCT05-B95.5",
            "count": 2,
            "created_time": "2024-10-05T17:59:44.17932Z",
            "yes_price": 44,
            "no_price": 56,
            "taker_side": "yes"
        },
        {
            "trade_id": "f7409951-2650-4579-889d-4f1c6c326b65",
            "ticker": "HIGHAUS-24OCT05-B95.5",
            "count": 4,
            "created_time": "2024-10-05T17:59:36.160064Z",
            "yes_price": 44,
            "no_price": 56,
            "taker_side": "yes"
        },
        {
            "trade_id": "d8146251-92a3-44ae-81b3-0f5979b167e9",
            "ticker": "HIGHAUS-24OCT05-B95.5",
            "count": 7,
            "created_time": "2024-10-05T17:59:26.239051Z",
            "yes_price": 44,
            "no_price": 56,
            "taker_side": "yes"
        },
        {
            "trade_id": "db4bd3ed-8c5d-4106-886c-3820cce1cc11",
            "ticker": "HIGHAUS-24OCT05-B95.5",
            "count": 13,
            "created_time": "2024-10-05T17:59:10.489677Z",
            "yes_price": 44,
            "no_price": 56,
            "taker_side": "yes"
        },
        {
            "trade_id": "a6a81f82-7972-42e6-878e-aec6404b230b",
            "ticker": "HIGHAUS-24OCT05-B95.5",
            "count": 24,
            "created_time": "2024-10-05T17:58:57.154479Z",
            "yes_price": 44,
            "no_price": 56,
            "taker_side": "yes"
        },
        {
            "trade_id": "2dc89a0d-ddf2-4c25-8fb4-33b28fdaab49",
            "ticker": "HIGHAUS-24OCT05-B95.5",
            "count": 10,
            "created_time": "2024-10-05T16:48:47.848641Z",
            "yes_price": 44,
            "no_price": 56,
            "taker_side": "yes"
        },
        {
            "trade_id": "052eb82e-8587-4ff5-94d6-fea589bc6574",
            "ticker": "HIGHAUS-24OCT05-B95.5",
            "count": 10,
            "created_time": "2024-10-05T14:30:51.525163Z",
            "yes_price": 44,
            "no_price": 56,
            "taker_side": "yes"
        },
        {
            "trade_id": "cc3a21c2-76c4-4e65-90c3-a4160237f823",
            "ticker": "HIGHAUS-24OCT05-B95.5",
            "count": 31,
            "created_time": "2024-10-05T12:13:54.738334Z",
            "yes_price": 39,
            "no_price": 61,
            "taker_side": "no"
        },
        {
            "trade_id": "2838d3ca-61ae-47fa-bcec-10f91cfa7ca5",
            "ticker": "HIGHAUS-24OCT05-B95.5",
            "count": 45,
            "created_time": "2024-10-05T01:12:28.115252Z",
            "yes_price": 33,
            "no_price": 67,
            "taker_side": "no"
        },
        {
            "trade_id": "c4258888-7da3-4a34-87e2-95d9e59511e7",
            "ticker": "HIGHAUS-24OCT05-B95.5",
            "count": 14,
            "created_time": "2024-10-05T00:15:12.315171Z",
            "yes_price": 33,
            "no_price": 67,
            "taker_side": "no"
        },
        {
            "trade_id": "249dd7b5-375c-4db6-a422-181095adc4f1",
            "ticker": "HIGHAUS-24OCT05-B95.5",
            "count": 72,
            "created_time": "2024-10-04T20:30:01.999137Z",
            "yes_price": 29,
            "no_price": 71,
            "taker_side": "yes"
        },
        {
            "trade_id": "7ce86040-f236-439c-922c-1bb02b32e846",
            "ticker": "HIGHAUS-24OCT05-B95.5",
            "count": 126,
            "created_time": "2024-10-04T20:18:46.316036Z",
            "yes_price": 27,
            "no_price": 73,
            "taker_side": "yes"
        },
        {
            "trade_id": "f4307234-99c3-474f-bf82-8cda13c49d3e",
            "ticker": "HIGHAUS-24OCT05-B95.5",
            "count": 108,
            "created_time": "2024-10-04T20:05:12.498507Z",
            "yes_price": 25,
            "no_price": 75,
            "taker_side": "yes"
        },
        {
            "trade_id": "61f41c4b-83b6-4150-ac1b-b35007658b48",
            "ticker": "HIGHAUS-24OCT05-B95.5",
            "count": 54,
            "created_time": "2024-10-04T18:52:41.829463Z",
            "yes_price": 20,
            "no_price": 80,
            "taker_side": "no"
        },
        {
            "trade_id": "9f94426f-cc81-49d0-a079-5815a18b3aaf",
            "ticker": "HIGHAUS-24OCT05-B95.5",
            "count": 11,
            "created_time": "2024-10-04T14:44:32.845578Z",
            "yes_price": 29,
            "no_price": 71,
            "taker_side": "yes"
        }
    ],
    "HIGHAUS-24OCT05-T96": [
        {
            "trade_id": "fbe42f76-a5f2-4ef6-9ad6-5283fc5a2e4c",
            "ticker": "HIGHAUS-24OCT05-T96",
            "count": 34,
            "created_time": "2024-10-05T19:56:22.09707Z",
            "yes_price": 1,
            "no_price": 99,
            "taker_side": "no"
        },
        {
            "trade_id": "6e1772e4-ed82-4096-9a9a-43412e603f52",
            "ticker": "HIGHAUS-24OCT05-T96",
            "count": 3,
            "created_time": "2024-10-05T19:56:22.09707Z",
            "yes_price": 1,
            "no_price": 99,
            "taker_side": "no"
        },
        {
            "trade_id": "791fc6f6-b0d6-46f4-9c5c-d4d2cce4ddb2",
            "ticker": "HIGHAUS-24OCT05-T96",
            "count": 16,
            "created_time": "2024-10-05T17:15:36.288853Z",
            "yes_price": 1,
            "no_price": 99,
            "taker_side": "no"
        }
    ]
}