{
    "HIGHAUS-24SEP24-T89": [
        {
            "trade_id": "6fa82186-0848-45ed-85b4-906a71a0639c",
            "ticker": "HIGHAUS-24SEP24-T89",
            "count": 50,
            "created_time": "2024-09-24T12:22:25.286968Z",
            "yes_price": 1,
            "no_price": 99,
            "taker_side": "no"
        },
        {
            "trade_id": "cfbea071-838d-49df-b7a7-34bdd0de2ffb",
            "ticker": "HIGHAUS-24SEP24-T89",
            "count": 143,
            "created_time": "2024-09-24T03:06:02.204801Z",
            "yes_price": 2,
            "no_price": 98,
            "taker_side": "no"
        },
        {
            "trade_id": "ac7f027d-5b46-4a8d-b4d3-95328dad996b",
            "ticker": "HIGHAUS-24SEP24-T89",
            "count": 4,
            "created_time": "2024-09-24T01:28:33.118529Z",
            "yes_price": 2,
            "no_price": 98,
            "taker_side": "no"
        },
        {
            "trade_id": "ba4b1d47-799a-455b-ae86-b2948d7117d6",
            "ticker": "HIGHAUS-24SEP24-T89",
            "count": 1,
            "created_time": "2024-09-23T18:35:18.609483Z",
            "yes_price": 2,
            "no_price": 98,
            "taker_side": "no"
        },
        {
            "trade_id": "ee88ed1f-7a3c-4664-8915-b1c44b822435",
            "ticker": "HIGHAUS-24SEP24-T89",
            "count": 2,
            "created_time": "2024-09-23T17:08:39.595916Z",
            "yes_price": 2,
            "no_price": 98,
            "taker_side": "no"
        }
    ],
    "HIGHAUS-24SEP24-B89.5": [
        {
            "trade_id": "8c64a8f1-2fc5-4e0a-a09a-9827423c5b8a",
            "ticker": "HIGHAUS-24SEP24-B89.5",
            "count": 5,
            "created_time": "2024-09-24T19:42:53.827596Z",
            "yes_price": 1,
            "no_price": 99,
            "taker_side": "yes"
        },
        {
            "trade_id": "c601102d-050f-4d8a-ac10-c26ad003862b",
            "ticker": "HIGHAUS-24SEP24-B89.5",
            "count": 50,
            "created_time": "2024-09-24T14:24:19.734269Z",
            "yes_price": 1,
            "no_price": 99,
            "taker_side": "no"
        },
        {
            "trade_id": "02cf5149-aabd-4fd7-bfeb-61f05001d90a",
            "ticker": "HIGHAUS-24SEP24-B89.5",
            "count": 87,
            "created_time": "2024-09-24T14:17:34.341393Z",
            "yes_price": 2,
            "no_price": 98,
            "taker_side": "no"
        },
        {
            "trade_id": "e8ff2cb9-8a5a-4ae8-9aac-589cc79f58d9",
            "ticker": "HIGHAUS-24SEP24-B89.5",
            "count": 143,
            "created_time": "2024-09-24T03:06:02.201718Z",
            "yes_price": 4,
            "no_price": 96,
            "taker_side": "no"
        },
        {
            "trade_id": "9e9c106d-1171-4078-8b07-7f77fc3b58bf",
            "ticker": "HIGHAUS-24SEP24-B89.5",
            "count": 4,
            "created_time": "2024-09-24T01:28:33.138313Z",
            "yes_price": 4,
            "no_price": 96,
            "taker_side": "no"
        },
        {
            "trade_id": "9c873242-5f7b-48a7-afa1-c6d12f080779",
            "ticker": "HIGHAUS-24SEP24-B89.5",
            "count": 40,
            "created_time": "2024-09-23T21:09:40.020632Z",
            "yes_price": 14,
            "no_price": 86,
            "taker_side": "no"
        },
        {
            "trade_id": "433df5aa-39b6-448b-9dc8-446145b97ab9",
            "ticker": "HIGHAUS-24SEP24-B89.5",
            "count": 36,
            "created_time": "2024-09-23T21:09:19.771248Z",
            "yes_price": 15,
            "no_price": 85,
            "taker_side": "no"
        },
        {
            "trade_id": "20cac50a-7f60-432d-a27e-24b5c24949d0",
            "ticker": "HIGHAUS-24SEP24-B89.5",
            "count": 2,
            "created_time": "2024-09-23T21:09:19.771248Z",
            "yes_price": 15,
            "no_price": 85,
            "taker_side": "no"
        },
        {
            "trade_id": "df624f93-a7bd-46d6-a0d4-0cc1e2a11da8",
            "ticker": "HIGHAUS-24SEP24-B89.5",
            "count": 144,
            "created_time": "2024-09-23T20:34:33.867078Z",
            "yes_price": 17,
            "no_price": 83,
            "taker_side": "no"
        },
        {
            "trade_id": "75eeeca9-3e8a-4c3d-b588-925078ad4fd5",
            "ticker": "HIGHAUS-24SEP24-B89.5",
            "count": 18,
            "created_time": "2024-09-23T20:34:22.657975Z",
            "yes_price": 18,
            "no_price": 82,
            "taker_side": "no"
        },
        {
            "trade_id": "e211652c-e543-4847-a4ba-93f44f593898",
            "ticker": "HIGHAUS-24SEP24-B89.5",
            "count": 2,
            "created_time": "2024-09-23T20:33:43.93617Z",
            "yes_price": 19,
            "no_price": 81,
            "taker_side": "no"
        },
        {
            "trade_id": "ddc9d521-d869-4acc-bd39-b3f8c29e10c6",
            "ticker": "HIGHAUS-24SEP24-B89.5",
            "count": 18,
            "created_time": "2024-09-23T20:33:43.93617Z",
            "yes_price": 19,
            "no_price": 81,
            "taker_side": "no"
        },
        {
            "trade_id": "444f1ee9-32e7-4897-81a0-3685ef032165",
            "ticker": "HIGHAUS-24SEP24-B89.5",
            "count": 180,
            "created_time": "2024-09-23T20:33:43.93617Z",
            "yes_price": 17,
            "no_price": 83,
            "taker_side": "no"
        },
        {
            "trade_id": "14369042-287b-49be-b42b-2280255fe55b",
            "ticker": "HIGHAUS-24SEP24-B89.5",
            "count": 180,
            "created_time": "2024-09-23T20:33:43.93617Z",
            "yes_price": 16,
            "no_price": 84,
            "taker_side": "no"
        },
        {
            "trade_id": "a41b463e-c160-4736-ae04-14de2f611670",
            "ticker": "HIGHAUS-24SEP24-B89.5",
            "count": 5,
            "created_time": "2024-09-23T19:26:13.040366Z",
            "yes_price": 10,
            "no_price": 90,
            "taker_side": "no"
        },
        {
            "trade_id": "f671c6e3-8de9-4751-b358-d69cf0e09426",
            "ticker": "HIGHAUS-24SEP24-B89.5",
            "count": 1,
            "created_time": "2024-09-23T18:35:18.632005Z",
            "yes_price": 4,
            "no_price": 96,
            "taker_side": "no"
        },
        {
            "trade_id": "faefd866-38f0-4b6a-b90f-f9a0fc5cdd3e",
            "ticker": "HIGHAUS-24SEP24-B89.5",
            "count": 2,
            "created_time": "2024-09-23T17:08:39.58779Z",
            "yes_price": 4,
            "no_price": 96,
            "taker_side": "no"
        },
        {
            "trade_id": "fffff7ea-bbe2-40fb-8e8c-7d8931228280",
            "ticker": "HIGHAUS-24SEP24-B89.5",
            "count": 27,
            "created_time": "2024-09-23T15:01:59.165618Z",
            "yes_price": 5,
            "no_price": 95,
            "taker_side": "yes"
        },
        {
            "trade_id": "9b47a2ec-b8a8-4556-bbfc-2d263e6608c1",
            "ticker": "HIGHAUS-24SEP24-B89.5",
            "count": 2,
            "created_time": "2024-09-23T15:01:59.165618Z",
            "yes_price": 5,
            "no_price": 95,
            "taker_side": "yes"
        }
    ],
    "HIGHAUS-24SEP24-B91.5": [
        {
            "trade_id": "d0191c6e-3134-485c-b6f1-ff92c7d693c6",
            "ticker": "HIGHAUS-24SEP24-B91.5",
            "count": 249,
            "created_time": "2024-09-24T19:53:44.803644Z",
            "yes_price": 1,
            "no_price": 99,
            "taker_side": "yes"
        },
        {
            "trade_id": "eea01867-a177-4fba-9ab2-3c5fb0933cc2",
            "ticker": "HIGHAUS-24SEP24-B91.5",
            "count": 50,
            "created_time": "2024-09-24T19:27:15.794443Z",
            "yes_price": 1,
            "no_price": 99,
            "taker_side": "no"
        },
        {
            "trade_id": "793419af-b58b-40f7-88be-8a0ceeea3c66",
            "ticker": "HIGHAUS-24SEP24-B91.5",
            "count": 25,
            "created_time": "2024-09-24T19:27:15.794443Z",
            "yes_price": 1,
            "no_price": 99,
            "taker_side": "no"
        },
        {
            "trade_id": "22726fd6-96ca-48c8-a2eb-533608c21998",
            "ticker": "HIGHAUS-24SEP24-B91.5",
            "count": 20,
            "created_time": "2024-09-24T17:36:14.367893Z",
            "yes_price": 16,
            "no_price": 84,
            "taker_side": "yes"
        },
        {
            "trade_id": "dd2c5e59-7f17-4109-a391-21792ec3d231",
            "ticker": "HIGHAUS-24SEP24-B91.5",
            "count": 10,
            "created_time": "2024-09-24T16:55:29.940437Z",
            "yes_price": 9,
            "no_price": 91,
            "taker_side": "no"
        },
        {
            "trade_id": "5740bd25-7174-4337-b958-6635c825d813",
            "ticker": "HIGHAUS-24SEP24-B91.5",
            "count": 10,
            "created_time": "2024-09-24T16:37:14.028651Z",
            "yes_price": 9,
            "no_price": 91,
            "taker_side": "no"
        },
        {
            "trade_id": "c951e365-01c5-4c40-8278-0249242fdf1b",
            "ticker": "HIGHAUS-24SEP24-B91.5",
            "count": 105,
            "created_time": "2024-09-24T15:17:57.591141Z",
            "yes_price": 6,
            "no_price": 94,
            "taker_side": "no"
        },
        {
            "trade_id": "dda9526b-82ae-4d74-a878-19ed49d62f24",
            "ticker": "HIGHAUS-24SEP24-B91.5",
            "count": 27,
            "created_time": "2024-09-24T15:10:26.423067Z",
            "yes_price": 5,
            "no_price": 95,
            "taker_side": "no"
        },
        {
            "trade_id": "af57261e-1a9b-4250-8273-83a980b7d671",
            "ticker": "HIGHAUS-24SEP24-B91.5",
            "count": 1,
            "created_time": "2024-09-24T14:19:28.562222Z",
            "yes_price": 6,
            "no_price": 94,
            "taker_side": "no"
        },
        {
            "trade_id": "0156dc90-202e-40f3-a0c9-4ab0ad2ec0f3",
            "ticker": "HIGHAUS-24SEP24-B91.5",
            "count": 49,
            "created_time": "2024-09-24T14:19:28.562222Z",
            "yes_price": 6,
            "no_price": 94,
            "taker_side": "no"
        },
        {
            "trade_id": "66655891-3618-4f1d-90a4-a0629b4e5540",
            "ticker": "HIGHAUS-24SEP24-B91.5",
            "count": 1,
            "created_time": "2024-09-24T14:19:15.814096Z",
            "yes_price": 7,
            "no_price": 93,
            "taker_side": "yes"
        },
        {
            "trade_id": "d3477a3c-4579-4deb-b65e-7120037eabed",
            "ticker": "HIGHAUS-24SEP24-B91.5",
            "count": 1,
            "created_time": "2024-09-24T14:19:06.028283Z",
            "yes_price": 7,
            "no_price": 93,
            "taker_side": "no"
        },
        {
            "trade_id": "d1f85d3b-714f-465b-a893-cb506bffd010",
            "ticker": "HIGHAUS-24SEP24-B91.5",
            "count": 248,
            "created_time": "2024-09-24T14:00:57.49091Z",
            "yes_price": 4,
            "no_price": 96,
            "taker_side": "no"
        },
        {
            "trade_id": "560096a6-938a-444c-b9ad-d6641ceba0b9",
            "ticker": "HIGHAUS-24SEP24-B91.5",
            "count": 1,
            "created_time": "2024-09-24T14:00:57.49091Z",
            "yes_price": 5,
            "no_price": 95,
            "taker_side": "no"
        },
        {
            "trade_id": "fe7f51eb-22ed-416b-af3a-4abdd38cfa1d",
            "ticker": "HIGHAUS-24SEP24-B91.5",
            "count": 108,
            "created_time": "2024-09-24T13:13:55.479525Z",
            "yes_price": 8,
            "no_price": 92,
            "taker_side": "no"
        },
        {
            "trade_id": "8ef9ef4f-9f7d-47a6-bc23-9504fb4babc0",
            "ticker": "HIGHAUS-24SEP24-B91.5",
            "count": 19,
            "created_time": "2024-09-24T13:12:28.171871Z",
            "yes_price": 8,
            "no_price": 92,
            "taker_side": "no"
        },
        {
            "trade_id": "729a5283-d8cd-41a7-b058-1afc0b4b7647",
            "ticker": "HIGHAUS-24SEP24-B91.5",
            "count": 90,
            "created_time": "2024-09-24T13:12:28.171871Z",
            "yes_price": 9,
            "no_price": 91,
            "taker_side": "no"
        },
        {
            "trade_id": "9aba33e0-8ce4-4141-a9b0-8a4c71acc70f",
            "ticker": "HIGHAUS-24SEP24-B91.5",
            "count": 11,
            "created_time": "2024-09-24T12:28:00.218262Z",
            "yes_price": 16,
            "no_price": 84,
            "taker_side": "yes"
        },
        {
            "trade_id": "81c4e82d-ed71-4dd0-8689-ae4854015717",
            "ticker": "HIGHAUS-24SEP24-B91.5",
            "count": 1,
            "created_time": "2024-09-24T03:55:47.714093Z",
            "yes_price": 18,
            "no_price": 82,
            "taker_side": "no"
        },
        {
            "trade_id": "3e5d5543-31d7-4134-a8b5-040cff2ba1d3",
            "ticker": "HIGHAUS-24SEP24-B91.5",
            "count": 100,
            "created_time": "2024-09-24T03:55:47.714093Z",
            "yes_price": 17,
            "no_price": 83,
            "taker_side": "no"
        },
        {
            "trade_id": "e8065328-dbde-4858-9937-2aec57b3275f",
            "ticker": "HIGHAUS-24SEP24-B91.5",
            "count": 38,
            "created_time": "2024-09-24T03:37:10.80896Z",
            "yes_price": 20,
            "no_price": 80,
            "taker_side": "no"
        },
        {
            "trade_id": "91241d20-c884-4783-90d0-68bc3cc33cbf",
            "ticker": "HIGHAUS-24SEP24-B91.5",
            "count": 1,
            "created_time": "2024-09-24T03:28:32.885762Z",
            "yes_price": 21,
            "no_price": 79,
            "taker_side": "no"
        },
        {
            "trade_id": "5312fd95-d304-41a8-bdf6-89b66ad85042",
            "ticker": "HIGHAUS-24SEP24-B91.5",
            "count": 27,
            "created_time": "2024-09-24T03:28:32.885762Z",
            "yes_price": 21,
            "no_price": 79,
            "taker_side": "no"
        },
        {
            "trade_id": "477d2fc0-c146-4173-a28a-e0c53f44c09f",
            "ticker": "HIGHAUS-24SEP24-B91.5",
            "count": 62,
            "created_time": "2024-09-24T03:28:32.885762Z",
            "yes_price": 20,
            "no_price": 80,
            "taker_side": "no"
        },
        {
            "trade_id": "c7e21b03-6a5a-44b2-92bf-544560a736ba",
            "ticker": "HIGHAUS-24SEP24-B91.5",
            "count": 72,
            "created_time": "2024-09-24T03:24:28.01318Z",
            "yes_price": 21,
            "no_price": 79,
            "taker_side": "no"
        },
        {
            "trade_id": "fab3e535-92a8-41d2-b740-c3c47e116b2a",
            "ticker": "HIGHAUS-24SEP24-B91.5",
            "count": 2,
            "created_time": "2024-09-24T03:20:38.545153Z",
            "yes_price": 23,
            "no_price": 77,
            "taker_side": "no"
        },
        {
            "trade_id": "7f86d07e-d1cf-47d7-af81-72304629b503",
            "ticker": "HIGHAUS-24SEP24-B91.5",
            "count": 73,
            "created_time": "2024-09-24T03:20:38.545153Z",
            "yes_price": 23,
            "no_price": 77,
            "taker_side": "no"
        },
        {
            "trade_id": "7c92a01b-fd8c-4e0a-b1e1-96760b3c2168",
            "ticker": "HIGHAUS-24SEP24-B91.5",
            "count": 1,
            "created_time": "2024-09-24T03:20:38.545153Z",
            "yes_price": 22,
            "no_price": 78,
            "taker_side": "no"
        },
        {
            "trade_id": "0016cf3b-13e8-4e71-9ebe-333dc2d7a2a1",
            "ticker": "HIGHAUS-24SEP24-B91.5",
            "count": 28,
            "created_time": "2024-09-24T03:20:38.545153Z",
            "yes_price": 22,
            "no_price": 78,
            "taker_side": "no"
        },
        {
            "trade_id": "47eaded3-14c3-4557-8197-afc039972ba6",
            "ticker": "HIGHAUS-24SEP24-B91.5",
            "count": 54,
            "created_time": "2024-09-24T03:16:35.601216Z",
            "yes_price": 23,
            "no_price": 77,
            "taker_side": "no"
        },
        {
            "trade_id": "15093ce2-b74b-4584-a14e-1c6ed1101ea4",
            "ticker": "HIGHAUS-24SEP24-B91.5",
            "count": 143,
            "created_time": "2024-09-24T03:06:02.205771Z",
            "yes_price": 23,
            "no_price": 77,
            "taker_side": "no"
        },
        {
            "trade_id": "71b69df0-959d-4f7d-b962-c5dfbb631ba5",
            "ticker": "HIGHAUS-24SEP24-B91.5",
            "count": 46,
            "created_time": "2024-09-24T02:36:33.480491Z",
            "yes_price": 24,
            "no_price": 76,
            "taker_side": "no"
        },
        {
            "trade_id": "6206dc41-5d27-477a-a4ca-86ce56630728",
            "ticker": "HIGHAUS-24SEP24-B91.5",
            "count": 3,
            "created_time": "2024-09-24T02:36:33.480491Z",
            "yes_price": 24,
            "no_price": 76,
            "taker_side": "no"
        },
        {
            "trade_id": "a1d444bc-4312-4e1b-8fd5-34e7b6d5b8a1",
            "ticker": "HIGHAUS-24SEP24-B91.5",
            "count": 54,
            "created_time": "2024-09-24T02:32:33.461039Z",
            "yes_price": 24,
            "no_price": 76,
            "taker_side": "no"
        },
        {
            "trade_id": "39d6eb0b-808e-4ccf-8405-cbec146264c2",
            "ticker": "HIGHAUS-24SEP24-B91.5",
            "count": 126,
            "created_time": "2024-09-24T01:40:40.71088Z",
            "yes_price": 23,
            "no_price": 77,
            "taker_side": "no"
        },
        {
            "trade_id": "0d20a720-7cc1-47dc-bc05-1492048514e5",
            "ticker": "HIGHAUS-24SEP24-B91.5",
            "count": 50,
            "created_time": "2024-09-24T01:39:56.106168Z",
            "yes_price": 23,
            "no_price": 77,
            "taker_side": "no"
        },
        {
            "trade_id": "19b9fca9-f155-4485-89a0-ef455e479fe6",
            "ticker": "HIGHAUS-24SEP24-B91.5",
            "count": 2,
            "created_time": "2024-09-24T01:36:32.736221Z",
            "yes_price": 24,
            "no_price": 76,
            "taker_side": "no"
        },
        {
            "trade_id": "11b7c72d-5f44-4160-839a-fe394b9db75c",
            "ticker": "HIGHAUS-24SEP24-B91.5",
            "count": 3,
            "created_time": "2024-09-24T01:32:33.949871Z",
            "yes_price": 26,
            "no_price": 74,
            "taker_side": "no"
        },
        {
            "trade_id": "37e52f23-a883-4e95-8177-f34f0756d38a",
            "ticker": "HIGHAUS-24SEP24-B91.5",
            "count": 4,
            "created_time": "2024-09-24T01:28:33.046782Z",
            "yes_price": 27,
            "no_price": 73,
            "taker_side": "no"
        },
        {
            "trade_id": "cd3c6831-aa56-469d-8dd9-679afb3e49b0",
            "ticker": "HIGHAUS-24SEP24-B91.5",
            "count": 27,
            "created_time": "2024-09-24T01:27:13.883114Z",
            "yes_price": 29,
            "no_price": 71,
            "taker_side": "yes"
        },
        {
            "trade_id": "c7121a13-2dd9-4eb4-b917-40283af109c3",
            "ticker": "HIGHAUS-24SEP24-B91.5",
            "count": 2,
            "created_time": "2024-09-23T23:48:33.75052Z",
            "yes_price": 26,
            "no_price": 74,
            "taker_side": "yes"
        },
        {
            "trade_id": "c8ea8417-0d99-4dea-ab6e-317f335e0d58",
            "ticker": "HIGHAUS-24SEP24-B91.5",
            "count": 72,
            "created_time": "2024-09-23T21:09:15.065138Z",
            "yes_price": 36,
            "no_price": 64,
            "taker_side": "no"
        },
        {
            "trade_id": "a7c019c1-c696-4350-b958-855fb926e3a0",
            "ticker": "HIGHAUS-24SEP24-B91.5",
            "count": 18,
            "created_time": "2024-09-23T20:37:25.376432Z",
            "yes_price": 37,
            "no_price": 63,
            "taker_side": "no"
        },
        {
            "trade_id": "0e963016-9188-4a9b-b39e-f3af9c414f70",
            "ticker": "HIGHAUS-24SEP24-B91.5",
            "count": 30,
            "created_time": "2024-09-23T20:35:43.40289Z",
            "yes_price": 40,
            "no_price": 60,
            "taker_side": "no"
        },
        {
            "trade_id": "6395ee7a-c892-458b-a774-c0e48d0fcc37",
            "ticker": "HIGHAUS-24SEP24-B91.5",
            "count": 30,
            "created_time": "2024-09-23T20:35:26.314366Z",
            "yes_price": 41,
            "no_price": 59,
            "taker_side": "no"
        },
        {
            "trade_id": "a14f9c31-8ee5-4f7a-a69b-850de48e06e4",
            "ticker": "HIGHAUS-24SEP24-B91.5",
            "count": 18,
            "created_time": "2024-09-23T20:34:54.740481Z",
            "yes_price": 42,
            "no_price": 58,
            "taker_side": "no"
        },
        {
            "trade_id": "7caab1e9-4d3e-4c0c-9990-7880fbf7f9c1",
            "ticker": "HIGHAUS-24SEP24-B91.5",
            "count": 180,
            "created_time": "2024-09-23T20:34:04.442697Z",
            "yes_price": 42,
            "no_price": 58,
            "taker_side": "no"
        },
        {
            "trade_id": "3edd9007-38f9-40ab-9909-8eeaa0035368",
            "ticker": "HIGHAUS-24SEP24-B91.5",
            "count": 36,
            "created_time": "2024-09-23T20:34:04.442697Z",
            "yes_price": 44,
            "no_price": 56,
            "taker_side": "no"
        },
        {
            "trade_id": "893f807e-0442-4a6a-986f-d1d9819b46bb",
            "ticker": "HIGHAUS-24SEP24-B91.5",
            "count": 2,
            "created_time": "2024-09-23T20:33:38.355781Z",
            "yes_price": 45,
            "no_price": 55,
            "taker_side": "no"
        },
        {
            "trade_id": "7f308d18-765e-4f8d-b92a-47dcd2479be1",
            "ticker": "HIGHAUS-24SEP24-B91.5",
            "count": 180,
            "created_time": "2024-09-23T20:33:38.355781Z",
            "yes_price": 42,
            "no_price": 58,
            "taker_side": "no"
        },
        {
            "trade_id": "39464212-b81d-49e8-b533-5bb10c286c18",
            "ticker": "HIGHAUS-24SEP24-B91.5",
            "count": 54,
            "created_time": "2024-09-23T20:33:38.355781Z",
            "yes_price": 45,
            "no_price": 55,
            "taker_side": "no"
        },
        {
            "trade_id": "60a553f7-307d-4d03-a328-a1522901b5de",
            "ticker": "HIGHAUS-24SEP24-B91.5",
            "count": 1,
            "created_time": "2024-09-23T18:35:18.62567Z",
            "yes_price": 37,
            "no_price": 63,
            "taker_side": "no"
        },
        {
            "trade_id": "c0b44a15-c153-4d6e-b577-e5fb0aadd674",
            "ticker": "HIGHAUS-24SEP24-B91.5",
            "count": 1,
            "created_time": "2024-09-23T18:35:17.818622Z",
            "yes_price": 37,
            "no_price": 63,
            "taker_side": "no"
        },
        {
            "trade_id": "f87c14f2-a86a-4832-954f-76d778f09c00",
            "ticker": "HIGHAUS-24SEP24-B91.5",
            "count": 2,
            "created_time": "2024-09-23T17:08:39.580149Z",
            "yes_price": 33,
            "no_price": 67,
            "taker_side": "no"
        },
        {
            "trade_id": "587d6d08-3dfa-4a03-b6a6-e271dc9af606",
            "ticker": "HIGHAUS-24SEP24-B91.5",
            "count": 72,
            "created_time": "2024-09-23T17:08:39.471897Z",
            "yes_price": 31,
            "no_price": 69,
            "taker_side": "yes"
        },
        {
            "trade_id": "e7514bb4-27d7-4d33-8990-a2b50998afd2",
            "ticker": "HIGHAUS-24SEP24-B91.5",
            "count": 54,
            "created_time": "2024-09-23T15:48:31.170611Z",
            "yes_price": 23,
            "no_price": 77,
            "taker_side": "no"
        },
        {
            "trade_id": "a24a5fbd-642f-40b5-9b50-485bacfcbca1",
            "ticker": "HIGHAUS-24SEP24-B91.5",
            "count": 2,
            "created_time": "2024-09-23T15:40:40.478142Z",
            "yes_price": 26,
            "no_price": 74,
            "taker_side": "no"
        },
        {
            "trade_id": "f0f14032-da4e-495d-af24-6c411890ba6d",
            "ticker": "HIGHAUS-24SEP24-B91.5",
            "count": 108,
            "created_time": "2024-09-23T15:03:05.61776Z",
            "yes_price": 30,
            "no_price": 70,
            "taker_side": "no"
        },
        {
            "trade_id": "5efcea1d-d579-48dd-9394-813029bd9b8f",
            "ticker": "HIGHAUS-24SEP24-B91.5",
            "count": 90,
            "created_time": "2024-09-23T15:02:44.382761Z",
            "yes_price": 29,
            "no_price": 71,
            "taker_side": "no"
        },
        {
            "trade_id": "cc8f74ef-09e9-4ee6-b1ae-9f7b5970abb4",
            "ticker": "HIGHAUS-24SEP24-B91.5",
            "count": 2,
            "created_time": "2024-09-23T15:02:24.035957Z",
            "yes_price": 28,
            "no_price": 72,
            "taker_side": "yes"
        },
        {
            "trade_id": "b5ae6576-13ab-4376-a7ae-6884f8a40157",
            "ticker": "HIGHAUS-24SEP24-B91.5",
            "count": 72,
            "created_time": "2024-09-23T15:02:24.035957Z",
            "yes_price": 28,
            "no_price": 72,
            "taker_side": "yes"
        },
        {
            "trade_id": "68806d9d-e78d-43b8-bfcb-8b0b5e2d90d1",
            "ticker": "HIGHAUS-24SEP24-B91.5",
            "count": 22,
            "created_time": "2024-09-23T14:37:03.835513Z",
            "yes_price": 22,
            "no_price": 78,
            "taker_side": "no"
        }
    ],
    "HIGHAUS-24SEP24-B93.5": [
        {
            "trade_id": "96d9dd03-e301-4c76-89f7-08b798d4686f",
            "ticker": "HIGHAUS-24SEP24-B93.5",
            "count": 30,
            "created_time": "2024-09-24T21:51:19.367716Z",
            "yes_price": 1,
            "no_price": 99,
            "taker_side": "yes"
        },
        {
            "trade_id": "78b325bb-79e0-4716-96c4-76d402184a47",
            "ticker": "HIGHAUS-24SEP24-B93.5",
            "count": 467,
            "created_time": "2024-09-24T21:40:58.40273Z",
            "yes_price": 1,
            "no_price": 99,
            "taker_side": "yes"
        },
        {
            "trade_id": "40dc8869-5282-489b-bce6-bc99f1075cec",
            "ticker": "HIGHAUS-24SEP24-B93.5",
            "count": 10,
            "created_time": "2024-09-24T21:15:21.950638Z",
            "yes_price": 1,
            "no_price": 99,
            "taker_side": "yes"
        },
        {
            "trade_id": "f883efc7-27fb-45eb-9a26-cd655843405f",
            "ticker": "HIGHAUS-24SEP24-B93.5",
            "count": 50,
            "created_time": "2024-09-24T20:41:34.193262Z",
            "yes_price": 1,
            "no_price": 99,
            "taker_side": "no"
        },
        {
            "trade_id": "ce37638d-1565-49d2-8a47-5caaa524a785",
            "ticker": "HIGHAUS-24SEP24-B93.5",
            "count": 30,
            "created_time": "2024-09-24T20:33:49.246326Z",
            "yes_price": 30,
            "no_price": 70,
            "taker_side": "no"
        },
        {
            "trade_id": "e46d34d4-58fd-4408-88fc-65ec00cde812",
            "ticker": "HIGHAUS-24SEP24-B93.5",
            "count": 1,
            "created_time": "2024-09-24T20:33:15.52234Z",
            "yes_price": 35,
            "no_price": 65,
            "taker_side": "no"
        },
        {
            "trade_id": "3f303ca5-e670-4214-a3a3-42ffb3c1edce",
            "ticker": "HIGHAUS-24SEP24-B93.5",
            "count": 5,
            "created_time": "2024-09-24T20:33:15.52234Z",
            "yes_price": 35,
            "no_price": 65,
            "taker_side": "no"
        },
        {
            "trade_id": "96573dce-636d-449d-8325-d3c9db799fb5",
            "ticker": "HIGHAUS-24SEP24-B93.5",
            "count": 50,
            "created_time": "2024-09-24T20:26:19.851069Z",
            "yes_price": 53,
            "no_price": 47,
            "taker_side": "no"
        },
        {
            "trade_id": "5e746aa5-82d1-49b8-a304-bc70bea78b9b",
            "ticker": "HIGHAUS-24SEP24-B93.5",
            "count": 10,
            "created_time": "2024-09-24T19:48:32.522617Z",
            "yes_price": 85,
            "no_price": 15,
            "taker_side": "yes"
        },
        {
            "trade_id": "b9f0b4ab-ad97-481c-bf83-2afad5f046a9",
            "ticker": "HIGHAUS-24SEP24-B93.5",
            "count": 1,
            "created_time": "2024-09-24T19:29:58.70192Z",
            "yes_price": 35,
            "no_price": 65,
            "taker_side": "no"
        },
        {
            "trade_id": "c8310f72-abdc-4834-9a5a-07bf27c3f259",
            "ticker": "HIGHAUS-24SEP24-B93.5",
            "count": 25,
            "created_time": "2024-09-24T17:16:29.951234Z",
            "yes_price": 60,
            "no_price": 40,
            "taker_side": "no"
        },
        {
            "trade_id": "15206323-8e52-48db-89e0-5f98e926c204",
            "ticker": "HIGHAUS-24SEP24-B93.5",
            "count": 30,
            "created_time": "2024-09-24T17:09:12.126509Z",
            "yes_price": 61,
            "no_price": 39,
            "taker_side": "no"
        },
        {
            "trade_id": "da1d0d7e-9b24-4208-80f2-004b4201524e",
            "ticker": "HIGHAUS-24SEP24-B93.5",
            "count": 8,
            "created_time": "2024-09-24T16:20:05.798534Z",
            "yes_price": 60,
            "no_price": 40,
            "taker_side": "no"
        },
        {
            "trade_id": "eda508a2-4dc4-4c2b-b88b-40ba16d6106f",
            "ticker": "HIGHAUS-24SEP24-B93.5",
            "count": 30,
            "created_time": "2024-09-24T16:16:27.628479Z",
            "yes_price": 65,
            "no_price": 35,
            "taker_side": "yes"
        },
        {
            "trade_id": "2c10fa5b-3940-4f45-9f8c-842359304af6",
            "ticker": "HIGHAUS-24SEP24-B93.5",
            "count": 30,
            "created_time": "2024-09-24T15:26:18.46176Z",
            "yes_price": 59,
            "no_price": 41,
            "taker_side": "yes"
        },
        {
            "trade_id": "6c214cef-9432-4207-aae4-2bdbf6f79e9a",
            "ticker": "HIGHAUS-24SEP24-B93.5",
            "count": 90,
            "created_time": "2024-09-24T15:25:42.505442Z",
            "yes_price": 54,
            "no_price": 46,
            "taker_side": "yes"
        },
        {
            "trade_id": "0ffe17bc-4076-406c-a6b8-ce26d455cf06",
            "ticker": "HIGHAUS-24SEP24-B93.5",
            "count": 180,
            "created_time": "2024-09-24T15:25:42.505442Z",
            "yes_price": 57,
            "no_price": 43,
            "taker_side": "yes"
        },
        {
            "trade_id": "0330b3d9-bd32-4885-8c93-803592c20c29",
            "ticker": "HIGHAUS-24SEP24-B93.5",
            "count": 180,
            "created_time": "2024-09-24T15:25:42.505442Z",
            "yes_price": 59,
            "no_price": 41,
            "taker_side": "yes"
        },
        {
            "trade_id": "31053e59-a2bf-4faf-9366-29ae9f4c1a70",
            "ticker": "HIGHAUS-24SEP24-B93.5",
            "count": 29,
            "created_time": "2024-09-24T15:15:23.600382Z",
            "yes_price": 49,
            "no_price": 51,
            "taker_side": "yes"
        },
        {
            "trade_id": "3e724df0-5b3a-462f-9ba6-832983c2724d",
            "ticker": "HIGHAUS-24SEP24-B93.5",
            "count": 50,
            "created_time": "2024-09-24T14:16:27.22926Z",
            "yes_price": 48,
            "no_price": 52,
            "taker_side": "yes"
        },
        {
            "trade_id": "1a574d0d-e2c3-4041-8aca-334c408908df",
            "ticker": "HIGHAUS-24SEP24-B93.5",
            "count": 30,
            "created_time": "2024-09-24T13:43:54.678293Z",
            "yes_price": 34,
            "no_price": 66,
            "taker_side": "no"
        },
        {
            "trade_id": "a77f2e18-d468-4c9b-9a3f-2f4583b7707f",
            "ticker": "HIGHAUS-24SEP24-B93.5",
            "count": 36,
            "created_time": "2024-09-24T13:42:52.349429Z",
            "yes_price": 36,
            "no_price": 64,
            "taker_side": "no"
        },
        {
            "trade_id": "8bffc6d4-6985-4968-96eb-0fba32696797",
            "ticker": "HIGHAUS-24SEP24-B93.5",
            "count": 180,
            "created_time": "2024-09-24T13:42:52.349429Z",
            "yes_price": 34,
            "no_price": 66,
            "taker_side": "no"
        },
        {
            "trade_id": "bab2e8b3-b730-42fa-92ff-6113145a458e",
            "ticker": "HIGHAUS-24SEP24-B93.5",
            "count": 1,
            "created_time": "2024-09-24T13:42:00.422041Z",
            "yes_price": 42,
            "no_price": 58,
            "taker_side": "no"
        },
        {
            "trade_id": "b0afa2a5-5f01-4d8d-aa60-2ef2d2f571d7",
            "ticker": "HIGHAUS-24SEP24-B93.5",
            "count": 18,
            "created_time": "2024-09-24T13:42:00.422041Z",
            "yes_price": 41,
            "no_price": 59,
            "taker_side": "no"
        },
        {
            "trade_id": "a6ec2c62-9bff-4944-ba48-a99348edccf0",
            "ticker": "HIGHAUS-24SEP24-B93.5",
            "count": 171,
            "created_time": "2024-09-24T13:42:00.422041Z",
            "yes_price": 36,
            "no_price": 64,
            "taker_side": "no"
        },
        {
            "trade_id": "a32c1655-a8b7-4507-9ee2-39f6523d9c71",
            "ticker": "HIGHAUS-24SEP24-B93.5",
            "count": 180,
            "created_time": "2024-09-24T13:42:00.422041Z",
            "yes_price": 38,
            "no_price": 62,
            "taker_side": "no"
        },
        {
            "trade_id": "ff3435a6-ebd3-4371-90e3-23dfa02451ff",
            "ticker": "HIGHAUS-24SEP24-B93.5",
            "count": 36,
            "created_time": "2024-09-24T13:27:50.424809Z",
            "yes_price": 41,
            "no_price": 59,
            "taker_side": "no"
        },
        {
            "trade_id": "c028dfe5-5e49-43d7-b279-650ebbff7ddd",
            "ticker": "HIGHAUS-24SEP24-B93.5",
            "count": 2,
            "created_time": "2024-09-24T13:27:50.424809Z",
            "yes_price": 42,
            "no_price": 58,
            "taker_side": "no"
        },
        {
            "trade_id": "8465d10b-a690-4d11-a11d-41d8733f5689",
            "ticker": "HIGHAUS-24SEP24-B93.5",
            "count": 4,
            "created_time": "2024-09-24T13:27:50.424809Z",
            "yes_price": 43,
            "no_price": 57,
            "taker_side": "no"
        },
        {
            "trade_id": "5e35dea4-17af-4f63-9f70-8ec595ad10ad",
            "ticker": "HIGHAUS-24SEP24-B93.5",
            "count": 1,
            "created_time": "2024-09-24T13:27:50.424809Z",
            "yes_price": 40,
            "no_price": 60,
            "taker_side": "no"
        },
        {
            "trade_id": "54cdc2b9-b931-4715-b8fe-68805b9fa73b",
            "ticker": "HIGHAUS-24SEP24-B93.5",
            "count": 91,
            "created_time": "2024-09-24T13:27:50.424809Z",
            "yes_price": 39,
            "no_price": 61,
            "taker_side": "no"
        },
        {
            "trade_id": "44151eb6-aded-4871-8ad1-550050474161",
            "ticker": "HIGHAUS-24SEP24-B93.5",
            "count": 30,
            "created_time": "2024-09-24T13:27:50.424809Z",
            "yes_price": 46,
            "no_price": 54,
            "taker_side": "no"
        },
        {
            "trade_id": "c8eb645e-2674-432f-8659-2a35833dbe18",
            "ticker": "HIGHAUS-24SEP24-B93.5",
            "count": 5,
            "created_time": "2024-09-24T12:28:27.626992Z",
            "yes_price": 53,
            "no_price": 47,
            "taker_side": "yes"
        },
        {
            "trade_id": "430ee0e3-af2e-4bc2-b189-b7d4352c9906",
            "ticker": "HIGHAUS-24SEP24-B93.5",
            "count": 30,
            "created_time": "2024-09-24T12:05:14.599869Z",
            "yes_price": 53,
            "no_price": 47,
            "taker_side": "no"
        },
        {
            "trade_id": "6aab5dab-28bf-4871-abf4-edbe9b22881f",
            "ticker": "HIGHAUS-24SEP24-B93.5",
            "count": 54,
            "created_time": "2024-09-24T12:05:05.490205Z",
            "yes_price": 51,
            "no_price": 49,
            "taker_side": "yes"
        },
        {
            "trade_id": "65330ebc-9030-45b0-b8bf-182e5c165a58",
            "ticker": "HIGHAUS-24SEP24-B93.5",
            "count": 143,
            "created_time": "2024-09-24T03:06:02.094329Z",
            "yes_price": 54,
            "no_price": 46,
            "taker_side": "yes"
        },
        {
            "trade_id": "ebc96156-7ad8-4f01-b5a7-a71cbfddd087",
            "ticker": "HIGHAUS-24SEP24-B93.5",
            "count": 3,
            "created_time": "2024-09-24T02:02:03.420866Z",
            "yes_price": 52,
            "no_price": 48,
            "taker_side": "no"
        },
        {
            "trade_id": "8d57b12f-90f4-4e04-9c89-e4aa09d793cd",
            "ticker": "HIGHAUS-24SEP24-B93.5",
            "count": 47,
            "created_time": "2024-09-24T02:02:03.420866Z",
            "yes_price": 52,
            "no_price": 48,
            "taker_side": "no"
        },
        {
            "trade_id": "a8af88b8-a7e1-4585-aa45-b20743a79c94",
            "ticker": "HIGHAUS-24SEP24-B93.5",
            "count": 4,
            "created_time": "2024-09-24T01:28:33.142788Z",
            "yes_price": 53,
            "no_price": 47,
            "taker_side": "no"
        },
        {
            "trade_id": "834c135f-15ca-43b7-b585-0e2605347880",
            "ticker": "HIGHAUS-24SEP24-B93.5",
            "count": 90,
            "created_time": "2024-09-23T23:45:55.964386Z",
            "yes_price": 53,
            "no_price": 47,
            "taker_side": "no"
        },
        {
            "trade_id": "80836f4e-5fc5-4ed9-b923-05fa9bfe72a3",
            "ticker": "HIGHAUS-24SEP24-B93.5",
            "count": 54,
            "created_time": "2024-09-23T23:45:31.219778Z",
            "yes_price": 54,
            "no_price": 46,
            "taker_side": "no"
        },
        {
            "trade_id": "fb08a009-8448-4e89-888e-43e30b6e9fcc",
            "ticker": "HIGHAUS-24SEP24-B93.5",
            "count": 54,
            "created_time": "2024-09-23T23:45:15.022208Z",
            "yes_price": 56,
            "no_price": 44,
            "taker_side": "no"
        },
        {
            "trade_id": "cc3a5aab-565d-48f9-ad78-251fea8535f0",
            "ticker": "HIGHAUS-24SEP24-B93.5",
            "count": 180,
            "created_time": "2024-09-23T23:45:15.022208Z",
            "yes_price": 54,
            "no_price": 46,
            "taker_side": "no"
        },
        {
            "trade_id": "557aca57-58e2-49cb-8c89-e1cf29d8d221",
            "ticker": "HIGHAUS-24SEP24-B93.5",
            "count": 3,
            "created_time": "2024-09-23T23:45:15.022208Z",
            "yes_price": 59,
            "no_price": 41,
            "taker_side": "no"
        },
        {
            "trade_id": "aa7b096e-d884-4325-a829-2b8c2aaab5cc",
            "ticker": "HIGHAUS-24SEP24-B93.5",
            "count": 3,
            "created_time": "2024-09-23T22:08:32.207646Z",
            "yes_price": 54,
            "no_price": 46,
            "taker_side": "yes"
        },
        {
            "trade_id": "925726a0-be6d-4417-add0-fed9ca783e57",
            "ticker": "HIGHAUS-24SEP24-B93.5",
            "count": 109,
            "created_time": "2024-09-23T22:08:32.207646Z",
            "yes_price": 54,
            "no_price": 46,
            "taker_side": "yes"
        },
        {
            "trade_id": "5f50300e-ead4-482e-89a9-cf804ff80961",
            "ticker": "HIGHAUS-24SEP24-B93.5",
            "count": 22,
            "created_time": "2024-09-23T22:08:32.207646Z",
            "yes_price": 55,
            "no_price": 45,
            "taker_side": "yes"
        },
        {
            "trade_id": "b1265f7c-37ab-4a92-b578-1ed88402e9db",
            "ticker": "HIGHAUS-24SEP24-B93.5",
            "count": 1,
            "created_time": "2024-09-23T22:01:18.193115Z",
            "yes_price": 42,
            "no_price": 58,
            "taker_side": "no"
        },
        {
            "trade_id": "120a7ab1-500f-4367-a84d-1c7c9d82d5f6",
            "ticker": "HIGHAUS-24SEP24-B93.5",
            "count": 1,
            "created_time": "2024-09-23T22:01:08.420688Z",
            "yes_price": 42,
            "no_price": 58,
            "taker_side": "no"
        },
        {
            "trade_id": "a4f0ad34-51ea-47c1-b598-4eb3c2ba795b",
            "ticker": "HIGHAUS-24SEP24-B93.5",
            "count": 1,
            "created_time": "2024-09-23T22:00:58.338068Z",
            "yes_price": 42,
            "no_price": 58,
            "taker_side": "no"
        },
        {
            "trade_id": "45c75c23-6ec5-42a6-a86d-763e29b30e52",
            "ticker": "HIGHAUS-24SEP24-B93.5",
            "count": 3,
            "created_time": "2024-09-23T22:00:48.368798Z",
            "yes_price": 42,
            "no_price": 58,
            "taker_side": "no"
        },
        {
            "trade_id": "81888e59-f2ff-4f67-9470-45d1a717f084",
            "ticker": "HIGHAUS-24SEP24-B93.5",
            "count": 5,
            "created_time": "2024-09-23T22:00:38.195067Z",
            "yes_price": 42,
            "no_price": 58,
            "taker_side": "no"
        },
        {
            "trade_id": "99ceae65-7bae-437a-82b6-16d7d40e3a41",
            "ticker": "HIGHAUS-24SEP24-B93.5",
            "count": 9,
            "created_time": "2024-09-23T22:00:35.52114Z",
            "yes_price": 42,
            "no_price": 58,
            "taker_side": "yes"
        },
        {
            "trade_id": "cec78c25-521e-43fb-8a68-95b94e83b1c8",
            "ticker": "HIGHAUS-24SEP24-B93.5",
            "count": 54,
            "created_time": "2024-09-23T20:34:52.706198Z",
            "yes_price": 33,
            "no_price": 67,
            "taker_side": "yes"
        },
        {
            "trade_id": "94465d6c-eea1-4100-a3c6-602cbb94fc33",
            "ticker": "HIGHAUS-24SEP24-B93.5",
            "count": 30,
            "created_time": "2024-09-23T20:34:52.706198Z",
            "yes_price": 35,
            "no_price": 65,
            "taker_side": "yes"
        },
        {
            "trade_id": "d5e70949-f652-451f-877c-88a9e999a453",
            "ticker": "HIGHAUS-24SEP24-B93.5",
            "count": 36,
            "created_time": "2024-09-23T20:34:15.075755Z",
            "yes_price": 32,
            "no_price": 68,
            "taker_side": "yes"
        },
        {
            "trade_id": "a565d98f-64f8-49c3-9d3d-925fa7614155",
            "ticker": "HIGHAUS-24SEP24-B93.5",
            "count": 18,
            "created_time": "2024-09-23T20:30:01.355163Z",
            "yes_price": 28,
            "no_price": 72,
            "taker_side": "yes"
        },
        {
            "trade_id": "156a37d2-435c-46ae-9e43-359b9ea6da1e",
            "ticker": "HIGHAUS-24SEP24-B93.5",
            "count": 2,
            "created_time": "2024-09-23T20:30:01.355163Z",
            "yes_price": 28,
            "no_price": 72,
            "taker_side": "yes"
        },
        {
            "trade_id": "4b0f0c95-ddad-41fe-b9f6-562583659850",
            "ticker": "HIGHAUS-24SEP24-B93.5",
            "count": 128,
            "created_time": "2024-09-23T19:56:36.633703Z",
            "yes_price": 31,
            "no_price": 69,
            "taker_side": "no"
        },
        {
            "trade_id": "c2f29eac-37ad-47c7-b33a-26cd5b4883e5",
            "ticker": "HIGHAUS-24SEP24-B93.5",
            "count": 36,
            "created_time": "2024-09-23T19:56:36.575591Z",
            "yes_price": 31,
            "no_price": 69,
            "taker_side": "no"
        },
        {
            "trade_id": "b45a0371-b70a-4a26-8fb0-edf49d73adca",
            "ticker": "HIGHAUS-24SEP24-B93.5",
            "count": 36,
            "created_time": "2024-09-23T19:52:36.92084Z",
            "yes_price": 31,
            "no_price": 69,
            "taker_side": "no"
        },
        {
            "trade_id": "e505c471-6b0f-4bba-8d6c-59937bb57041",
            "ticker": "HIGHAUS-24SEP24-B93.5",
            "count": 180,
            "created_time": "2024-09-23T19:30:01.035093Z",
            "yes_price": 33,
            "no_price": 67,
            "taker_side": "yes"
        },
        {
            "trade_id": "46074ba4-7bc4-4852-a921-192bc3ecb242",
            "ticker": "HIGHAUS-24SEP24-B93.5",
            "count": 36,
            "created_time": "2024-09-23T19:30:01.035093Z",
            "yes_price": 31,
            "no_price": 69,
            "taker_side": "yes"
        },
        {
            "trade_id": "1ce57b18-c295-4da6-921c-2f11f5923b50",
            "ticker": "HIGHAUS-24SEP24-B93.5",
            "count": 180,
            "created_time": "2024-09-23T19:30:01.035093Z",
            "yes_price": 35,
            "no_price": 65,
            "taker_side": "yes"
        },
        {
            "trade_id": "c12ac938-ece7-4381-9557-1e5d8a8fa1c3",
            "ticker": "HIGHAUS-24SEP24-B93.5",
            "count": 1,
            "created_time": "2024-09-23T18:48:29.660046Z",
            "yes_price": 42,
            "no_price": 58,
            "taker_side": "no"
        },
        {
            "trade_id": "fa4b505c-58ac-44dc-aa4e-7e242f0cf73f",
            "ticker": "HIGHAUS-24SEP24-B93.5",
            "count": 1,
            "created_time": "2024-09-23T18:35:18.610413Z",
            "yes_price": 42,
            "no_price": 58,
            "taker_side": "no"
        },
        {
            "trade_id": "2d243f93-7169-4d03-beb6-1ca741294005",
            "ticker": "HIGHAUS-24SEP24-B93.5",
            "count": 1,
            "created_time": "2024-09-23T18:35:18.054384Z",
            "yes_price": 42,
            "no_price": 58,
            "taker_side": "no"
        },
        {
            "trade_id": "95349632-0dbd-4f5e-81eb-c7208ff923eb",
            "ticker": "HIGHAUS-24SEP24-B93.5",
            "count": 1,
            "created_time": "2024-09-23T17:30:25.871157Z",
            "yes_price": 42,
            "no_price": 58,
            "taker_side": "no"
        },
        {
            "trade_id": "27184a42-b306-458c-a2f7-7f707930f18a",
            "ticker": "HIGHAUS-24SEP24-B93.5",
            "count": 2,
            "created_time": "2024-09-23T17:08:39.578954Z",
            "yes_price": 42,
            "no_price": 58,
            "taker_side": "no"
        },
        {
            "trade_id": "e770e840-68c4-4f3b-8a84-14e032c0257c",
            "ticker": "HIGHAUS-24SEP24-B93.5",
            "count": 2,
            "created_time": "2024-09-23T15:03:36.899892Z",
            "yes_price": 46,
            "no_price": 54,
            "taker_side": "no"
        }
    ],
    "HIGHAUS-24SEP24-B95.5": [
        {
            "trade_id": "700d737d-b24a-46f9-8493-78fb084688e9",
            "ticker": "HIGHAUS-24SEP24-B95.5",
            "count": 10,
            "created_time": "2024-09-25T00:07:52.84701Z",
            "yes_price": 99,
            "no_price": 1,
            "taker_side": "yes"
        },
        {
            "trade_id": "8977f9aa-dd53-4848-be9b-18a687669e6e",
            "ticker": "HIGHAUS-24SEP24-B95.5",
            "count": 10,
            "created_time": "2024-09-24T22:16:55.684566Z",
            "yes_price": 99,
            "no_price": 1,
            "taker_side": "yes"
        },
        {
            "trade_id": "6e5f0382-8735-458a-96b6-2da2c3e60702",
            "ticker": "HIGHAUS-24SEP24-B95.5",
            "count": 184,
            "created_time": "2024-09-24T21:43:39.302256Z",
            "yes_price": 99,
            "no_price": 1,
            "taker_side": "yes"
        },
        {
            "trade_id": "ad2773c6-da5a-43ea-8678-3d8ff66e7a28",
            "ticker": "HIGHAUS-24SEP24-B95.5",
            "count": 25,
            "created_time": "2024-09-24T20:52:57.507132Z",
            "yes_price": 97,
            "no_price": 3,
            "taker_side": "yes"
        },
        {
            "trade_id": "a4057a79-4ce9-41cb-8596-3a58de495f81",
            "ticker": "HIGHAUS-24SEP24-B95.5",
            "count": 50,
            "created_time": "2024-09-24T20:52:57.507132Z",
            "yes_price": 99,
            "no_price": 1,
            "taker_side": "yes"
        },
        {
            "trade_id": "20965f5c-7f33-4348-8ad9-58b290bc86a6",
            "ticker": "HIGHAUS-24SEP24-B95.5",
            "count": 20,
            "created_time": "2024-09-24T20:52:57.507132Z",
            "yes_price": 98,
            "no_price": 2,
            "taker_side": "yes"
        },
        {
            "trade_id": "14e1ee4f-e14e-463a-8bbd-0dc90ecb0369",
            "ticker": "HIGHAUS-24SEP24-B95.5",
            "count": 16,
            "created_time": "2024-09-24T20:52:57.507132Z",
            "yes_price": 99,
            "no_price": 1,
            "taker_side": "yes"
        },
        {
            "trade_id": "61285588-dee2-4cf0-9111-363ab4fff098",
            "ticker": "HIGHAUS-24SEP24-B95.5",
            "count": 22,
            "created_time": "2024-09-24T20:33:01.891954Z",
            "yes_price": 53,
            "no_price": 47,
            "taker_side": "yes"
        },
        {
            "trade_id": "a286e562-161c-4fa2-8b75-2e461cabbae7",
            "ticker": "HIGHAUS-24SEP24-B95.5",
            "count": 1,
            "created_time": "2024-09-24T20:22:03.119067Z",
            "yes_price": 36,
            "no_price": 64,
            "taker_side": "no"
        },
        {
            "trade_id": "920dc2ea-b7d3-4935-bcb1-10aa5801fc72",
            "ticker": "HIGHAUS-24SEP24-B95.5",
            "count": 30,
            "created_time": "2024-09-24T19:55:42.760676Z",
            "yes_price": 27,
            "no_price": 73,
            "taker_side": "yes"
        },
        {
            "trade_id": "715070ce-da0e-4624-91d8-9d168b9ec297",
            "ticker": "HIGHAUS-24SEP24-B95.5",
            "count": 3,
            "created_time": "2024-09-24T19:55:42.760676Z",
            "yes_price": 27,
            "no_price": 73,
            "taker_side": "yes"
        },
        {
            "trade_id": "7ee12f38-f533-4140-a967-091c2119c78c",
            "ticker": "HIGHAUS-24SEP24-B95.5",
            "count": 50,
            "created_time": "2024-09-24T19:49:41.66903Z",
            "yes_price": 11,
            "no_price": 89,
            "taker_side": "no"
        },
        {
            "trade_id": "8459472d-932e-4249-9bc9-35dea54e45f7",
            "ticker": "HIGHAUS-24SEP24-B95.5",
            "count": 50,
            "created_time": "2024-09-24T19:48:20.858405Z",
            "yes_price": 11,
            "no_price": 89,
            "taker_side": "no"
        },
        {
            "trade_id": "d4d14a56-e43d-4942-9cf8-3b374ff1adfc",
            "ticker": "HIGHAUS-24SEP24-B95.5",
            "count": 111,
            "created_time": "2024-09-24T18:20:48.971863Z",
            "yes_price": 11,
            "no_price": 89,
            "taker_side": "no"
        },
        {
            "trade_id": "dbcdf877-9721-4536-9e8b-0fb03aba56b6",
            "ticker": "HIGHAUS-24SEP24-B95.5",
            "count": 90,
            "created_time": "2024-09-24T17:13:44.324344Z",
            "yes_price": 27,
            "no_price": 73,
            "taker_side": "no"
        },
        {
            "trade_id": "4f0ea038-f6b1-4a52-a494-1a893e4dc697",
            "ticker": "HIGHAUS-24SEP24-B95.5",
            "count": 108,
            "created_time": "2024-09-24T17:13:32.493897Z",
            "yes_price": 26,
            "no_price": 74,
            "taker_side": "no"
        },
        {
            "trade_id": "11de7776-75ee-4a64-bfa3-9a70cd77919c",
            "ticker": "HIGHAUS-24SEP24-B95.5",
            "count": 90,
            "created_time": "2024-09-24T17:13:22.744965Z",
            "yes_price": 25,
            "no_price": 75,
            "taker_side": "no"
        },
        {
            "trade_id": "094d80e8-7712-4575-a586-504f4997df4a",
            "ticker": "HIGHAUS-24SEP24-B95.5",
            "count": 126,
            "created_time": "2024-09-24T17:13:13.200359Z",
            "yes_price": 24,
            "no_price": 76,
            "taker_side": "no"
        },
        {
            "trade_id": "87c6d804-b270-452a-9e20-e65bdfa8daf8",
            "ticker": "HIGHAUS-24SEP24-B95.5",
            "count": 17,
            "created_time": "2024-09-24T17:13:08.164763Z",
            "yes_price": 23,
            "no_price": 77,
            "taker_side": "yes"
        },
        {
            "trade_id": "eca45c49-5688-4762-b60c-9e37f7717dd8",
            "ticker": "HIGHAUS-24SEP24-B95.5",
            "count": 109,
            "created_time": "2024-09-24T17:13:04.59662Z",
            "yes_price": 23,
            "no_price": 77,
            "taker_side": "no"
        },
        {
            "trade_id": "f1c8f816-9422-4770-830c-12c5ae602b00",
            "ticker": "HIGHAUS-24SEP24-B95.5",
            "count": 1,
            "created_time": "2024-09-24T17:12:52.755045Z",
            "yes_price": 23,
            "no_price": 77,
            "taker_side": "yes"
        },
        {
            "trade_id": "311a57bb-528b-4427-bb2d-734889fab1ce",
            "ticker": "HIGHAUS-24SEP24-B95.5",
            "count": 90,
            "created_time": "2024-09-24T17:12:52.755045Z",
            "yes_price": 22,
            "no_price": 78,
            "taker_side": "yes"
        },
        {
            "trade_id": "62db6a8d-376d-496e-8e86-aacc1c8e03c5",
            "ticker": "HIGHAUS-24SEP24-B95.5",
            "count": 54,
            "created_time": "2024-09-24T15:56:18.596606Z",
            "yes_price": 19,
            "no_price": 81,
            "taker_side": "no"
        },
        {
            "trade_id": "321732ff-dbc2-4345-8357-a931b3857a46",
            "ticker": "HIGHAUS-24SEP24-B95.5",
            "count": 171,
            "created_time": "2024-09-24T15:56:18.596606Z",
            "yes_price": 17,
            "no_price": 83,
            "taker_side": "no"
        },
        {
            "trade_id": "403bd482-24d8-44a3-a0c8-f322a7e6754b",
            "ticker": "HIGHAUS-24SEP24-B95.5",
            "count": 72,
            "created_time": "2024-09-24T15:26:08.009088Z",
            "yes_price": 24,
            "no_price": 76,
            "taker_side": "no"
        },
        {
            "trade_id": "95fc4352-0507-4016-96ec-d5a1b056133e",
            "ticker": "HIGHAUS-24SEP24-B95.5",
            "count": 3,
            "created_time": "2024-09-24T15:24:32.065645Z",
            "yes_price": 36,
            "no_price": 64,
            "taker_side": "no"
        },
        {
            "trade_id": "61612aec-2666-495e-b6d3-b3e5b1cabee5",
            "ticker": "HIGHAUS-24SEP24-B95.5",
            "count": 20,
            "created_time": "2024-09-24T15:24:32.065645Z",
            "yes_price": 36,
            "no_price": 64,
            "taker_side": "no"
        },
        {
            "trade_id": "2fa8dee0-6861-4973-a3ee-6fae6e140e28",
            "ticker": "HIGHAUS-24SEP24-B95.5",
            "count": 10,
            "created_time": "2024-09-24T15:24:32.065645Z",
            "yes_price": 35,
            "no_price": 65,
            "taker_side": "no"
        },
        {
            "trade_id": "5066dd75-669b-4d95-918b-aa39ffa561be",
            "ticker": "HIGHAUS-24SEP24-B95.5",
            "count": 6,
            "created_time": "2024-09-24T15:20:37.897335Z",
            "yes_price": 37,
            "no_price": 63,
            "taker_side": "no"
        },
        {
            "trade_id": "577dcbe8-c8a7-4b14-b73e-2991314de333",
            "ticker": "HIGHAUS-24SEP24-B95.5",
            "count": 30,
            "created_time": "2024-09-24T14:21:17.087121Z",
            "yes_price": 40,
            "no_price": 60,
            "taker_side": "yes"
        },
        {
            "trade_id": "47fc4130-d2d9-4146-bdd8-91c42651c041",
            "ticker": "HIGHAUS-24SEP24-B95.5",
            "count": 9,
            "created_time": "2024-09-24T14:16:59.083974Z",
            "yes_price": 39,
            "no_price": 61,
            "taker_side": "yes"
        },
        {
            "trade_id": "121324ed-8487-4c0d-b995-8577d9b2d7db",
            "ticker": "HIGHAUS-24SEP24-B95.5",
            "count": 1,
            "created_time": "2024-09-24T14:16:59.083974Z",
            "yes_price": 39,
            "no_price": 61,
            "taker_side": "yes"
        },
        {
            "trade_id": "d183bf22-1ccf-4a10-9182-d6bd98fd8970",
            "ticker": "HIGHAUS-24SEP24-B95.5",
            "count": 175,
            "created_time": "2024-09-24T14:08:30.507092Z",
            "yes_price": 38,
            "no_price": 62,
            "taker_side": "no"
        },
        {
            "trade_id": "e74f6fcb-125d-4c69-a711-e6b1fa4f6941",
            "ticker": "HIGHAUS-24SEP24-B95.5",
            "count": 7,
            "created_time": "2024-09-24T14:08:30.491998Z",
            "yes_price": 44,
            "no_price": 56,
            "taker_side": "no"
        },
        {
            "trade_id": "50c757a9-a98c-4661-a692-e950236e1707",
            "ticker": "HIGHAUS-24SEP24-B95.5",
            "count": 18,
            "created_time": "2024-09-24T14:08:30.473903Z",
            "yes_price": 44,
            "no_price": 56,
            "taker_side": "no"
        },
        {
            "trade_id": "ca53a7f8-4040-494a-8ef8-85b1d5d38219",
            "ticker": "HIGHAUS-24SEP24-B95.5",
            "count": 1,
            "created_time": "2024-09-24T14:04:52.337062Z",
            "yes_price": 44,
            "no_price": 56,
            "taker_side": "yes"
        },
        {
            "trade_id": "c0a9e356-b363-4284-8336-58dc3774bca0",
            "ticker": "HIGHAUS-24SEP24-B95.5",
            "count": 4,
            "created_time": "2024-09-24T14:04:52.337062Z",
            "yes_price": 43,
            "no_price": 57,
            "taker_side": "yes"
        },
        {
            "trade_id": "3672cded-ffa0-4c26-99aa-7104219c1738",
            "ticker": "HIGHAUS-24SEP24-B95.5",
            "count": 90,
            "created_time": "2024-09-24T13:54:10.257919Z",
            "yes_price": 39,
            "no_price": 61,
            "taker_side": "no"
        },
        {
            "trade_id": "1731b7fa-4d9e-4a1d-a418-06c6a84c39ca",
            "ticker": "HIGHAUS-24SEP24-B95.5",
            "count": 54,
            "created_time": "2024-09-24T13:53:26.03435Z",
            "yes_price": 40,
            "no_price": 60,
            "taker_side": "no"
        },
        {
            "trade_id": "0cb7e41a-0a87-411d-a3d3-f888184b8bc2",
            "ticker": "HIGHAUS-24SEP24-B95.5",
            "count": 90,
            "created_time": "2024-09-24T13:52:27.086186Z",
            "yes_price": 41,
            "no_price": 59,
            "taker_side": "no"
        },
        {
            "trade_id": "02288144-fa9b-427f-be71-f1508317520e",
            "ticker": "HIGHAUS-24SEP24-B95.5",
            "count": 180,
            "created_time": "2024-09-24T13:52:27.086186Z",
            "yes_price": 39,
            "no_price": 61,
            "taker_side": "no"
        },
        {
            "trade_id": "c4b277ec-49c6-4179-bc50-37270acdf6e2",
            "ticker": "HIGHAUS-24SEP24-B95.5",
            "count": 36,
            "created_time": "2024-09-24T13:51:27.623312Z",
            "yes_price": 41,
            "no_price": 59,
            "taker_side": "no"
        },
        {
            "trade_id": "b760f742-f2a9-48c2-9c5b-555509a708ea",
            "ticker": "HIGHAUS-24SEP24-B95.5",
            "count": 453,
            "created_time": "2024-09-24T13:51:27.623312Z",
            "yes_price": 40,
            "no_price": 60,
            "taker_side": "no"
        },
        {
            "trade_id": "a5109eec-a694-4c83-86e5-fb5e6b27443c",
            "ticker": "HIGHAUS-24SEP24-B95.5",
            "count": 60,
            "created_time": "2024-09-24T13:39:55.307Z",
            "yes_price": 33,
            "no_price": 67,
            "taker_side": "no"
        },
        {
            "trade_id": "254c1e79-ee71-44ad-9c27-3e7a1296b37e",
            "ticker": "HIGHAUS-24SEP24-B95.5",
            "count": 12,
            "created_time": "2024-09-24T13:39:55.307Z",
            "yes_price": 35,
            "no_price": 65,
            "taker_side": "no"
        },
        {
            "trade_id": "ee87d76a-c168-413c-9643-4995a59f1b09",
            "ticker": "HIGHAUS-24SEP24-B95.5",
            "count": 176,
            "created_time": "2024-09-24T13:39:02.12997Z",
            "yes_price": 35,
            "no_price": 65,
            "taker_side": "no"
        },
        {
            "trade_id": "d2dd1058-1735-45b6-9d45-e41640e27ba4",
            "ticker": "HIGHAUS-24SEP24-B95.5",
            "count": 54,
            "created_time": "2024-09-24T13:39:02.12997Z",
            "yes_price": 37,
            "no_price": 63,
            "taker_side": "no"
        },
        {
            "trade_id": "a9ab97d0-47e2-486b-97c5-e478128b20c0",
            "ticker": "HIGHAUS-24SEP24-B95.5",
            "count": 180,
            "created_time": "2024-09-24T13:38:05.145815Z",
            "yes_price": 36,
            "no_price": 64,
            "taker_side": "no"
        },
        {
            "trade_id": "7f2b140f-fbff-4738-8703-370d1b0f8dd6",
            "ticker": "HIGHAUS-24SEP24-B95.5",
            "count": 180,
            "created_time": "2024-09-24T13:38:05.145815Z",
            "yes_price": 39,
            "no_price": 61,
            "taker_side": "no"
        },
        {
            "trade_id": "0508e69a-665f-4e76-a549-172900e4fc3d",
            "ticker": "HIGHAUS-24SEP24-B95.5",
            "count": 54,
            "created_time": "2024-09-24T13:38:05.145815Z",
            "yes_price": 41,
            "no_price": 59,
            "taker_side": "no"
        },
        {
            "trade_id": "ba57a2de-9b14-4379-abb1-3e763f0f44a2",
            "ticker": "HIGHAUS-24SEP24-B95.5",
            "count": 50,
            "created_time": "2024-09-24T13:32:32.704347Z",
            "yes_price": 40,
            "no_price": 60,
            "taker_side": "yes"
        },
        {
            "trade_id": "dcbf0176-b390-4276-98b2-87ae23421cda",
            "ticker": "HIGHAUS-24SEP24-B95.5",
            "count": 11,
            "created_time": "2024-09-24T12:26:21.103836Z",
            "yes_price": 34,
            "no_price": 66,
            "taker_side": "yes"
        },
        {
            "trade_id": "d1fc921d-eda0-4c67-bda8-a30654bc4b72",
            "ticker": "HIGHAUS-24SEP24-B95.5",
            "count": 50,
            "created_time": "2024-09-24T12:23:47.946194Z",
            "yes_price": 30,
            "no_price": 70,
            "taker_side": "no"
        },
        {
            "trade_id": "a19e132f-f02e-4357-b0cd-b6d379368870",
            "ticker": "HIGHAUS-24SEP24-B95.5",
            "count": 69,
            "created_time": "2024-09-24T12:00:27.647497Z",
            "yes_price": 28,
            "no_price": 72,
            "taker_side": "yes"
        },
        {
            "trade_id": "da91c5a2-6a56-4b4f-bb93-5333805481c8",
            "ticker": "HIGHAUS-24SEP24-B95.5",
            "count": 2,
            "created_time": "2024-09-24T03:28:32.653311Z",
            "yes_price": 25,
            "no_price": 75,
            "taker_side": "yes"
        },
        {
            "trade_id": "f75dbee5-e055-4b05-be3c-61eb73d630e4",
            "ticker": "HIGHAUS-24SEP24-B95.5",
            "count": 143,
            "created_time": "2024-09-24T03:06:02.204273Z",
            "yes_price": 20,
            "no_price": 80,
            "taker_side": "no"
        },
        {
            "trade_id": "4dcc6aba-63a8-40e6-86ee-80d018931281",
            "ticker": "HIGHAUS-24SEP24-B95.5",
            "count": 4,
            "created_time": "2024-09-24T01:28:33.152581Z",
            "yes_price": 13,
            "no_price": 87,
            "taker_side": "no"
        },
        {
            "trade_id": "0fa03771-c248-4a36-b1f1-8a0124611000",
            "ticker": "HIGHAUS-24SEP24-B95.5",
            "count": 1,
            "created_time": "2024-09-23T18:35:18.600522Z",
            "yes_price": 6,
            "no_price": 94,
            "taker_side": "no"
        },
        {
            "trade_id": "21ac276b-184b-4694-b415-685f91c1e0cf",
            "ticker": "HIGHAUS-24SEP24-B95.5",
            "count": 1,
            "created_time": "2024-09-23T18:35:18.290303Z",
            "yes_price": 16,
            "no_price": 84,
            "taker_side": "yes"
        },
        {
            "trade_id": "7f336f53-824f-4896-8729-5f39935b1c4a",
            "ticker": "HIGHAUS-24SEP24-B95.5",
            "count": 2,
            "created_time": "2024-09-23T18:00:36.865864Z",
            "yes_price": 20,
            "no_price": 80,
            "taker_side": "yes"
        },
        {
            "trade_id": "c3fafe47-5b0a-47df-887e-fe80e9796d82",
            "ticker": "HIGHAUS-24SEP24-B95.5",
            "count": 52,
            "created_time": "2024-09-23T17:08:39.590169Z",
            "yes_price": 20,
            "no_price": 80,
            "taker_side": "no"
        },
        {
            "trade_id": "92e2dd64-0f89-44b7-a9a0-8abd9cd9f64a",
            "ticker": "HIGHAUS-24SEP24-B95.5",
            "count": 52,
            "created_time": "2024-09-23T17:08:39.557281Z",
            "yes_price": 20,
            "no_price": 80,
            "taker_side": "no"
        },
        {
            "trade_id": "3b6aa0a4-d98c-4c42-b50d-9313d0c30300",
            "ticker": "HIGHAUS-24SEP24-B95.5",
            "count": 2,
            "created_time": "2024-09-23T17:08:39.557281Z",
            "yes_price": 25,
            "no_price": 75,
            "taker_side": "no"
        },
        {
            "trade_id": "77312d26-d873-4e1a-af28-56526a165222",
            "ticker": "HIGHAUS-24SEP24-B95.5",
            "count": 2,
            "created_time": "2024-09-23T15:44:35.255325Z",
            "yes_price": 24,
            "no_price": 76,
            "taker_side": "yes"
        }
    ],
    "HIGHAUS-24SEP24-T96": [
        {
            "trade_id": "4a4b836c-a56d-4d11-966e-dfc1d5ef1073",
            "ticker": "HIGHAUS-24SEP24-T96",
            "count": 2,
            "created_time": "2024-09-24T21:43:23.922555Z",
            "yes_price": 1,
            "no_price": 99,
            "taker_side": "no"
        },
        {
            "trade_id": "fb126a5b-c38f-4178-97f4-af2a9bc64a69",
            "ticker": "HIGHAUS-24SEP24-T96",
            "count": 3,
            "created_time": "2024-09-24T20:25:41.814663Z",
            "yes_price": 7,
            "no_price": 93,
            "taker_side": "no"
        },
        {
            "trade_id": "54ae5a04-701c-4daf-9829-913242493db7",
            "ticker": "HIGHAUS-24SEP24-T96",
            "count": 48,
            "created_time": "2024-09-24T20:25:41.814663Z",
            "yes_price": 7,
            "no_price": 93,
            "taker_side": "no"
        },
        {
            "trade_id": "76a8c624-e13c-40fc-bdf1-3f286c77b5c7",
            "ticker": "HIGHAUS-24SEP24-T96",
            "count": 2,
            "created_time": "2024-09-24T20:17:44.87237Z",
            "yes_price": 7,
            "no_price": 93,
            "taker_side": "no"
        },
        {
            "trade_id": "51d168e7-b178-4e61-850e-c933bd341641",
            "ticker": "HIGHAUS-24SEP24-T96",
            "count": 25,
            "created_time": "2024-09-24T18:04:18.989253Z",
            "yes_price": 2,
            "no_price": 98,
            "taker_side": "no"
        },
        {
            "trade_id": "98db265e-5316-416b-b30c-a30148382572",
            "ticker": "HIGHAUS-24SEP24-T96",
            "count": 37,
            "created_time": "2024-09-24T14:24:44.762914Z",
            "yes_price": 1,
            "no_price": 99,
            "taker_side": "no"
        },
        {
            "trade_id": "c4c2072b-7706-4bd2-ba5c-85803d7493b7",
            "ticker": "HIGHAUS-24SEP24-T96",
            "count": 97,
            "created_time": "2024-09-24T14:18:03.696106Z",
            "yes_price": 1,
            "no_price": 99,
            "taker_side": "no"
        },
        {
            "trade_id": "48dbbe55-0c40-419c-ab00-c683f1e26cf5",
            "ticker": "HIGHAUS-24SEP24-T96",
            "count": 3,
            "created_time": "2024-09-24T14:18:03.696106Z",
            "yes_price": 1,
            "no_price": 99,
            "taker_side": "no"
        },
        {
            "trade_id": "d4dc874d-fdd7-4db4-9deb-ee9800fb4d62",
            "ticker": "HIGHAUS-24SEP24-T96",
            "count": 144,
            "created_time": "2024-09-24T13:54:26.888389Z",
            "yes_price": 8,
            "no_price": 92,
            "taker_side": "no"
        },
        {
            "trade_id": "bec56bdb-7fce-474d-bab8-8800b023581e",
            "ticker": "HIGHAUS-24SEP24-T96",
            "count": 36,
            "created_time": "2024-09-24T13:54:26.888389Z",
            "yes_price": 9,
            "no_price": 91,
            "taker_side": "no"
        },
        {
            "trade_id": "be2c8e28-4d9b-4efd-ab17-f8c8e4702e51",
            "ticker": "HIGHAUS-24SEP24-T96",
            "count": 36,
            "created_time": "2024-09-24T13:53:54.400123Z",
            "yes_price": 9,
            "no_price": 91,
            "taker_side": "no"
        },
        {
            "trade_id": "f6286c1e-124c-4bcb-b500-aff3d18027b1",
            "ticker": "HIGHAUS-24SEP24-T96",
            "count": 54,
            "created_time": "2024-09-24T13:52:58.321273Z",
            "yes_price": 10,
            "no_price": 90,
            "taker_side": "no"
        },
        {
            "trade_id": "24f0b0f9-d796-4dbd-80fd-c8e493af4cf6",
            "ticker": "HIGHAUS-24SEP24-T96",
            "count": 180,
            "created_time": "2024-09-24T13:52:58.321273Z",
            "yes_price": 9,
            "no_price": 91,
            "taker_side": "no"
        },
        {
            "trade_id": "d4c365e0-a276-4b17-b7e3-5e7a7dc61272",
            "ticker": "HIGHAUS-24SEP24-T96",
            "count": 172,
            "created_time": "2024-09-24T13:51:50.779138Z",
            "yes_price": 11,
            "no_price": 89,
            "taker_side": "no"
        },
        {
            "trade_id": "b2c59ad5-f559-4949-ace0-a877faa8fb73",
            "ticker": "HIGHAUS-24SEP24-T96",
            "count": 108,
            "created_time": "2024-09-24T13:51:50.779138Z",
            "yes_price": 14,
            "no_price": 86,
            "taker_side": "no"
        },
        {
            "trade_id": "5c2403c0-0c62-4444-89a6-50bbd89f9f7b",
            "ticker": "HIGHAUS-24SEP24-T96",
            "count": 180,
            "created_time": "2024-09-24T13:51:50.779138Z",
            "yes_price": 12,
            "no_price": 88,
            "taker_side": "no"
        },
        {
            "trade_id": "f904fb4a-6d21-412f-8786-711232b86633",
            "ticker": "HIGHAUS-24SEP24-T96",
            "count": 30,
            "created_time": "2024-09-24T13:43:31.588098Z",
            "yes_price": 12,
            "no_price": 88,
            "taker_side": "no"
        },
        {
            "trade_id": "9a95130d-bb70-4c95-875c-67bb9e20d9c9",
            "ticker": "HIGHAUS-24SEP24-T96",
            "count": 60,
            "created_time": "2024-09-24T13:43:31.588098Z",
            "yes_price": 10,
            "no_price": 90,
            "taker_side": "no"
        },
        {
            "trade_id": "03da02cc-05df-4379-b9e6-ce50b5858b75",
            "ticker": "HIGHAUS-24SEP24-T96",
            "count": 144,
            "created_time": "2024-09-24T13:42:29.943542Z",
            "yes_price": 12,
            "no_price": 88,
            "taker_side": "no"
        },
        {
            "trade_id": "b4a78e55-6aa5-4622-8105-29d79263278a",
            "ticker": "HIGHAUS-24SEP24-T96",
            "count": 60,
            "created_time": "2024-09-24T13:40:18.907122Z",
            "yes_price": 8,
            "no_price": 92,
            "taker_side": "no"
        },
        {
            "trade_id": "5d69d568-36ba-4af1-9058-5af493669a05",
            "ticker": "HIGHAUS-24SEP24-T96",
            "count": 24,
            "created_time": "2024-09-24T13:40:18.907122Z",
            "yes_price": 9,
            "no_price": 91,
            "taker_side": "no"
        },
        {
            "trade_id": "4ec2720f-a3f8-40ab-833b-4d48a268272b",
            "ticker": "HIGHAUS-24SEP24-T96",
            "count": 60,
            "created_time": "2024-09-24T13:39:24.781592Z",
            "yes_price": 9,
            "no_price": 91,
            "taker_side": "no"
        },
        {
            "trade_id": "07353714-5e54-469a-8a79-fa8e24664cf3",
            "ticker": "HIGHAUS-24SEP24-T96",
            "count": 24,
            "created_time": "2024-09-24T13:39:24.781592Z",
            "yes_price": 10,
            "no_price": 90,
            "taker_side": "no"
        },
        {
            "trade_id": "6c2f7331-a169-47b0-9d45-f36695a76f11",
            "ticker": "HIGHAUS-24SEP24-T96",
            "count": 126,
            "created_time": "2024-09-24T13:38:35.808892Z",
            "yes_price": 11,
            "no_price": 89,
            "taker_side": "no"
        },
        {
            "trade_id": "58c95360-6a14-4d31-a895-1299affa17a1",
            "ticker": "HIGHAUS-24SEP24-T96",
            "count": 180,
            "created_time": "2024-09-24T13:38:35.808892Z",
            "yes_price": 9,
            "no_price": 91,
            "taker_side": "no"
        },
        {
            "trade_id": "b2e77815-66df-49a9-9b66-425405f75890",
            "ticker": "HIGHAUS-24SEP24-T96",
            "count": 3,
            "created_time": "2024-09-24T13:32:32.880429Z",
            "yes_price": 7,
            "no_price": 93,
            "taker_side": "yes"
        },
        {
            "trade_id": "446b1c64-a02e-49ee-86d6-da65fff03d3f",
            "ticker": "HIGHAUS-24SEP24-T96",
            "count": 50,
            "created_time": "2024-09-24T13:32:32.880429Z",
            "yes_price": 7,
            "no_price": 93,
            "taker_side": "yes"
        },
        {
            "trade_id": "7cf7328b-bd1e-4f01-b2b6-99bd84902092",
            "ticker": "HIGHAUS-24SEP24-T96",
            "count": 96,
            "created_time": "2024-09-24T03:06:02.206495Z",
            "yes_price": 2,
            "no_price": 98,
            "taker_side": "no"
        },
        {
            "trade_id": "2ee9ad9a-a07b-45f0-b529-32b46f26f9e7",
            "ticker": "HIGHAUS-24SEP24-T96",
            "count": 47,
            "created_time": "2024-09-24T03:06:02.206495Z",
            "yes_price": 1,
            "no_price": 99,
            "taker_side": "no"
        },
        {
            "trade_id": "09df11ce-4bb1-4b4c-9a6e-e5b79769ffdd",
            "ticker": "HIGHAUS-24SEP24-T96",
            "count": 4,
            "created_time": "2024-09-24T01:28:33.152034Z",
            "yes_price": 2,
            "no_price": 98,
            "taker_side": "no"
        },
        {
            "trade_id": "01272638-2168-4c1f-b281-08c82ff1d515",
            "ticker": "HIGHAUS-24SEP24-T96",
            "count": 1,
            "created_time": "2024-09-23T18:35:18.536194Z",
            "yes_price": 19,
            "no_price": 81,
            "taker_side": "yes"
        },
        {
            "trade_id": "4cce396f-1d2c-40c5-8a85-ffa4361d7f38",
            "ticker": "HIGHAUS-24SEP24-T96",
            "count": 1,
            "created_time": "2024-09-23T17:30:26.241967Z",
            "yes_price": 20,
            "no_price": 80,
            "taker_side": "yes"
        },
        {
            "trade_id": "dad7370a-319d-4920-ab4b-749065faaa25",
            "ticker": "HIGHAUS-24SEP24-T96",
            "count": 2,
            "created_time": "2024-09-23T17:08:39.589185Z",
            "yes_price": 2,
            "no_price": 98,
            "taker_side": "no"
        }
    ]
}