{
    "HIGHAUS-24OCT12-T91": [
        {
            "trade_id": "d43ccc5d-b2d7-4e04-bfce-87f0808dc40e",
            "ticker": "HIGHAUS-24OCT12-T91",
            "count": 199,
            "created_time": "2024-10-12T18:56:12.9008Z",
            "yes_price": 1,
            "no_price": 99,
            "taker_side": "yes"
        },
        {
            "trade_id": "19fc71d3-f646-4ecd-a74d-09712b91c97f",
            "ticker": "HIGHAUS-24OCT12-T91",
            "count": 1,
            "created_time": "2024-10-12T18:56:12.9008Z",
            "yes_price": 1,
            "no_price": 99,
            "taker_side": "yes"
        },
        {
            "trade_id": "37670b54-21f2-44ad-a3cf-1e27f171f971",
            "ticker": "HIGHAUS-24OCT12-T91",
            "count": 50,
            "created_time": "2024-10-11T14:41:26.343588Z",
            "yes_price": 1,
            "no_price": 99,
            "taker_side": "no"
        }
    ],
    "HIGHAUS-24OCT12-B91.5": [
        {
            "trade_id": "0193b5e2-76db-42ff-8008-19cc78dc7538",
            "ticker": "HIGHAUS-24OCT12-B91.5",
            "count": 935,
            "created_time": "2024-10-12T20:48:24.858601Z",
            "yes_price": 1,
            "no_price": 99,
            "taker_side": "yes"
        },
        {
            "trade_id": "8736fd90-64e5-4065-b0da-d36a8da62799",
            "ticker": "HIGHAUS-24OCT12-B91.5",
            "count": 19,
            "created_time": "2024-10-12T18:10:22.975233Z",
            "yes_price": 25,
            "no_price": 75,
            "taker_side": "yes"
        },
        {
            "trade_id": "d7f4518b-0c1f-4b55-b590-80ae57e1a283",
            "ticker": "HIGHAUS-24OCT12-B91.5",
            "count": 14,
            "created_time": "2024-10-12T18:08:04.943083Z",
            "yes_price": 25,
            "no_price": 75,
            "taker_side": "yes"
        },
        {
            "trade_id": "d9126032-c600-489b-8f6d-e339715420a5",
            "ticker": "HIGHAUS-24OCT12-B91.5",
            "count": 135,
            "created_time": "2024-10-11T18:33:13.232832Z",
            "yes_price": 2,
            "no_price": 98,
            "taker_side": "no"
        },
        {
            "trade_id": "4c814457-5c55-4025-b716-03d10d9ac76c",
            "ticker": "HIGHAUS-24OCT12-B91.5",
            "count": 10,
            "created_time": "2024-10-11T14:43:26.298116Z",
            "yes_price": 1,
            "no_price": 99,
            "taker_side": "no"
        },
        {
            "trade_id": "99bf0339-791b-402d-a068-b3be34595f9b",
            "ticker": "HIGHAUS-24OCT12-B91.5",
            "count": 50,
            "created_time": "2024-10-11T14:41:36.680432Z",
            "yes_price": 1,
            "no_price": 99,
            "taker_side": "no"
        }
    ],
    "HIGHAUS-24OCT12-B93.5": [
        {
            "trade_id": "3822d706-26fe-4405-ad4c-34b35ef8f24d",
            "ticker": "HIGHAUS-24OCT12-B93.5",
            "count": 76,
            "created_time": "2024-10-12T23:14:57.487011Z",
            "yes_price": 1,
            "no_price": 99,
            "taker_side": "yes"
        },
        {
            "trade_id": "b610d72b-4c80-4b5f-b638-0346e2e014f5",
            "ticker": "HIGHAUS-24OCT12-B93.5",
            "count": 51,
            "created_time": "2024-10-12T20:47:57.631119Z",
            "yes_price": 1,
            "no_price": 99,
            "taker_side": "yes"
        },
        {
            "trade_id": "7dd1bcc8-aae1-4e08-95fd-f1df63eec07f",
            "ticker": "HIGHAUS-24OCT12-B93.5",
            "count": 186,
            "created_time": "2024-10-12T20:47:57.631119Z",
            "yes_price": 1,
            "no_price": 99,
            "taker_side": "yes"
        },
        {
            "trade_id": "3560cd9a-3e97-485f-ac9b-827e5b18bb78",
            "ticker": "HIGHAUS-24OCT12-B93.5",
            "count": 115,
            "created_time": "2024-10-12T20:47:57.631119Z",
            "yes_price": 1,
            "no_price": 99,
            "taker_side": "yes"
        },
        {
            "trade_id": "303209a0-2b5c-41d8-9535-76cfa90be11b",
            "ticker": "HIGHAUS-24OCT12-B93.5",
            "count": 115,
            "created_time": "2024-10-12T20:47:57.631119Z",
            "yes_price": 1,
            "no_price": 99,
            "taker_side": "yes"
        },
        {
            "trade_id": "c3619e01-7aeb-498d-83a2-d4aedbd5ddb0",
            "ticker": "HIGHAUS-24OCT12-B93.5",
            "count": 50,
            "created_time": "2024-10-12T20:37:28.224108Z",
            "yes_price": 1,
            "no_price": 99,
            "taker_side": "no"
        },
        {
            "trade_id": "a69a4bd5-81db-4a1a-a768-c55ffdf866fa",
            "ticker": "HIGHAUS-24OCT12-B93.5",
            "count": 14,
            "created_time": "2024-10-12T20:37:28.224108Z",
            "yes_price": 2,
            "no_price": 98,
            "taker_side": "no"
        },
        {
            "trade_id": "e4ee72e6-da19-470a-a525-deb3c3990857",
            "ticker": "HIGHAUS-24OCT12-B93.5",
            "count": 1,
            "created_time": "2024-10-12T18:40:59.89903Z",
            "yes_price": 60,
            "no_price": 40,
            "taker_side": "no"
        },
        {
            "trade_id": "4d72ea20-bada-4431-8ae5-40eb23b73904",
            "ticker": "HIGHAUS-24OCT12-B93.5",
            "count": 1,
            "created_time": "2024-10-12T18:39:50.501652Z",
            "yes_price": 63,
            "no_price": 37,
            "taker_side": "yes"
        },
        {
            "trade_id": "e68643f3-7b44-47a5-b556-71cf4358c143",
            "ticker": "HIGHAUS-24OCT12-B93.5",
            "count": 2,
            "created_time": "2024-10-12T18:11:51.09755Z",
            "yes_price": 60,
            "no_price": 40,
            "taker_side": "yes"
        },
        {
            "trade_id": "9876cb61-0913-4045-a670-b31f8c328aa2",
            "ticker": "HIGHAUS-24OCT12-B93.5",
            "count": 2,
            "created_time": "2024-10-12T18:11:51.09755Z",
            "yes_price": 61,
            "no_price": 39,
            "taker_side": "yes"
        },
        {
            "trade_id": "0a42847f-5f02-4238-b32a-e715f36f0056",
            "ticker": "HIGHAUS-24OCT12-B93.5",
            "count": 11,
            "created_time": "2024-10-12T18:11:51.09755Z",
            "yes_price": 66,
            "no_price": 34,
            "taker_side": "yes"
        },
        {
            "trade_id": "aef2e0d4-ab3a-49b9-9445-7ce8f1638fe3",
            "ticker": "HIGHAUS-24OCT12-B93.5",
            "count": 1,
            "created_time": "2024-10-12T17:57:34.0282Z",
            "yes_price": 53,
            "no_price": 47,
            "taker_side": "yes"
        },
        {
            "trade_id": "79514253-c2c1-4701-a62b-09a3773aef32",
            "ticker": "HIGHAUS-24OCT12-B93.5",
            "count": 1,
            "created_time": "2024-10-12T17:57:34.0282Z",
            "yes_price": 52,
            "no_price": 48,
            "taker_side": "yes"
        },
        {
            "trade_id": "cfc8941f-7fa2-44df-a489-8545005fd07c",
            "ticker": "HIGHAUS-24OCT12-B93.5",
            "count": 24,
            "created_time": "2024-10-12T16:07:44.676854Z",
            "yes_price": 19,
            "no_price": 81,
            "taker_side": "yes"
        },
        {
            "trade_id": "391e0ee4-3b46-4b75-90e6-a9424900e453",
            "ticker": "HIGHAUS-24OCT12-B93.5",
            "count": 45,
            "created_time": "2024-10-12T15:52:29.853232Z",
            "yes_price": 18,
            "no_price": 82,
            "taker_side": "no"
        },
        {
            "trade_id": "4f7812c1-5807-471d-a0c9-f720cc8295a6",
            "ticker": "HIGHAUS-24OCT12-B93.5",
            "count": 45,
            "created_time": "2024-10-12T15:48:30.653997Z",
            "yes_price": 18,
            "no_price": 82,
            "taker_side": "no"
        },
        {
            "trade_id": "271d93dd-849e-4d9b-ae5e-99d6deb46bfc",
            "ticker": "HIGHAUS-24OCT12-B93.5",
            "count": 45,
            "created_time": "2024-10-12T15:10:43.140098Z",
            "yes_price": 24,
            "no_price": 76,
            "taker_side": "yes"
        },
        {
            "trade_id": "b8afd913-0d7e-498e-a84f-4534f3821bb3",
            "ticker": "HIGHAUS-24OCT12-B93.5",
            "count": 1,
            "created_time": "2024-10-12T15:03:59.038154Z",
            "yes_price": 20,
            "no_price": 80,
            "taker_side": "yes"
        },
        {
            "trade_id": "572e681c-90ee-4c4b-9ea5-d9f0855e0cb1",
            "ticker": "HIGHAUS-24OCT12-B93.5",
            "count": 30,
            "created_time": "2024-10-12T15:03:59.038154Z",
            "yes_price": 20,
            "no_price": 80,
            "taker_side": "yes"
        },
        {
            "trade_id": "00ad690c-4246-4989-8373-f55117b6c0b9",
            "ticker": "HIGHAUS-24OCT12-B93.5",
            "count": 36,
            "created_time": "2024-10-12T15:03:59.038154Z",
            "yes_price": 22,
            "no_price": 78,
            "taker_side": "yes"
        },
        {
            "trade_id": "e3d06dec-5969-4033-8429-47aad38f007a",
            "ticker": "HIGHAUS-24OCT12-B93.5",
            "count": 150,
            "created_time": "2024-10-12T14:57:41.455188Z",
            "yes_price": 25,
            "no_price": 75,
            "taker_side": "no"
        },
        {
            "trade_id": "ddc554f8-9266-4118-a399-bdb35c72a7cc",
            "ticker": "HIGHAUS-24OCT12-B93.5",
            "count": 30,
            "created_time": "2024-10-12T14:57:41.455188Z",
            "yes_price": 27,
            "no_price": 73,
            "taker_side": "no"
        },
        {
            "trade_id": "cdf9bcc6-e020-4253-b93c-a71352f4a76e",
            "ticker": "HIGHAUS-24OCT12-B93.5",
            "count": 150,
            "created_time": "2024-10-12T14:57:41.455188Z",
            "yes_price": 23,
            "no_price": 77,
            "taker_side": "no"
        },
        {
            "trade_id": "7319a798-6f22-4800-8e0f-835712c48e83",
            "ticker": "HIGHAUS-24OCT12-B93.5",
            "count": 100,
            "created_time": "2024-10-12T14:57:41.455188Z",
            "yes_price": 21,
            "no_price": 79,
            "taker_side": "no"
        },
        {
            "trade_id": "2a62714d-8d41-461b-aff4-8b21f68c998e",
            "ticker": "HIGHAUS-24OCT12-B93.5",
            "count": 85,
            "created_time": "2024-10-12T14:57:41.455188Z",
            "yes_price": 23,
            "no_price": 77,
            "taker_side": "no"
        },
        {
            "trade_id": "ef93a5c7-1c55-4e4c-be45-1c3c4b46aaa3",
            "ticker": "HIGHAUS-24OCT12-B93.5",
            "count": 150,
            "created_time": "2024-10-12T14:57:32.10823Z",
            "yes_price": 27,
            "no_price": 73,
            "taker_side": "no"
        },
        {
            "trade_id": "e242bcb1-b20e-4e3a-8322-9128e1d785c3",
            "ticker": "HIGHAUS-24OCT12-B93.5",
            "count": 150,
            "created_time": "2024-10-12T14:57:32.10823Z",
            "yes_price": 25,
            "no_price": 75,
            "taker_side": "no"
        },
        {
            "trade_id": "b079b1e3-2cce-43d5-80a2-7d36a652a2b6",
            "ticker": "HIGHAUS-24OCT12-B93.5",
            "count": 60,
            "created_time": "2024-10-12T14:57:32.10823Z",
            "yes_price": 28,
            "no_price": 72,
            "taker_side": "no"
        },
        {
            "trade_id": "b030f04e-80e5-4efb-b185-74bf019d3c4c",
            "ticker": "HIGHAUS-24OCT12-B93.5",
            "count": 50,
            "created_time": "2024-10-12T14:57:32.10823Z",
            "yes_price": 27,
            "no_price": 73,
            "taker_side": "no"
        },
        {
            "trade_id": "1cb9d064-9c75-43df-ac92-d1942234b41c",
            "ticker": "HIGHAUS-24OCT12-B93.5",
            "count": 50,
            "created_time": "2024-10-12T14:57:32.10823Z",
            "yes_price": 25,
            "no_price": 75,
            "taker_side": "no"
        },
        {
            "trade_id": "bfa91dca-2820-4920-9065-47594c3c451d",
            "ticker": "HIGHAUS-24OCT12-B93.5",
            "count": 10,
            "created_time": "2024-10-12T14:49:07.941743Z",
            "yes_price": 33,
            "no_price": 67,
            "taker_side": "no"
        },
        {
            "trade_id": "96c43d45-2a45-42e8-a3ac-1365672ad2ff",
            "ticker": "HIGHAUS-24OCT12-B93.5",
            "count": 16,
            "created_time": "2024-10-12T14:37:56.509555Z",
            "yes_price": 35,
            "no_price": 65,
            "taker_side": "no"
        },
        {
            "trade_id": "887e3738-9cd4-42e9-b819-5b2fa6c5fdd7",
            "ticker": "HIGHAUS-24OCT12-B93.5",
            "count": 60,
            "created_time": "2024-10-12T14:37:56.509555Z",
            "yes_price": 37,
            "no_price": 63,
            "taker_side": "no"
        },
        {
            "trade_id": "ef33850a-3938-482a-913e-72736496bb91",
            "ticker": "HIGHAUS-24OCT12-B93.5",
            "count": 15,
            "created_time": "2024-10-12T03:00:31.534749Z",
            "yes_price": 37,
            "no_price": 63,
            "taker_side": "no"
        },
        {
            "trade_id": "e3ae3b36-eab4-40d7-970f-2629f31cec0c",
            "ticker": "HIGHAUS-24OCT12-B93.5",
            "count": 75,
            "created_time": "2024-10-12T02:52:45.589088Z",
            "yes_price": 37,
            "no_price": 63,
            "taker_side": "no"
        },
        {
            "trade_id": "4f7c062e-8e32-44ed-9717-3487718201d4",
            "ticker": "HIGHAUS-24OCT12-B93.5",
            "count": 15,
            "created_time": "2024-10-12T02:52:32.056019Z",
            "yes_price": 37,
            "no_price": 63,
            "taker_side": "no"
        },
        {
            "trade_id": "74f8d6e8-2b00-4ca6-8b14-309cd5d4557b",
            "ticker": "HIGHAUS-24OCT12-B93.5",
            "count": 75,
            "created_time": "2024-10-12T01:25:46.896109Z",
            "yes_price": 32,
            "no_price": 68,
            "taker_side": "no"
        },
        {
            "trade_id": "10b38f73-2123-4627-863f-3b89e2f8d7f8",
            "ticker": "HIGHAUS-24OCT12-B93.5",
            "count": 10,
            "created_time": "2024-10-12T01:25:42.523185Z",
            "yes_price": 32,
            "no_price": 68,
            "taker_side": "yes"
        },
        {
            "trade_id": "09a3a606-63ed-4319-a2b7-d617a06cdd75",
            "ticker": "HIGHAUS-24OCT12-B93.5",
            "count": 75,
            "created_time": "2024-10-12T01:25:42.523185Z",
            "yes_price": 32,
            "no_price": 68,
            "taker_side": "yes"
        },
        {
            "trade_id": "db8fa8e8-b44e-46f1-8160-d8ddb6a4592d",
            "ticker": "HIGHAUS-24OCT12-B93.5",
            "count": 10,
            "created_time": "2024-10-12T01:23:02.622467Z",
            "yes_price": 30,
            "no_price": 70,
            "taker_side": "yes"
        },
        {
            "trade_id": "adeb6f82-4f76-44e7-a207-acdc8224a55a",
            "ticker": "HIGHAUS-24OCT12-B93.5",
            "count": 10,
            "created_time": "2024-10-12T01:12:59.165037Z",
            "yes_price": 30,
            "no_price": 70,
            "taker_side": "yes"
        },
        {
            "trade_id": "ed75a99f-da31-48a0-8ff4-2e73721047d4",
            "ticker": "HIGHAUS-24OCT12-B93.5",
            "count": 10,
            "created_time": "2024-10-12T01:03:06.453436Z",
            "yes_price": 30,
            "no_price": 70,
            "taker_side": "yes"
        },
        {
            "trade_id": "1b1601d4-4ea1-4675-930b-7b502f8b4402",
            "ticker": "HIGHAUS-24OCT12-B93.5",
            "count": 30,
            "created_time": "2024-10-12T01:00:30.752662Z",
            "yes_price": 29,
            "no_price": 71,
            "taker_side": "no"
        },
        {
            "trade_id": "5cbdb0e6-86f3-456e-bace-4c4409ffd3a7",
            "ticker": "HIGHAUS-24OCT12-B93.5",
            "count": 60,
            "created_time": "2024-10-12T00:56:31.264133Z",
            "yes_price": 29,
            "no_price": 71,
            "taker_side": "no"
        },
        {
            "trade_id": "89e9881f-7407-4a6c-b7f4-7a763efecd7f",
            "ticker": "HIGHAUS-24OCT12-B93.5",
            "count": 65,
            "created_time": "2024-10-12T00:53:03.80463Z",
            "yes_price": 30,
            "no_price": 70,
            "taker_side": "yes"
        },
        {
            "trade_id": "5a8155d4-6762-481f-b679-4cf96cbc9489",
            "ticker": "HIGHAUS-24OCT12-B93.5",
            "count": 10,
            "created_time": "2024-10-12T00:52:59.527844Z",
            "yes_price": 30,
            "no_price": 70,
            "taker_side": "yes"
        },
        {
            "trade_id": "2d0479db-d748-4b64-9161-d9612aadba00",
            "ticker": "HIGHAUS-24OCT12-B93.5",
            "count": 90,
            "created_time": "2024-10-12T00:52:44.930376Z",
            "yes_price": 29,
            "no_price": 71,
            "taker_side": "no"
        },
        {
            "trade_id": "6f41b414-1e02-43ad-8856-981e43dadc45",
            "ticker": "HIGHAUS-24OCT12-B93.5",
            "count": 5,
            "created_time": "2024-10-12T00:52:28.651726Z",
            "yes_price": 29,
            "no_price": 71,
            "taker_side": "no"
        },
        {
            "trade_id": "2a2672ad-3ed2-47d1-837a-7f470a34b382",
            "ticker": "HIGHAUS-24OCT12-B93.5",
            "count": 10,
            "created_time": "2024-10-12T00:52:28.651726Z",
            "yes_price": 30,
            "no_price": 70,
            "taker_side": "no"
        },
        {
            "trade_id": "b6dc2b5d-e521-4da3-9ad6-f1b5f4fb89fa",
            "ticker": "HIGHAUS-24OCT12-B93.5",
            "count": 10,
            "created_time": "2024-10-11T23:12:59.0288Z",
            "yes_price": 30,
            "no_price": 70,
            "taker_side": "yes"
        },
        {
            "trade_id": "989235d1-c908-421b-ab8d-96cef56c95c2",
            "ticker": "HIGHAUS-24OCT12-B93.5",
            "count": 75,
            "created_time": "2024-10-11T23:12:30.750923Z",
            "yes_price": 29,
            "no_price": 71,
            "taker_side": "no"
        },
        {
            "trade_id": "6bff4e19-ce2a-43af-ae6b-032931964062",
            "ticker": "HIGHAUS-24OCT12-B93.5",
            "count": 10,
            "created_time": "2024-10-11T23:08:32.511525Z",
            "yes_price": 37,
            "no_price": 63,
            "taker_side": "no"
        },
        {
            "trade_id": "0cd3ef8c-c234-48de-b789-408abe47d962",
            "ticker": "HIGHAUS-24OCT12-B93.5",
            "count": 50,
            "created_time": "2024-10-11T23:08:32.511525Z",
            "yes_price": 29,
            "no_price": 71,
            "taker_side": "no"
        },
        {
            "trade_id": "aad3d4fd-954d-4b3b-8c3b-df2b4742b76c",
            "ticker": "HIGHAUS-24OCT12-B93.5",
            "count": 15,
            "created_time": "2024-10-11T22:57:02.911144Z",
            "yes_price": 44,
            "no_price": 56,
            "taker_side": "yes"
        },
        {
            "trade_id": "f323173a-9688-49ba-8521-653805e37e6a",
            "ticker": "HIGHAUS-24OCT12-B93.5",
            "count": 40,
            "created_time": "2024-10-11T22:55:45.618809Z",
            "yes_price": 44,
            "no_price": 56,
            "taker_side": "no"
        },
        {
            "trade_id": "d3034c93-94b2-494b-976b-fd58645e6391",
            "ticker": "HIGHAUS-24OCT12-B93.5",
            "count": 60,
            "created_time": "2024-10-11T22:55:31.964333Z",
            "yes_price": 44,
            "no_price": 56,
            "taker_side": "yes"
        },
        {
            "trade_id": "11a0a40e-25b4-449e-abe8-2aacd2d082af",
            "ticker": "HIGHAUS-24OCT12-B93.5",
            "count": 30,
            "created_time": "2024-10-11T22:54:59.395623Z",
            "yes_price": 43,
            "no_price": 57,
            "taker_side": "yes"
        },
        {
            "trade_id": "05e3cb94-1cc7-4c06-97c5-1e8381384b97",
            "ticker": "HIGHAUS-24OCT12-B93.5",
            "count": 10,
            "created_time": "2024-10-11T22:54:37.565255Z",
            "yes_price": 38,
            "no_price": 62,
            "taker_side": "yes"
        },
        {
            "trade_id": "bb4cba68-a261-46e0-b88f-cb59b6ddf1d7",
            "ticker": "HIGHAUS-24OCT12-B93.5",
            "count": 45,
            "created_time": "2024-10-11T20:25:05.950229Z",
            "yes_price": 39,
            "no_price": 61,
            "taker_side": "yes"
        },
        {
            "trade_id": "3bd8d64a-8823-48b8-b5e6-e727cdfea73f",
            "ticker": "HIGHAUS-24OCT12-B93.5",
            "count": 30,
            "created_time": "2024-10-11T18:34:02.991669Z",
            "yes_price": 48,
            "no_price": 52,
            "taker_side": "yes"
        },
        {
            "trade_id": "137981d9-c88e-4232-ae2e-48c1dc32311b",
            "ticker": "HIGHAUS-24OCT12-B93.5",
            "count": 15,
            "created_time": "2024-10-11T14:42:58.458692Z",
            "yes_price": 37,
            "no_price": 63,
            "taker_side": "yes"
        }
    ],
    "HIGHAUS-24OCT12-B95.5": [
        {
            "trade_id": "a767006a-7478-4d9e-82ce-1c10985f2003",
            "ticker": "HIGHAUS-24OCT12-B95.5",
            "count": 236,
            "created_time": "2024-10-12T23:04:27.038945Z",
            "yes_price": 80,
            "no_price": 20,
            "taker_side": "no"
        },
        {
            "trade_id": "7fabfb4b-e2b8-4cdd-bd4a-124d32e46fd3",
            "ticker": "HIGHAUS-24OCT12-B95.5",
            "count": 14,
            "created_time": "2024-10-12T22:44:15.263786Z",
            "yes_price": 99,
            "no_price": 1,
            "taker_side": "yes"
        },
        {
            "trade_id": "d21921f5-d54f-4d67-97d1-bc1bcf739371",
            "ticker": "HIGHAUS-24OCT12-B95.5",
            "count": 5,
            "created_time": "2024-10-12T22:10:50.650459Z",
            "yes_price": 65,
            "no_price": 35,
            "taker_side": "no"
        },
        {
            "trade_id": "28dd1a3b-bed0-498d-8f7e-cfa2c19fbff5",
            "ticker": "HIGHAUS-24OCT12-B95.5",
            "count": 31,
            "created_time": "2024-10-12T21:58:40.681428Z",
            "yes_price": 99,
            "no_price": 1,
            "taker_side": "yes"
        },
        {
            "trade_id": "796a2568-6524-4ae5-837f-402c2df21a75",
            "ticker": "HIGHAUS-24OCT12-B95.5",
            "count": 20,
            "created_time": "2024-10-12T21:45:06.343095Z",
            "yes_price": 98,
            "no_price": 2,
            "taker_side": "yes"
        },
        {
            "trade_id": "5dbc238a-4bba-4049-8649-7a834a6aa769",
            "ticker": "HIGHAUS-24OCT12-B95.5",
            "count": 5,
            "created_time": "2024-10-12T21:45:06.343095Z",
            "yes_price": 99,
            "no_price": 1,
            "taker_side": "yes"
        },
        {
            "trade_id": "24e3dd18-15d2-4e2d-b9f0-460be76bb621",
            "ticker": "HIGHAUS-24OCT12-B95.5",
            "count": 23,
            "created_time": "2024-10-12T21:45:06.343095Z",
            "yes_price": 97,
            "no_price": 3,
            "taker_side": "yes"
        },
        {
            "trade_id": "98643b45-1c10-45d3-9f8a-a7a7271fbf44",
            "ticker": "HIGHAUS-24OCT12-B95.5",
            "count": 1,
            "created_time": "2024-10-12T20:47:19.325861Z",
            "yes_price": 96,
            "no_price": 4,
            "taker_side": "yes"
        },
        {
            "trade_id": "3cc4fd5f-eff4-4a77-a99c-3964ce20f7e8",
            "ticker": "HIGHAUS-24OCT12-B95.5",
            "count": 1,
            "created_time": "2024-10-12T20:47:19.325861Z",
            "yes_price": 97,
            "no_price": 3,
            "taker_side": "yes"
        },
        {
            "trade_id": "6849a832-edc0-4736-96bf-9784769b335c",
            "ticker": "HIGHAUS-24OCT12-B95.5",
            "count": 5,
            "created_time": "2024-10-12T20:40:55.048073Z",
            "yes_price": 70,
            "no_price": 30,
            "taker_side": "yes"
        },
        {
            "trade_id": "18f3a17f-9724-4a81-8274-8feba14716c0",
            "ticker": "HIGHAUS-24OCT12-B95.5",
            "count": 1,
            "created_time": "2024-10-12T20:40:55.048073Z",
            "yes_price": 97,
            "no_price": 3,
            "taker_side": "yes"
        },
        {
            "trade_id": "88acda93-71f7-4254-91a4-21ef6957cd36",
            "ticker": "HIGHAUS-24OCT12-B95.5",
            "count": 1,
            "created_time": "2024-10-12T18:39:50.61399Z",
            "yes_price": 43,
            "no_price": 57,
            "taker_side": "no"
        },
        {
            "trade_id": "d4354e83-bd9d-436d-9ff4-5a4e471b016e",
            "ticker": "HIGHAUS-24OCT12-B95.5",
            "count": 1,
            "created_time": "2024-10-12T18:36:28.207438Z",
            "yes_price": 42,
            "no_price": 58,
            "taker_side": "no"
        },
        {
            "trade_id": "ac3611b5-269b-4781-850d-2e5e5d76aa98",
            "ticker": "HIGHAUS-24OCT12-B95.5",
            "count": 2,
            "created_time": "2024-10-12T18:36:28.207438Z",
            "yes_price": 43,
            "no_price": 57,
            "taker_side": "no"
        },
        {
            "trade_id": "9516b25e-9af6-4bf4-af7e-49df74ab643f",
            "ticker": "HIGHAUS-24OCT12-B95.5",
            "count": 2,
            "created_time": "2024-10-12T18:11:51.210749Z",
            "yes_price": 43,
            "no_price": 57,
            "taker_side": "no"
        },
        {
            "trade_id": "0bdd1bdd-69e0-4d8a-a403-9359fed8f417",
            "ticker": "HIGHAUS-24OCT12-B95.5",
            "count": 3,
            "created_time": "2024-10-12T18:06:38.816055Z",
            "yes_price": 43,
            "no_price": 57,
            "taker_side": "no"
        },
        {
            "trade_id": "aace65db-9c22-4fbf-af91-b1ddb667a3c5",
            "ticker": "HIGHAUS-24OCT12-B95.5",
            "count": 3,
            "created_time": "2024-10-12T17:58:55.055075Z",
            "yes_price": 43,
            "no_price": 57,
            "taker_side": "no"
        },
        {
            "trade_id": "51237b5f-70bd-496e-81dd-68454556c4a2",
            "ticker": "HIGHAUS-24OCT12-B95.5",
            "count": 62,
            "created_time": "2024-10-12T17:02:39.101607Z",
            "yes_price": 79,
            "no_price": 21,
            "taker_side": "yes"
        },
        {
            "trade_id": "74cd477e-27f9-4dba-8f8a-cb66a8c0bf0a",
            "ticker": "HIGHAUS-24OCT12-B95.5",
            "count": 12,
            "created_time": "2024-10-12T16:54:55.31121Z",
            "yes_price": 78,
            "no_price": 22,
            "taker_side": "yes"
        },
        {
            "trade_id": "40615190-d7d7-47cb-8aca-e697e5387cb3",
            "ticker": "HIGHAUS-24OCT12-B95.5",
            "count": 1,
            "created_time": "2024-10-12T16:49:37.220682Z",
            "yes_price": 71,
            "no_price": 29,
            "taker_side": "no"
        },
        {
            "trade_id": "9b1a4e18-e7cf-4291-bf5e-30027b8adf7b",
            "ticker": "HIGHAUS-24OCT12-B95.5",
            "count": 3,
            "created_time": "2024-10-12T16:25:36.771901Z",
            "yes_price": 78,
            "no_price": 22,
            "taker_side": "yes"
        },
        {
            "trade_id": "9d166388-8bdc-4f5a-b136-cf74347fadc3",
            "ticker": "HIGHAUS-24OCT12-B95.5",
            "count": 1,
            "created_time": "2024-10-12T15:51:38.424087Z",
            "yes_price": 76,
            "no_price": 24,
            "taker_side": "yes"
        },
        {
            "trade_id": "5d0893c5-0c6f-4bdf-a84d-ad3dee1dc57c",
            "ticker": "HIGHAUS-24OCT12-B95.5",
            "count": 5,
            "created_time": "2024-10-12T15:51:38.424087Z",
            "yes_price": 77,
            "no_price": 23,
            "taker_side": "yes"
        },
        {
            "trade_id": "5b05abcb-4a5e-497a-8e16-5980e2d29b30",
            "ticker": "HIGHAUS-24OCT12-B95.5",
            "count": 1,
            "created_time": "2024-10-12T15:04:13.20656Z",
            "yes_price": 70,
            "no_price": 30,
            "taker_side": "no"
        },
        {
            "trade_id": "f317ec3c-5852-403a-ba7b-ab959133712d",
            "ticker": "HIGHAUS-24OCT12-B95.5",
            "count": 1,
            "created_time": "2024-10-12T15:03:18.052217Z",
            "yes_price": 70,
            "no_price": 30,
            "taker_side": "no"
        },
        {
            "trade_id": "3f0a2d0e-963d-491f-8420-c144bdc31bbd",
            "ticker": "HIGHAUS-24OCT12-B95.5",
            "count": 2,
            "created_time": "2024-10-12T15:02:22.746886Z",
            "yes_price": 70,
            "no_price": 30,
            "taker_side": "no"
        },
        {
            "trade_id": "e963a5be-fc62-4f5b-9017-b514afefbef8",
            "ticker": "HIGHAUS-24OCT12-B95.5",
            "count": 5,
            "created_time": "2024-10-12T15:01:32.455664Z",
            "yes_price": 77,
            "no_price": 23,
            "taker_side": "yes"
        },
        {
            "trade_id": "29db987f-1cd5-49bd-8092-4bee6d0a70f2",
            "ticker": "HIGHAUS-24OCT12-B95.5",
            "count": 7,
            "created_time": "2024-10-12T15:01:32.455664Z",
            "yes_price": 78,
            "no_price": 22,
            "taker_side": "yes"
        },
        {
            "trade_id": "683eecec-e696-4062-9ac2-2f1ebbc27b3b",
            "ticker": "HIGHAUS-24OCT12-B95.5",
            "count": 6,
            "created_time": "2024-10-12T15:01:27.476053Z",
            "yes_price": 70,
            "no_price": 30,
            "taker_side": "no"
        },
        {
            "trade_id": "4c2df1b5-94dd-4a0e-98e3-663d5484d7e5",
            "ticker": "HIGHAUS-24OCT12-B95.5",
            "count": 13,
            "created_time": "2024-10-12T14:58:00.483166Z",
            "yes_price": 65,
            "no_price": 35,
            "taker_side": "yes"
        },
        {
            "trade_id": "4754b1f5-aef8-490c-82ec-4681353de123",
            "ticker": "HIGHAUS-24OCT12-B95.5",
            "count": 9,
            "created_time": "2024-10-12T14:58:00.483166Z",
            "yes_price": 66,
            "no_price": 34,
            "taker_side": "yes"
        },
        {
            "trade_id": "75d94f95-f58e-4f2c-b1f9-5b1f28cdfabb",
            "ticker": "HIGHAUS-24OCT12-B95.5",
            "count": 60,
            "created_time": "2024-10-12T14:57:26.488989Z",
            "yes_price": 62,
            "no_price": 38,
            "taker_side": "yes"
        },
        {
            "trade_id": "744d0e69-d5c3-459a-9f7b-eb2d234833af",
            "ticker": "HIGHAUS-24OCT12-B95.5",
            "count": 55,
            "created_time": "2024-10-12T14:57:26.488989Z",
            "yes_price": 65,
            "no_price": 35,
            "taker_side": "yes"
        },
        {
            "trade_id": "254fd1a6-2dac-4fbc-a333-958f41939076",
            "ticker": "HIGHAUS-24OCT12-B95.5",
            "count": 150,
            "created_time": "2024-10-12T14:57:26.488989Z",
            "yes_price": 64,
            "no_price": 36,
            "taker_side": "yes"
        },
        {
            "trade_id": "5f16f77e-7060-47d1-a388-354c2508e907",
            "ticker": "HIGHAUS-24OCT12-B95.5",
            "count": 2,
            "created_time": "2024-10-12T14:04:40.395853Z",
            "yes_price": 56,
            "no_price": 44,
            "taker_side": "no"
        },
        {
            "trade_id": "fbb35995-9a44-4ec6-a469-2d4ecea2a2eb",
            "ticker": "HIGHAUS-24OCT12-B95.5",
            "count": 75,
            "created_time": "2024-10-12T13:58:33.947663Z",
            "yes_price": 58,
            "no_price": 42,
            "taker_side": "yes"
        },
        {
            "trade_id": "43f61e05-d7eb-43eb-969b-f51da0f77112",
            "ticker": "HIGHAUS-24OCT12-B95.5",
            "count": 10,
            "created_time": "2024-10-12T13:58:33.947663Z",
            "yes_price": 57,
            "no_price": 43,
            "taker_side": "yes"
        },
        {
            "trade_id": "51fe87ed-95d1-48b1-8ae2-d10857047a92",
            "ticker": "HIGHAUS-24OCT12-B95.5",
            "count": 75,
            "created_time": "2024-10-12T03:57:54.427281Z",
            "yes_price": 52,
            "no_price": 48,
            "taker_side": "yes"
        },
        {
            "trade_id": "233202f8-227b-435f-9d7b-6c70a5c2c569",
            "ticker": "HIGHAUS-24OCT12-B95.5",
            "count": 10,
            "created_time": "2024-10-12T03:57:54.427281Z",
            "yes_price": 53,
            "no_price": 47,
            "taker_side": "yes"
        },
        {
            "trade_id": "0fffc5ce-742d-4820-943b-3a6746bb6b75",
            "ticker": "HIGHAUS-24OCT12-B95.5",
            "count": 60,
            "created_time": "2024-10-12T03:56:45.047622Z",
            "yes_price": 51,
            "no_price": 49,
            "taker_side": "no"
        },
        {
            "trade_id": "7a5b3e85-572b-4b0c-a73a-30b27a05cf8c",
            "ticker": "HIGHAUS-24OCT12-B95.5",
            "count": 60,
            "created_time": "2024-10-12T03:56:33.750978Z",
            "yes_price": 51,
            "no_price": 49,
            "taker_side": "no"
        },
        {
            "trade_id": "983d3cc1-b470-4b6f-8304-9f94d108753b",
            "ticker": "HIGHAUS-24OCT12-B95.5",
            "count": 30,
            "created_time": "2024-10-12T03:52:28.496331Z",
            "yes_price": 51,
            "no_price": 49,
            "taker_side": "no"
        },
        {
            "trade_id": "63344a36-5c10-4c15-8d38-868b00f78253",
            "ticker": "HIGHAUS-24OCT12-B95.5",
            "count": 60,
            "created_time": "2024-10-12T02:16:36.033694Z",
            "yes_price": 52,
            "no_price": 48,
            "taker_side": "no"
        },
        {
            "trade_id": "d68dd3e5-e463-4fcd-8743-fdde111ed096",
            "ticker": "HIGHAUS-24OCT12-B95.5",
            "count": 4,
            "created_time": "2024-10-12T01:40:29.677425Z",
            "yes_price": 58,
            "no_price": 42,
            "taker_side": "yes"
        },
        {
            "trade_id": "06d61f24-cad8-46f5-acc8-4a04d144d961",
            "ticker": "HIGHAUS-24OCT12-B95.5",
            "count": 30,
            "created_time": "2024-10-12T01:40:29.677425Z",
            "yes_price": 56,
            "no_price": 44,
            "taker_side": "yes"
        },
        {
            "trade_id": "f8b67d8d-7e54-4294-b613-60bbec333933",
            "ticker": "HIGHAUS-24OCT12-B95.5",
            "count": 10,
            "created_time": "2024-10-12T01:37:55.651815Z",
            "yes_price": 55,
            "no_price": 45,
            "taker_side": "no"
        },
        {
            "trade_id": "63946a29-22c0-460b-ad48-02779a866c10",
            "ticker": "HIGHAUS-24OCT12-B95.5",
            "count": 10,
            "created_time": "2024-10-12T01:33:03.023222Z",
            "yes_price": 55,
            "no_price": 45,
            "taker_side": "no"
        },
        {
            "trade_id": "a3e5f367-1b6d-4944-b24a-ce9f7d28d473",
            "ticker": "HIGHAUS-24OCT12-B95.5",
            "count": 10,
            "created_time": "2024-10-12T01:27:58.158172Z",
            "yes_price": 55,
            "no_price": 45,
            "taker_side": "no"
        },
        {
            "trade_id": "91c09fc1-0a9c-4d27-a85a-95a0599ba58e",
            "ticker": "HIGHAUS-24OCT12-B95.5",
            "count": 15,
            "created_time": "2024-10-12T01:25:54.868741Z",
            "yes_price": 55,
            "no_price": 45,
            "taker_side": "no"
        },
        {
            "trade_id": "e59512c3-f8a2-4b4b-8bd3-1ec595a7ba3d",
            "ticker": "HIGHAUS-24OCT12-B95.5",
            "count": 10,
            "created_time": "2024-10-12T01:25:30.339671Z",
            "yes_price": 55,
            "no_price": 45,
            "taker_side": "yes"
        },
        {
            "trade_id": "a235bcf6-13e6-45ea-8c5f-c1e308a761d9",
            "ticker": "HIGHAUS-24OCT12-B95.5",
            "count": 10,
            "created_time": "2024-10-11T23:03:12.021598Z",
            "yes_price": 51,
            "no_price": 49,
            "taker_side": "no"
        },
        {
            "trade_id": "2230c1ef-1f9b-42ad-a8f0-48d13bc355fe",
            "ticker": "HIGHAUS-24OCT12-B95.5",
            "count": 10,
            "created_time": "2024-10-11T22:58:07.843385Z",
            "yes_price": 51,
            "no_price": 49,
            "taker_side": "no"
        },
        {
            "trade_id": "72674669-2375-4454-b3de-2ab69b7c1262",
            "ticker": "HIGHAUS-24OCT12-B95.5",
            "count": 30,
            "created_time": "2024-10-11T22:56:30.208502Z",
            "yes_price": 51,
            "no_price": 49,
            "taker_side": "no"
        },
        {
            "trade_id": "29d35130-8c2d-456f-911a-a9605f0a67cc",
            "ticker": "HIGHAUS-24OCT12-B95.5",
            "count": 10,
            "created_time": "2024-10-11T21:47:40.648743Z",
            "yes_price": 53,
            "no_price": 47,
            "taker_side": "no"
        },
        {
            "trade_id": "3011d1e2-c2b3-45ce-9f2d-1d17de95b250",
            "ticker": "HIGHAUS-24OCT12-B95.5",
            "count": 10,
            "created_time": "2024-10-11T21:42:40.32067Z",
            "yes_price": 53,
            "no_price": 47,
            "taker_side": "no"
        },
        {
            "trade_id": "fe1e6487-e187-4116-b07a-d3b179d0dfa1",
            "ticker": "HIGHAUS-24OCT12-B95.5",
            "count": 15,
            "created_time": "2024-10-11T21:38:04.572421Z",
            "yes_price": 53,
            "no_price": 47,
            "taker_side": "yes"
        },
        {
            "trade_id": "85cb4e3e-7728-428b-8fcb-49bb574eb98d",
            "ticker": "HIGHAUS-24OCT12-B95.5",
            "count": 10,
            "created_time": "2024-10-11T21:38:04.572421Z",
            "yes_price": 53,
            "no_price": 47,
            "taker_side": "yes"
        },
        {
            "trade_id": "25eb4c0e-5869-4dc8-bd1a-84e14249d787",
            "ticker": "HIGHAUS-24OCT12-B95.5",
            "count": 10,
            "created_time": "2024-10-11T20:57:00.555655Z",
            "yes_price": 53,
            "no_price": 47,
            "taker_side": "yes"
        },
        {
            "trade_id": "2063ba6b-7158-46d4-a08a-539299ca9804",
            "ticker": "HIGHAUS-24OCT12-B95.5",
            "count": 41,
            "created_time": "2024-10-11T20:57:00.555655Z",
            "yes_price": 53,
            "no_price": 47,
            "taker_side": "yes"
        },
        {
            "trade_id": "07fef529-4d14-4ee1-aa1b-1aaba3eb45ce",
            "ticker": "HIGHAUS-24OCT12-B95.5",
            "count": 20,
            "created_time": "2024-10-11T20:25:51.884948Z",
            "yes_price": 54,
            "no_price": 46,
            "taker_side": "yes"
        },
        {
            "trade_id": "dfb2bf6b-8b3e-493d-9a53-333d4bd0d148",
            "ticker": "HIGHAUS-24OCT12-B95.5",
            "count": 15,
            "created_time": "2024-10-11T20:25:14.809944Z",
            "yes_price": 53,
            "no_price": 47,
            "taker_side": "no"
        },
        {
            "trade_id": "4e5cd4e5-364b-4d70-8299-78988fdaf549",
            "ticker": "HIGHAUS-24OCT12-B95.5",
            "count": 10,
            "created_time": "2024-10-11T20:25:14.476815Z",
            "yes_price": 53,
            "no_price": 47,
            "taker_side": "yes"
        },
        {
            "trade_id": "0ff5d21e-54df-4f80-825c-f9a5d1c9b2fc",
            "ticker": "HIGHAUS-24OCT12-B95.5",
            "count": 30,
            "created_time": "2024-10-11T18:34:10.286442Z",
            "yes_price": 45,
            "no_price": 55,
            "taker_side": "yes"
        },
        {
            "trade_id": "78722041-a77e-4f69-88d9-0f949821d1cb",
            "ticker": "HIGHAUS-24OCT12-B95.5",
            "count": 15,
            "created_time": "2024-10-11T14:43:07.12812Z",
            "yes_price": 53,
            "no_price": 47,
            "taker_side": "yes"
        }
    ],
    "HIGHAUS-24OCT12-B97.5": [
        {
            "trade_id": "30f2c3f1-1153-4caa-a4f8-dfb710ff81a9",
            "ticker": "HIGHAUS-24OCT12-B97.5",
            "count": 22,
            "created_time": "2024-10-12T21:57:58.386339Z",
            "yes_price": 1,
            "no_price": 99,
            "taker_side": "no"
        },
        {
            "trade_id": "f21e482d-dd8a-4531-9bd5-7f624ea18a25",
            "ticker": "HIGHAUS-24OCT12-B97.5",
            "count": 1,
            "created_time": "2024-10-12T18:39:50.609043Z",
            "yes_price": 1,
            "no_price": 99,
            "taker_side": "no"
        },
        {
            "trade_id": "f4d8c309-a9fe-47e2-9c29-9f6520cc956e",
            "ticker": "HIGHAUS-24OCT12-B97.5",
            "count": 2,
            "created_time": "2024-10-12T18:11:51.214169Z",
            "yes_price": 1,
            "no_price": 99,
            "taker_side": "no"
        },
        {
            "trade_id": "fc115f50-5b23-4035-825e-0743b18ac839",
            "ticker": "HIGHAUS-24OCT12-B97.5",
            "count": 61,
            "created_time": "2024-10-12T15:55:36.262981Z",
            "yes_price": 5,
            "no_price": 95,
            "taker_side": "no"
        },
        {
            "trade_id": "8316ae59-a0ab-42ab-abb7-fb176d2a46ca",
            "ticker": "HIGHAUS-24OCT12-B97.5",
            "count": 150,
            "created_time": "2024-10-12T15:55:36.262981Z",
            "yes_price": 6,
            "no_price": 94,
            "taker_side": "no"
        },
        {
            "trade_id": "a4211c3b-1625-477d-833c-813f51a1e811",
            "ticker": "HIGHAUS-24OCT12-B97.5",
            "count": 25,
            "created_time": "2024-10-12T14:22:45.58022Z",
            "yes_price": 1,
            "no_price": 99,
            "taker_side": "no"
        },
        {
            "trade_id": "466faeda-c15f-4f4a-a1d6-aef252c47539",
            "ticker": "HIGHAUS-24OCT12-B97.5",
            "count": 145,
            "created_time": "2024-10-12T14:04:50.857305Z",
            "yes_price": 12,
            "no_price": 88,
            "taker_side": "yes"
        },
        {
            "trade_id": "bbc92291-9cf9-434e-9ef8-991cda1e9598",
            "ticker": "HIGHAUS-24OCT12-B97.5",
            "count": 90,
            "created_time": "2024-10-12T01:25:02.696789Z",
            "yes_price": 13,
            "no_price": 87,
            "taker_side": "no"
        },
        {
            "trade_id": "9e44d380-64a8-4f1b-a681-e231d2a9bf39",
            "ticker": "HIGHAUS-24OCT12-B97.5",
            "count": 120,
            "created_time": "2024-10-12T01:24:49.425138Z",
            "yes_price": 14,
            "no_price": 86,
            "taker_side": "no"
        },
        {
            "trade_id": "37a49bd7-db64-4574-ab0b-8da6dea774bb",
            "ticker": "HIGHAUS-24OCT12-B97.5",
            "count": 150,
            "created_time": "2024-10-12T01:24:40.239338Z",
            "yes_price": 13,
            "no_price": 87,
            "taker_side": "no"
        },
        {
            "trade_id": "45e144b6-23b9-401e-9430-b419ce748237",
            "ticker": "HIGHAUS-24OCT12-B97.5",
            "count": 15,
            "created_time": "2024-10-12T01:24:34.678808Z",
            "yes_price": 15,
            "no_price": 85,
            "taker_side": "no"
        },
        {
            "trade_id": "b23a9d15-2972-4c06-a5e5-03c8730c2ba3",
            "ticker": "HIGHAUS-24OCT12-B97.5",
            "count": 120,
            "created_time": "2024-10-12T01:23:21.153303Z",
            "yes_price": 16,
            "no_price": 84,
            "taker_side": "no"
        },
        {
            "trade_id": "4ac3b594-40b8-4c0a-84e6-af9137008460",
            "ticker": "HIGHAUS-24OCT12-B97.5",
            "count": 10,
            "created_time": "2024-10-12T01:23:21.153303Z",
            "yes_price": 16,
            "no_price": 84,
            "taker_side": "no"
        },
        {
            "trade_id": "ffd7a5d0-faf8-42b3-bc06-5d5b61440acb",
            "ticker": "HIGHAUS-24OCT12-B97.5",
            "count": 5,
            "created_time": "2024-10-12T00:50:14.048496Z",
            "yes_price": 12,
            "no_price": 88,
            "taker_side": "no"
        },
        {
            "trade_id": "0c58073e-760a-4796-8735-ea9a14bbae1e",
            "ticker": "HIGHAUS-24OCT12-B97.5",
            "count": 5,
            "created_time": "2024-10-11T22:38:05.525854Z",
            "yes_price": 8,
            "no_price": 92,
            "taker_side": "yes"
        },
        {
            "trade_id": "34ef823b-c0fe-43de-b0ad-1f136fb4eab4",
            "ticker": "HIGHAUS-24OCT12-B97.5",
            "count": 2,
            "created_time": "2024-10-11T22:15:32.807118Z",
            "yes_price": 3,
            "no_price": 97,
            "taker_side": "no"
        },
        {
            "trade_id": "fc0f1f0f-5615-441b-b5ea-701d15d96587",
            "ticker": "HIGHAUS-24OCT12-B97.5",
            "count": 150,
            "created_time": "2024-10-11T14:41:09.155029Z",
            "yes_price": 8,
            "no_price": 92,
            "taker_side": "no"
        },
        {
            "trade_id": "e861234d-9f57-4cc6-929c-e5cf1156175b",
            "ticker": "HIGHAUS-24OCT12-B97.5",
            "count": 45,
            "created_time": "2024-10-11T14:41:09.155029Z",
            "yes_price": 9,
            "no_price": 91,
            "taker_side": "no"
        }
    ],
    "HIGHAUS-24OCT12-T98": [
        {
            "trade_id": "f4f2ade8-dad4-4079-9acb-54f1c93a5d08",
            "ticker": "HIGHAUS-24OCT12-T98",
            "count": 50,
            "created_time": "2024-10-11T14:42:19.538226Z",
            "yes_price": 1,
            "no_price": 99,
            "taker_side": "no"
        },
        {
            "trade_id": "636975f8-4e64-4202-a1e3-889444d2ed61",
            "ticker": "HIGHAUS-24OCT12-T98",
            "count": 10,
            "created_time": "2024-10-11T14:42:19.538226Z",
            "yes_price": 1,
            "no_price": 99,
            "taker_side": "no"
        }
    ]
}