{
    "KXHIGHAUS-24NOV03-T84": [
        {
            "trade_id": "284b4d0a-fc6c-4b26-8cfa-b7cb64bf23ed",
            "ticker": "KXHIGHAUS-24NOV03-T84",
            "count": 46,
            "created_time": "2024-11-04T02:44:48.662431Z",
            "yes_price": 1,
            "no_price": 99,
            "taker_side": "yes"
        },
        {
            "trade_id": "6b6c6378-2720-44c8-8c52-bd97c76cee9f",
            "ticker": "KXHIGHAUS-24NOV03-T84",
            "count": 935,
            "created_time": "2024-11-04T02:20:43.863959Z",
            "yes_price": 1,
            "no_price": 99,
            "taker_side": "yes"
        },
        {
            "trade_id": "d0d9bc7c-5fdf-4de2-b5ad-37feb64b9e65",
            "ticker": "KXHIGHAUS-24NOV03-T84",
            "count": 1,
            "created_time": "2024-11-04T00:57:27.082235Z",
            "yes_price": 1,
            "no_price": 99,
            "taker_side": "yes"
        },
        {
            "trade_id": "780fe130-626b-427a-8a9e-ae178cde2f20",
            "ticker": "KXHIGHAUS-24NOV03-T84",
            "count": 257,
            "created_time": "2024-11-04T00:57:27.082235Z",
            "yes_price": 1,
            "no_price": 99,
            "taker_side": "yes"
        },
        {
            "trade_id": "15178269-de74-44c1-b9c7-0b973a33676e",
            "ticker": "KXHIGHAUS-24NOV03-T84",
            "count": 4412,
            "created_time": "2024-11-04T00:57:27.082235Z",
            "yes_price": 1,
            "no_price": 99,
            "taker_side": "yes"
        },
        {
            "trade_id": "02f5bed4-9cdb-48fd-86bd-ef1b01189341",
            "ticker": "KXHIGHAUS-24NOV03-T84",
            "count": 1,
            "created_time": "2024-11-04T00:57:27.082235Z",
            "yes_price": 1,
            "no_price": 99,
            "taker_side": "yes"
        },
        {
            "trade_id": "3720f9ae-0cd6-4146-8149-c047c677195b",
            "ticker": "KXHIGHAUS-24NOV03-T84",
            "count": 13,
            "created_time": "2024-11-03T18:10:36.560041Z",
            "yes_price": 7,
            "no_price": 93,
            "taker_side": "yes"
        },
        {
            "trade_id": "205ee786-c698-43da-99c0-d4963fa11ab5",
            "ticker": "KXHIGHAUS-24NOV03-T84",
            "count": 10,
            "created_time": "2024-11-03T04:03:57.544748Z",
            "yes_price": 1,
            "no_price": 99,
            "taker_side": "yes"
        },
        {
            "trade_id": "b498e247-d2de-454e-8c57-07f6e1fcb38c",
            "ticker": "KXHIGHAUS-24NOV03-T84",
            "count": 10,
            "created_time": "2024-11-02T14:07:39.883513Z",
            "yes_price": 10,
            "no_price": 90,
            "taker_side": "no"
        }
    ],
    "KXHIGHAUS-24NOV03-B84.5": [
        {
            "trade_id": "26afa7be-b267-4341-9b5a-1c051a0447f7",
            "ticker": "KXHIGHAUS-24NOV03-B84.5",
            "count": 46,
            "created_time": "2024-11-04T02:37:26.389245Z",
            "yes_price": 1,
            "no_price": 99,
            "taker_side": "yes"
        },
        {
            "trade_id": "0686d782-4bdc-4c70-95d8-eb445652ef09",
            "ticker": "KXHIGHAUS-24NOV03-B84.5",
            "count": 311,
            "created_time": "2024-11-04T02:30:47.416237Z",
            "yes_price": 1,
            "no_price": 99,
            "taker_side": "yes"
        },
        {
            "trade_id": "f8a49664-4986-407d-a180-c536e4cd0961",
            "ticker": "KXHIGHAUS-24NOV03-B84.5",
            "count": 1,
            "created_time": "2024-11-04T02:15:11.999063Z",
            "yes_price": 1,
            "no_price": 99,
            "taker_side": "yes"
        },
        {
            "trade_id": "e682f309-b7a9-4d53-ae8d-962b411355db",
            "ticker": "KXHIGHAUS-24NOV03-B84.5",
            "count": 1,
            "created_time": "2024-11-04T02:15:11.999063Z",
            "yes_price": 1,
            "no_price": 99,
            "taker_side": "yes"
        },
        {
            "trade_id": "1a0b58da-2016-4d82-8105-6fc7994ab620",
            "ticker": "KXHIGHAUS-24NOV03-B84.5",
            "count": 89,
            "created_time": "2024-11-04T02:15:11.999063Z",
            "yes_price": 1,
            "no_price": 99,
            "taker_side": "yes"
        },
        {
            "trade_id": "a79ff399-2236-452f-9f1b-3f2908cda182",
            "ticker": "KXHIGHAUS-24NOV03-B84.5",
            "count": 7,
            "created_time": "2024-11-03T18:10:48.763134Z",
            "yes_price": 13,
            "no_price": 87,
            "taker_side": "yes"
        },
        {
            "trade_id": "ec57db07-854f-4507-9d28-65f87929f574",
            "ticker": "KXHIGHAUS-24NOV03-B84.5",
            "count": 1,
            "created_time": "2024-11-03T15:19:43.195877Z",
            "yes_price": 1,
            "no_price": 99,
            "taker_side": "no"
        },
        {
            "trade_id": "97d94ee4-bfb6-4a3a-a97e-2f8f03d301e3",
            "ticker": "KXHIGHAUS-24NOV03-B84.5",
            "count": 1,
            "created_time": "2024-11-03T15:19:43.195877Z",
            "yes_price": 1,
            "no_price": 99,
            "taker_side": "no"
        },
        {
            "trade_id": "8e6915a5-990b-469c-bb1e-53ab1b11646e",
            "ticker": "KXHIGHAUS-24NOV03-B84.5",
            "count": 1,
            "created_time": "2024-11-03T15:19:43.195877Z",
            "yes_price": 1,
            "no_price": 99,
            "taker_side": "no"
        },
        {
            "trade_id": "55b6408f-2dff-417a-9a10-0a6e00465e56",
            "ticker": "KXHIGHAUS-24NOV03-B84.5",
            "count": 30,
            "created_time": "2024-11-03T15:19:43.195877Z",
            "yes_price": 2,
            "no_price": 98,
            "taker_side": "no"
        },
        {
            "trade_id": "3ac9c104-8676-465a-b317-1c2d3ee69308",
            "ticker": "KXHIGHAUS-24NOV03-B84.5",
            "count": 5,
            "created_time": "2024-11-03T15:19:43.195877Z",
            "yes_price": 3,
            "no_price": 97,
            "taker_side": "no"
        },
        {
            "trade_id": "15b217bc-64ab-4f66-b11d-587142826138",
            "ticker": "KXHIGHAUS-24NOV03-B84.5",
            "count": 75,
            "created_time": "2024-11-03T15:19:43.195877Z",
            "yes_price": 1,
            "no_price": 99,
            "taker_side": "no"
        },
        {
            "trade_id": "02fb8b88-0b4f-438d-bfd0-a8b595b9c62d",
            "ticker": "KXHIGHAUS-24NOV03-B84.5",
            "count": 1,
            "created_time": "2024-11-03T15:19:43.195877Z",
            "yes_price": 1,
            "no_price": 99,
            "taker_side": "no"
        },
        {
            "trade_id": "340f9363-667e-445a-8db9-fdda8c5e4d8a",
            "ticker": "KXHIGHAUS-24NOV03-B84.5",
            "count": 5,
            "created_time": "2024-11-03T14:07:24.789584Z",
            "yes_price": 3,
            "no_price": 97,
            "taker_side": "no"
        },
        {
            "trade_id": "e53ba588-eb42-46f2-83af-9fe94ea6ac47",
            "ticker": "KXHIGHAUS-24NOV03-B84.5",
            "count": 1,
            "created_time": "2024-11-03T13:00:06.227425Z",
            "yes_price": 3,
            "no_price": 97,
            "taker_side": "yes"
        },
        {
            "trade_id": "338534c8-7f77-4a23-a39d-1bbe35cbd100",
            "ticker": "KXHIGHAUS-24NOV03-B84.5",
            "count": 10,
            "created_time": "2024-11-03T13:00:01.974101Z",
            "yes_price": 3,
            "no_price": 97,
            "taker_side": "no"
        },
        {
            "trade_id": "d8c9b4be-ac56-4b76-a80c-d6fe6d031a58",
            "ticker": "KXHIGHAUS-24NOV03-B84.5",
            "count": 3,
            "created_time": "2024-11-03T04:59:59.69364Z",
            "yes_price": 10,
            "no_price": 90,
            "taker_side": "yes"
        },
        {
            "trade_id": "60bba0fb-2e51-4c60-93d6-35126a119b22",
            "ticker": "KXHIGHAUS-24NOV03-B84.5",
            "count": 10,
            "created_time": "2024-11-03T04:03:24.004089Z",
            "yes_price": 1,
            "no_price": 99,
            "taker_side": "yes"
        },
        {
            "trade_id": "2d0e551c-dfc5-42c6-acf4-c820862e61b3",
            "ticker": "KXHIGHAUS-24NOV03-B84.5",
            "count": 10,
            "created_time": "2024-11-02T14:07:40.023184Z",
            "yes_price": 10,
            "no_price": 90,
            "taker_side": "no"
        }
    ],
    "KXHIGHAUS-24NOV03-B86.5": [
        {
            "trade_id": "7337f051-cd54-4ba2-b559-5a40ded1e1d9",
            "ticker": "KXHIGHAUS-24NOV03-B86.5",
            "count": 935,
            "created_time": "2024-11-04T04:30:29.746569Z",
            "yes_price": 1,
            "no_price": 99,
            "taker_side": "yes"
        },
        {
            "trade_id": "d5f7e6d2-2b23-496d-b384-10527280e642",
            "ticker": "KXHIGHAUS-24NOV03-B86.5",
            "count": 935,
            "created_time": "2024-11-04T04:29:42.894036Z",
            "yes_price": 1,
            "no_price": 99,
            "taker_side": "yes"
        },
        {
            "trade_id": "f46c0c4c-6ddd-4a43-8a69-f6d43cba4fc8",
            "ticker": "KXHIGHAUS-24NOV03-B86.5",
            "count": 536,
            "created_time": "2024-11-04T04:04:27.432225Z",
            "yes_price": 1,
            "no_price": 99,
            "taker_side": "yes"
        },
        {
            "trade_id": "37883338-474f-4c80-b7a5-c146e8ec1574",
            "ticker": "KXHIGHAUS-24NOV03-B86.5",
            "count": 93,
            "created_time": "2024-11-04T04:03:19.580806Z",
            "yes_price": 1,
            "no_price": 99,
            "taker_side": "yes"
        },
        {
            "trade_id": "2c5c76df-9766-464f-abb8-e2493d1813de",
            "ticker": "KXHIGHAUS-24NOV03-B86.5",
            "count": 36,
            "created_time": "2024-11-04T03:05:20.652341Z",
            "yes_price": 2,
            "no_price": 98,
            "taker_side": "yes"
        },
        {
            "trade_id": "e4f2d077-1bfc-46c9-af2d-a36bae65ee8d",
            "ticker": "KXHIGHAUS-24NOV03-B86.5",
            "count": 2,
            "created_time": "2024-11-04T03:02:01.081437Z",
            "yes_price": 1,
            "no_price": 99,
            "taker_side": "yes"
        },
        {
            "trade_id": "b412018d-e57a-482f-b313-d63133702f87",
            "ticker": "KXHIGHAUS-24NOV03-B86.5",
            "count": 25,
            "created_time": "2024-11-04T03:02:01.081437Z",
            "yes_price": 1,
            "no_price": 99,
            "taker_side": "yes"
        },
        {
            "trade_id": "93f61d9c-6f04-449b-916e-d0715eb89fb2",
            "ticker": "KXHIGHAUS-24NOV03-B86.5",
            "count": 3,
            "created_time": "2024-11-04T03:02:01.081437Z",
            "yes_price": 1,
            "no_price": 99,
            "taker_side": "yes"
        },
        {
            "trade_id": "92bd2129-6519-4f5f-aedd-ed072b549473",
            "ticker": "KXHIGHAUS-24NOV03-B86.5",
            "count": 3,
            "created_time": "2024-11-04T03:02:01.081437Z",
            "yes_price": 2,
            "no_price": 98,
            "taker_side": "yes"
        },
        {
            "trade_id": "8e7c4a77-ea93-4fba-927e-8c9842ecb5f7",
            "ticker": "KXHIGHAUS-24NOV03-B86.5",
            "count": 4,
            "created_time": "2024-11-04T03:02:01.081437Z",
            "yes_price": 1,
            "no_price": 99,
            "taker_side": "yes"
        },
        {
            "trade_id": "74d0e083-2492-45a3-a5b4-56614238dbfa",
            "ticker": "KXHIGHAUS-24NOV03-B86.5",
            "count": 4,
            "created_time": "2024-11-04T03:02:01.081437Z",
            "yes_price": 1,
            "no_price": 99,
            "taker_side": "yes"
        },
        {
            "trade_id": "6695885e-5fcb-4a84-a8fa-235dd5a3ac38",
            "ticker": "KXHIGHAUS-24NOV03-B86.5",
            "count": 3,
            "created_time": "2024-11-04T03:02:01.081437Z",
            "yes_price": 1,
            "no_price": 99,
            "taker_side": "yes"
        },
        {
            "trade_id": "665968fd-7058-48a0-9d45-ad8e75942e13",
            "ticker": "KXHIGHAUS-24NOV03-B86.5",
            "count": 3,
            "created_time": "2024-11-04T03:02:01.081437Z",
            "yes_price": 2,
            "no_price": 98,
            "taker_side": "yes"
        },
        {
            "trade_id": "59307d4c-e9f6-432e-8c26-642a69ac6d63",
            "ticker": "KXHIGHAUS-24NOV03-B86.5",
            "count": 1,
            "created_time": "2024-11-04T03:02:01.081437Z",
            "yes_price": 2,
            "no_price": 98,
            "taker_side": "yes"
        },
        {
            "trade_id": "5642ac15-39d4-4442-a8e0-1eaef9abcc52",
            "ticker": "KXHIGHAUS-24NOV03-B86.5",
            "count": 320,
            "created_time": "2024-11-04T03:02:01.081437Z",
            "yes_price": 2,
            "no_price": 98,
            "taker_side": "yes"
        },
        {
            "trade_id": "41c22bc2-e6e3-42a2-9e44-bfc403003ca1",
            "ticker": "KXHIGHAUS-24NOV03-B86.5",
            "count": 35,
            "created_time": "2024-11-04T03:02:01.081437Z",
            "yes_price": 1,
            "no_price": 99,
            "taker_side": "yes"
        },
        {
            "trade_id": "30e71e8a-82d2-4593-a19b-d2eb38af89cf",
            "ticker": "KXHIGHAUS-24NOV03-B86.5",
            "count": 4,
            "created_time": "2024-11-04T03:02:01.081437Z",
            "yes_price": 2,
            "no_price": 98,
            "taker_side": "yes"
        },
        {
            "trade_id": "2f997dfa-b87b-4832-9be4-b06f724a542b",
            "ticker": "KXHIGHAUS-24NOV03-B86.5",
            "count": 3,
            "created_time": "2024-11-04T03:02:01.081437Z",
            "yes_price": 2,
            "no_price": 98,
            "taker_side": "yes"
        },
        {
            "trade_id": "4b9f05de-f129-4e77-98df-3ed74918eace",
            "ticker": "KXHIGHAUS-24NOV03-B86.5",
            "count": 649,
            "created_time": "2024-11-04T02:53:56.816666Z",
            "yes_price": 1,
            "no_price": 99,
            "taker_side": "yes"
        },
        {
            "trade_id": "211bf2b4-983a-4fe5-b6c4-a96f49471d6b",
            "ticker": "KXHIGHAUS-24NOV03-B86.5",
            "count": 8702,
            "created_time": "2024-11-04T02:53:56.816666Z",
            "yes_price": 1,
            "no_price": 99,
            "taker_side": "yes"
        },
        {
            "trade_id": "451fa076-1449-4bdc-948d-3c208782ffdb",
            "ticker": "KXHIGHAUS-24NOV03-B86.5",
            "count": 4675,
            "created_time": "2024-11-04T02:49:17.728997Z",
            "yes_price": 1,
            "no_price": 99,
            "taker_side": "yes"
        },
        {
            "trade_id": "2705bd93-e9a8-4991-9683-d035ff66371c",
            "ticker": "KXHIGHAUS-24NOV03-B86.5",
            "count": 46,
            "created_time": "2024-11-04T02:35:18.104129Z",
            "yes_price": 1,
            "no_price": 99,
            "taker_side": "yes"
        },
        {
            "trade_id": "0eff346e-d48d-4cb1-8a5b-84818a81b0ac",
            "ticker": "KXHIGHAUS-24NOV03-B86.5",
            "count": 940,
            "created_time": "2024-11-04T02:28:28.455991Z",
            "yes_price": 1,
            "no_price": 99,
            "taker_side": "yes"
        },
        {
            "trade_id": "7a723ee3-6741-4c39-b429-5b1ff2a36c17",
            "ticker": "KXHIGHAUS-24NOV03-B86.5",
            "count": 1870,
            "created_time": "2024-11-04T00:59:30.394325Z",
            "yes_price": 1,
            "no_price": 99,
            "taker_side": "yes"
        },
        {
            "trade_id": "e1db00c0-a8dd-4f51-9104-882e37259a1e",
            "ticker": "KXHIGHAUS-24NOV03-B86.5",
            "count": 90,
            "created_time": "2024-11-03T23:52:10.002007Z",
            "yes_price": 1,
            "no_price": 99,
            "taker_side": "yes"
        },
        {
            "trade_id": "103dbdbc-11e7-44f6-8b22-ef637f8672ef",
            "ticker": "KXHIGHAUS-24NOV03-B86.5",
            "count": 935,
            "created_time": "2024-11-03T23:28:44.289264Z",
            "yes_price": 1,
            "no_price": 99,
            "taker_side": "yes"
        },
        {
            "trade_id": "dbe7ca62-46e4-48ac-8149-d09a8f4f8c68",
            "ticker": "KXHIGHAUS-24NOV03-B86.5",
            "count": 300,
            "created_time": "2024-11-03T22:26:08.959454Z",
            "yes_price": 1,
            "no_price": 99,
            "taker_side": "yes"
        },
        {
            "trade_id": "3034ce63-6e3e-41ec-a5f1-3ade28a5bb0b",
            "ticker": "KXHIGHAUS-24NOV03-B86.5",
            "count": 9351,
            "created_time": "2024-11-03T22:23:56.727964Z",
            "yes_price": 1,
            "no_price": 99,
            "taker_side": "yes"
        },
        {
            "trade_id": "3cd75f7f-b19c-4b0e-b510-28b416faab23",
            "ticker": "KXHIGHAUS-24NOV03-B86.5",
            "count": 300,
            "created_time": "2024-11-03T22:21:26.215858Z",
            "yes_price": 1,
            "no_price": 99,
            "taker_side": "yes"
        },
        {
            "trade_id": "e38b2b63-4532-4fc1-b5eb-8bdf96da7b84",
            "ticker": "KXHIGHAUS-24NOV03-B86.5",
            "count": 10,
            "created_time": "2024-11-03T22:19:54.45068Z",
            "yes_price": 1,
            "no_price": 99,
            "taker_side": "yes"
        },
        {
            "trade_id": "99ec4a67-ae2b-41bf-a069-0e623a5892f8",
            "ticker": "KXHIGHAUS-24NOV03-B86.5",
            "count": 374,
            "created_time": "2024-11-03T21:58:47.243422Z",
            "yes_price": 1,
            "no_price": 99,
            "taker_side": "yes"
        },
        {
            "trade_id": "b2b50f92-64e5-4d7b-abdb-d7da28fe36fa",
            "ticker": "KXHIGHAUS-24NOV03-B86.5",
            "count": 99,
            "created_time": "2024-11-03T21:33:09.286957Z",
            "yes_price": 1,
            "no_price": 99,
            "taker_side": "yes"
        },
        {
            "trade_id": "e00e512d-2f62-4fe7-9e38-aa7f6684fc30",
            "ticker": "KXHIGHAUS-24NOV03-B86.5",
            "count": 93,
            "created_time": "2024-11-03T21:31:17.334299Z",
            "yes_price": 1,
            "no_price": 99,
            "taker_side": "yes"
        },
        {
            "trade_id": "467279e7-ad41-4ca1-8165-858872fe28f6",
            "ticker": "KXHIGHAUS-24NOV03-B86.5",
            "count": 17,
            "created_time": "2024-11-03T21:28:57.889234Z",
            "yes_price": 1,
            "no_price": 99,
            "taker_side": "yes"
        },
        {
            "trade_id": "cba09625-25b4-4b24-9cff-0ff5c58cf365",
            "ticker": "KXHIGHAUS-24NOV03-B86.5",
            "count": 93,
            "created_time": "2024-11-03T21:28:27.406262Z",
            "yes_price": 1,
            "no_price": 99,
            "taker_side": "yes"
        },
        {
            "trade_id": "cebe1812-8485-42ce-92d9-70502f45b862",
            "ticker": "KXHIGHAUS-24NOV03-B86.5",
            "count": 93,
            "created_time": "2024-11-03T21:24:15.694588Z",
            "yes_price": 1,
            "no_price": 99,
            "taker_side": "yes"
        },
        {
            "trade_id": "aaff9eba-5c2f-4a01-bb2e-f26baa4f4b7a",
            "ticker": "KXHIGHAUS-24NOV03-B86.5",
            "count": 44,
            "created_time": "2024-11-03T21:22:40.563929Z",
            "yes_price": 1,
            "no_price": 99,
            "taker_side": "yes"
        },
        {
            "trade_id": "a567b1c7-d5f6-4955-946b-07af82b21280",
            "ticker": "KXHIGHAUS-24NOV03-B86.5",
            "count": 467,
            "created_time": "2024-11-03T21:16:48.440039Z",
            "yes_price": 1,
            "no_price": 99,
            "taker_side": "yes"
        },
        {
            "trade_id": "31318197-2bef-418f-ad41-1966b8c6fb96",
            "ticker": "KXHIGHAUS-24NOV03-B86.5",
            "count": 204,
            "created_time": "2024-11-03T21:12:05.357587Z",
            "yes_price": 1,
            "no_price": 99,
            "taker_side": "yes"
        },
        {
            "trade_id": "43cb6c18-4259-428f-afe4-b8854e0302f9",
            "ticker": "KXHIGHAUS-24NOV03-B86.5",
            "count": 283,
            "created_time": "2024-11-03T20:55:44.077692Z",
            "yes_price": 1,
            "no_price": 99,
            "taker_side": "yes"
        },
        {
            "trade_id": "32552fa8-c4d7-46df-9742-3d029a7800a7",
            "ticker": "KXHIGHAUS-24NOV03-B86.5",
            "count": 34,
            "created_time": "2024-11-03T20:55:22.301654Z",
            "yes_price": 1,
            "no_price": 99,
            "taker_side": "yes"
        },
        {
            "trade_id": "9252e401-ec61-47c8-bb9b-72cbf9b0d7fc",
            "ticker": "KXHIGHAUS-24NOV03-B86.5",
            "count": 33,
            "created_time": "2024-11-03T20:55:22.220499Z",
            "yes_price": 1,
            "no_price": 99,
            "taker_side": "yes"
        },
        {
            "trade_id": "5b63d274-6d47-4ca4-b321-5939a131c106",
            "ticker": "KXHIGHAUS-24NOV03-B86.5",
            "count": 32,
            "created_time": "2024-11-03T20:55:22.131163Z",
            "yes_price": 1,
            "no_price": 99,
            "taker_side": "yes"
        },
        {
            "trade_id": "0a909dd1-e6ae-4f68-baba-f0a8aa36cd06",
            "ticker": "KXHIGHAUS-24NOV03-B86.5",
            "count": 31,
            "created_time": "2024-11-03T20:55:22.073279Z",
            "yes_price": 1,
            "no_price": 99,
            "taker_side": "yes"
        },
        {
            "trade_id": "bf38dd42-fb83-4bdf-a075-f1c6b5f764b9",
            "ticker": "KXHIGHAUS-24NOV03-B86.5",
            "count": 31,
            "created_time": "2024-11-03T20:55:21.904271Z",
            "yes_price": 4,
            "no_price": 96,
            "taker_side": "no"
        },
        {
            "trade_id": "74a9293a-0996-4766-b742-041ebe27bd6f",
            "ticker": "KXHIGHAUS-24NOV03-B86.5",
            "count": 84,
            "created_time": "2024-11-03T20:55:21.904271Z",
            "yes_price": 1,
            "no_price": 99,
            "taker_side": "no"
        },
        {
            "trade_id": "500f3dc2-385b-4cb8-8721-dd7219e3d40e",
            "ticker": "KXHIGHAUS-24NOV03-B86.5",
            "count": 19,
            "created_time": "2024-11-03T20:55:21.904271Z",
            "yes_price": 3,
            "no_price": 97,
            "taker_side": "no"
        },
        {
            "trade_id": "170e294a-5f1e-4064-be20-4080ef2d40b0",
            "ticker": "KXHIGHAUS-24NOV03-B86.5",
            "count": 13,
            "created_time": "2024-11-03T20:55:21.904271Z",
            "yes_price": 2,
            "no_price": 98,
            "taker_side": "no"
        },
        {
            "trade_id": "05bf1650-27dd-4213-836a-495e624a8344",
            "ticker": "KXHIGHAUS-24NOV03-B86.5",
            "count": 7,
            "created_time": "2024-11-03T20:49:23.38234Z",
            "yes_price": 12,
            "no_price": 88,
            "taker_side": "yes"
        },
        {
            "trade_id": "1e6b4658-2b73-4f3d-82af-27f7b7ab426f",
            "ticker": "KXHIGHAUS-24NOV03-B86.5",
            "count": 30,
            "created_time": "2024-11-03T20:45:23.695766Z",
            "yes_price": 9,
            "no_price": 91,
            "taker_side": "no"
        },
        {
            "trade_id": "a9452743-6d25-4029-aa85-eab3d882853c",
            "ticker": "KXHIGHAUS-24NOV03-B86.5",
            "count": 200,
            "created_time": "2024-11-03T20:43:06.929971Z",
            "yes_price": 7,
            "no_price": 93,
            "taker_side": "yes"
        },
        {
            "trade_id": "a0e123cb-59f8-4245-9971-c8220037f5f7",
            "ticker": "KXHIGHAUS-24NOV03-B86.5",
            "count": 199,
            "created_time": "2024-11-03T20:42:32.59871Z",
            "yes_price": 8,
            "no_price": 92,
            "taker_side": "no"
        },
        {
            "trade_id": "afc1a808-85d4-48d3-b457-5d66689c963c",
            "ticker": "KXHIGHAUS-24NOV03-B86.5",
            "count": 1,
            "created_time": "2024-11-03T20:41:42.774289Z",
            "yes_price": 8,
            "no_price": 92,
            "taker_side": "no"
        },
        {
            "trade_id": "2dac402f-78bf-4b04-9e6c-5ea36f3b5654",
            "ticker": "KXHIGHAUS-24NOV03-B86.5",
            "count": 10,
            "created_time": "2024-11-03T20:37:38.285163Z",
            "yes_price": 9,
            "no_price": 91,
            "taker_side": "yes"
        },
        {
            "trade_id": "c7c806ee-f2e8-4be1-8884-a938ac3545f9",
            "ticker": "KXHIGHAUS-24NOV03-B86.5",
            "count": 5,
            "created_time": "2024-11-03T20:37:20.864493Z",
            "yes_price": 7,
            "no_price": 93,
            "taker_side": "no"
        },
        {
            "trade_id": "aee2716d-df50-4bc6-bcbc-9ff55e1d9118",
            "ticker": "KXHIGHAUS-24NOV03-B86.5",
            "count": 10,
            "created_time": "2024-11-03T20:36:49.794669Z",
            "yes_price": 7,
            "no_price": 93,
            "taker_side": "no"
        },
        {
            "trade_id": "7cdfc9fc-b3cc-486a-b309-4346943442ab",
            "ticker": "KXHIGHAUS-24NOV03-B86.5",
            "count": 7,
            "created_time": "2024-11-03T20:36:09.630351Z",
            "yes_price": 7,
            "no_price": 93,
            "taker_side": "no"
        },
        {
            "trade_id": "7b352965-c8f6-4d8d-afdd-5587d2a65980",
            "ticker": "KXHIGHAUS-24NOV03-B86.5",
            "count": 47,
            "created_time": "2024-11-03T20:31:28.302119Z",
            "yes_price": 5,
            "no_price": 95,
            "taker_side": "no"
        },
        {
            "trade_id": "f9cb9879-e79f-42a2-8ba7-5e64c2420e86",
            "ticker": "KXHIGHAUS-24NOV03-B86.5",
            "count": 33,
            "created_time": "2024-11-03T20:28:48.883887Z",
            "yes_price": 9,
            "no_price": 91,
            "taker_side": "yes"
        },
        {
            "trade_id": "6a42b5de-84c1-454e-b5f7-fa9480a4a613",
            "ticker": "KXHIGHAUS-24NOV03-B86.5",
            "count": 61,
            "created_time": "2024-11-03T20:28:48.883887Z",
            "yes_price": 9,
            "no_price": 91,
            "taker_side": "yes"
        },
        {
            "trade_id": "d2fa3c33-3ad2-467a-8886-bf8c123b233c",
            "ticker": "KXHIGHAUS-24NOV03-B86.5",
            "count": 26,
            "created_time": "2024-11-03T20:28:21.279933Z",
            "yes_price": 2,
            "no_price": 98,
            "taker_side": "yes"
        },
        {
            "trade_id": "cc14f5b4-6582-43bb-a01c-65a8051c5828",
            "ticker": "KXHIGHAUS-24NOV03-B86.5",
            "count": 27,
            "created_time": "2024-11-03T20:28:21.279933Z",
            "yes_price": 7,
            "no_price": 93,
            "taker_side": "yes"
        },
        {
            "trade_id": "8ab9e504-4b08-4bb6-9f78-f40e5be9afc9",
            "ticker": "KXHIGHAUS-24NOV03-B86.5",
            "count": 15,
            "created_time": "2024-11-03T20:28:21.279933Z",
            "yes_price": 11,
            "no_price": 89,
            "taker_side": "yes"
        },
        {
            "trade_id": "7cb362ac-2c59-4e46-9e1d-bc3aaa94facd",
            "ticker": "KXHIGHAUS-24NOV03-B86.5",
            "count": 52,
            "created_time": "2024-11-03T20:28:21.279933Z",
            "yes_price": 63,
            "no_price": 37,
            "taker_side": "yes"
        },
        {
            "trade_id": "70be43b4-b6b5-4c2c-b31c-6cb0c497125f",
            "ticker": "KXHIGHAUS-24NOV03-B86.5",
            "count": 62,
            "created_time": "2024-11-03T20:28:21.279933Z",
            "yes_price": 8,
            "no_price": 92,
            "taker_side": "yes"
        },
        {
            "trade_id": "458b2eeb-2329-458c-9a0a-2b5d0ce08859",
            "ticker": "KXHIGHAUS-24NOV03-B86.5",
            "count": 200,
            "created_time": "2024-11-03T20:28:21.279933Z",
            "yes_price": 3,
            "no_price": 97,
            "taker_side": "yes"
        },
        {
            "trade_id": "da138f38-f7ed-4be6-a192-4b46f2266602",
            "ticker": "KXHIGHAUS-24NOV03-B86.5",
            "count": 20,
            "created_time": "2024-11-03T20:11:00.893107Z",
            "yes_price": 1,
            "no_price": 99,
            "taker_side": "no"
        },
        {
            "trade_id": "742d9f1f-b196-443b-8233-9a68448fa3a6",
            "ticker": "KXHIGHAUS-24NOV03-B86.5",
            "count": 1,
            "created_time": "2024-11-03T20:07:24.554531Z",
            "yes_price": 1,
            "no_price": 99,
            "taker_side": "no"
        },
        {
            "trade_id": "04d305bc-1f8a-4ba6-80f7-05da83ae28e7",
            "ticker": "KXHIGHAUS-24NOV03-B86.5",
            "count": 2,
            "created_time": "2024-11-03T20:06:50.603186Z",
            "yes_price": 1,
            "no_price": 99,
            "taker_side": "no"
        },
        {
            "trade_id": "b3a07ccb-b837-44a8-98bf-da4c5c9d47a9",
            "ticker": "KXHIGHAUS-24NOV03-B86.5",
            "count": 3,
            "created_time": "2024-11-03T20:03:06.156893Z",
            "yes_price": 1,
            "no_price": 99,
            "taker_side": "no"
        },
        {
            "trade_id": "b32a1b5b-9022-41c0-87d0-5eb959a4ca77",
            "ticker": "KXHIGHAUS-24NOV03-B86.5",
            "count": 7,
            "created_time": "2024-11-03T19:43:36.263566Z",
            "yes_price": 1,
            "no_price": 99,
            "taker_side": "no"
        },
        {
            "trade_id": "dd14e666-fc8c-4aaa-8bbc-0dda0f6cec16",
            "ticker": "KXHIGHAUS-24NOV03-B86.5",
            "count": 105,
            "created_time": "2024-11-03T19:42:52.047248Z",
            "yes_price": 1,
            "no_price": 99,
            "taker_side": "no"
        },
        {
            "trade_id": "2031655e-6961-4100-b8d4-045d8f6c4328",
            "ticker": "KXHIGHAUS-24NOV03-B86.5",
            "count": 75,
            "created_time": "2024-11-03T19:42:52.047248Z",
            "yes_price": 2,
            "no_price": 98,
            "taker_side": "no"
        },
        {
            "trade_id": "117e6559-c267-49d5-8580-a4c1a4e446e2",
            "ticker": "KXHIGHAUS-24NOV03-B86.5",
            "count": 33,
            "created_time": "2024-11-03T19:42:52.047248Z",
            "yes_price": 2,
            "no_price": 98,
            "taker_side": "no"
        },
        {
            "trade_id": "ff0b8343-c0b4-4ea5-adbb-54ada4de4aa2",
            "ticker": "KXHIGHAUS-24NOV03-B86.5",
            "count": 35,
            "created_time": "2024-11-03T19:41:34.121862Z",
            "yes_price": 2,
            "no_price": 98,
            "taker_side": "no"
        },
        {
            "trade_id": "86aa7483-17f2-44c7-893a-97c54a4566f6",
            "ticker": "KXHIGHAUS-24NOV03-B86.5",
            "count": 25,
            "created_time": "2024-11-03T19:41:34.121862Z",
            "yes_price": 10,
            "no_price": 90,
            "taker_side": "no"
        },
        {
            "trade_id": "7cf6037d-eaff-42ce-a239-84b905a73866",
            "ticker": "KXHIGHAUS-24NOV03-B86.5",
            "count": 31,
            "created_time": "2024-11-03T19:41:34.121862Z",
            "yes_price": 6,
            "no_price": 94,
            "taker_side": "no"
        },
        {
            "trade_id": "1e3eb6ca-0f17-439c-9e1c-e59992b6c696",
            "ticker": "KXHIGHAUS-24NOV03-B86.5",
            "count": 11,
            "created_time": "2024-11-03T19:41:34.121862Z",
            "yes_price": 3,
            "no_price": 97,
            "taker_side": "no"
        },
        {
            "trade_id": "4ceb9e32-434f-4fd5-8289-4e35fd62d62f",
            "ticker": "KXHIGHAUS-24NOV03-B86.5",
            "count": 50,
            "created_time": "2024-11-03T19:40:40.478992Z",
            "yes_price": 10,
            "no_price": 90,
            "taker_side": "yes"
        },
        {
            "trade_id": "0c9c04d5-9df3-43c3-a75e-0b17062ad3e5",
            "ticker": "KXHIGHAUS-24NOV03-B86.5",
            "count": 20,
            "created_time": "2024-11-03T19:35:25.969817Z",
            "yes_price": 13,
            "no_price": 87,
            "taker_side": "no"
        },
        {
            "trade_id": "b08792b6-496e-4e04-a14c-3a3528b1d5eb",
            "ticker": "KXHIGHAUS-24NOV03-B86.5",
            "count": 68,
            "created_time": "2024-11-03T19:31:02.486365Z",
            "yes_price": 14,
            "no_price": 86,
            "taker_side": "yes"
        },
        {
            "trade_id": "7bbf0dd6-47ee-4cc8-aaf1-8637b9e19ad4",
            "ticker": "KXHIGHAUS-24NOV03-B86.5",
            "count": 9,
            "created_time": "2024-11-03T19:31:02.486365Z",
            "yes_price": 14,
            "no_price": 86,
            "taker_side": "yes"
        },
        {
            "trade_id": "760f52dc-aa36-46ea-b910-199a63dffdb7",
            "ticker": "KXHIGHAUS-24NOV03-B86.5",
            "count": 1,
            "created_time": "2024-11-03T19:31:02.486365Z",
            "yes_price": 40,
            "no_price": 60,
            "taker_side": "yes"
        },
        {
            "trade_id": "49580879-8aef-41fb-b78f-867588da2ad8",
            "ticker": "KXHIGHAUS-24NOV03-B86.5",
            "count": 50,
            "created_time": "2024-11-03T19:31:02.486365Z",
            "yes_price": 15,
            "no_price": 85,
            "taker_side": "yes"
        },
        {
            "trade_id": "3f36025b-41b1-4bd7-9c73-e47932d0dd17",
            "ticker": "KXHIGHAUS-24NOV03-B86.5",
            "count": 10,
            "created_time": "2024-11-03T19:31:02.486365Z",
            "yes_price": 27,
            "no_price": 73,
            "taker_side": "yes"
        },
        {
            "trade_id": "10119afe-de08-462f-98fa-8def690172b2",
            "ticker": "KXHIGHAUS-24NOV03-B86.5",
            "count": 39,
            "created_time": "2024-11-03T19:31:02.486365Z",
            "yes_price": 41,
            "no_price": 59,
            "taker_side": "yes"
        },
        {
            "trade_id": "05a741f2-8396-4372-b2a7-a76765f480c3",
            "ticker": "KXHIGHAUS-24NOV03-B86.5",
            "count": 36,
            "created_time": "2024-11-03T19:31:02.486365Z",
            "yes_price": 22,
            "no_price": 78,
            "taker_side": "yes"
        },
        {
            "trade_id": "e6b473d4-40c3-4dbe-a24b-05292da1dca6",
            "ticker": "KXHIGHAUS-24NOV03-B86.5",
            "count": 43,
            "created_time": "2024-11-03T19:21:59.078932Z",
            "yes_price": 8,
            "no_price": 92,
            "taker_side": "no"
        },
        {
            "trade_id": "92bd1bc5-3683-44aa-a15d-c2a7eebf4bae",
            "ticker": "KXHIGHAUS-24NOV03-B86.5",
            "count": 42,
            "created_time": "2024-11-03T19:19:48.581928Z",
            "yes_price": 2,
            "no_price": 98,
            "taker_side": "no"
        },
        {
            "trade_id": "83f82082-cc2e-4fb8-bf4b-7668f2511d3b",
            "ticker": "KXHIGHAUS-24NOV03-B86.5",
            "count": 4,
            "created_time": "2024-11-03T19:19:48.581928Z",
            "yes_price": 4,
            "no_price": 96,
            "taker_side": "no"
        },
        {
            "trade_id": "53d79443-d21d-44dc-9731-bb5490efbc0c",
            "ticker": "KXHIGHAUS-24NOV03-B86.5",
            "count": 20,
            "created_time": "2024-11-03T19:19:48.581928Z",
            "yes_price": 2,
            "no_price": 98,
            "taker_side": "no"
        },
        {
            "trade_id": "321025e9-650b-4beb-88e1-7570ade99a71",
            "ticker": "KXHIGHAUS-24NOV03-B86.5",
            "count": 3,
            "created_time": "2024-11-03T19:19:48.581928Z",
            "yes_price": 5,
            "no_price": 95,
            "taker_side": "no"
        },
        {
            "trade_id": "11d3b57f-84f2-4e0d-b8a9-6a6babb8dcad",
            "ticker": "KXHIGHAUS-24NOV03-B86.5",
            "count": 26,
            "created_time": "2024-11-03T19:19:48.581928Z",
            "yes_price": 3,
            "no_price": 97,
            "taker_side": "no"
        },
        {
            "trade_id": "c2b700fc-fcb1-49ec-a891-a6c7e69f81f2",
            "ticker": "KXHIGHAUS-24NOV03-B86.5",
            "count": 26,
            "created_time": "2024-11-03T19:19:48.560202Z",
            "yes_price": 5,
            "no_price": 95,
            "taker_side": "no"
        },
        {
            "trade_id": "57f8e82c-4911-463c-9da9-0082f00d5308",
            "ticker": "KXHIGHAUS-24NOV03-B86.5",
            "count": 4,
            "created_time": "2024-11-03T19:19:48.539987Z",
            "yes_price": 5,
            "no_price": 95,
            "taker_side": "no"
        },
        {
            "trade_id": "b8fe9fc8-023e-46db-852c-ff135dd04bb3",
            "ticker": "KXHIGHAUS-24NOV03-B86.5",
            "count": 33,
            "created_time": "2024-11-03T19:19:48.521109Z",
            "yes_price": 6,
            "no_price": 94,
            "taker_side": "no"
        },
        {
            "trade_id": "b7c17871-c4c1-45a9-b21e-6cc7ab09f29b",
            "ticker": "KXHIGHAUS-24NOV03-B86.5",
            "count": 67,
            "created_time": "2024-11-03T19:19:48.521109Z",
            "yes_price": 5,
            "no_price": 95,
            "taker_side": "no"
        },
        {
            "trade_id": "e3834078-4326-4c7e-afcf-8aefa1ff369e",
            "ticker": "KXHIGHAUS-24NOV03-B86.5",
            "count": 60,
            "created_time": "2024-11-03T19:18:47.171597Z",
            "yes_price": 15,
            "no_price": 85,
            "taker_side": "yes"
        },
        {
            "trade_id": "a1f08009-6bac-4902-ad1a-8e142c963020",
            "ticker": "KXHIGHAUS-24NOV03-B86.5",
            "count": 75,
            "created_time": "2024-11-03T19:18:47.171597Z",
            "yes_price": 29,
            "no_price": 71,
            "taker_side": "yes"
        },
        {
            "trade_id": "926ec7e5-618c-4e7a-b5a8-9c2fdc4de454",
            "ticker": "KXHIGHAUS-24NOV03-B86.5",
            "count": 10,
            "created_time": "2024-11-03T19:18:47.171597Z",
            "yes_price": 10,
            "no_price": 90,
            "taker_side": "yes"
        },
        {
            "trade_id": "0a303da5-f06c-4df3-8a23-4124185602f5",
            "ticker": "KXHIGHAUS-24NOV03-B86.5",
            "count": 38,
            "created_time": "2024-11-03T19:18:47.171597Z",
            "yes_price": 24,
            "no_price": 76,
            "taker_side": "yes"
        },
        {
            "trade_id": "fa7f77c5-7ea9-4ec3-8fc6-30611eb32da2",
            "ticker": "KXHIGHAUS-24NOV03-B86.5",
            "count": 31,
            "created_time": "2024-11-03T19:14:34.947703Z",
            "yes_price": 6,
            "no_price": 94,
            "taker_side": "yes"
        },
        {
            "trade_id": "f9efca92-d958-4087-bdab-d8c3ed5a402b",
            "ticker": "KXHIGHAUS-24NOV03-B86.5",
            "count": 33,
            "created_time": "2024-11-03T19:14:21.184702Z",
            "yes_price": 6,
            "no_price": 94,
            "taker_side": "no"
        },
        {
            "trade_id": "889faa56-0aa7-4f2d-8137-a66147278971",
            "ticker": "KXHIGHAUS-24NOV03-B86.5",
            "count": 25,
            "created_time": "2024-11-03T19:12:34.113745Z",
            "yes_price": 12,
            "no_price": 88,
            "taker_side": "no"
        },
        {
            "trade_id": "6589e2c5-2f4d-405a-a3d9-1e01244d215d",
            "ticker": "KXHIGHAUS-24NOV03-B86.5",
            "count": 75,
            "created_time": "2024-11-03T19:12:34.113745Z",
            "yes_price": 12,
            "no_price": 88,
            "taker_side": "no"
        },
        {
            "trade_id": "ea04506a-d9eb-4498-8ded-7ff874f3e376",
            "ticker": "KXHIGHAUS-24NOV03-B86.5",
            "count": 4,
            "created_time": "2024-11-03T19:11:35.676566Z",
            "yes_price": 30,
            "no_price": 70,
            "taker_side": "yes"
        },
        {
            "trade_id": "e3963ec4-a26f-4b2b-8d0f-68ccfdad986e",
            "ticker": "KXHIGHAUS-24NOV03-B86.5",
            "count": 81,
            "created_time": "2024-11-03T19:11:08.654427Z",
            "yes_price": 27,
            "no_price": 73,
            "taker_side": "yes"
        },
        {
            "trade_id": "ce456fdf-1f61-4f9a-aa6d-fe0ecd179b51",
            "ticker": "KXHIGHAUS-24NOV03-B86.5",
            "count": 2,
            "created_time": "2024-11-03T19:11:08.654427Z",
            "yes_price": 53,
            "no_price": 47,
            "taker_side": "yes"
        },
        {
            "trade_id": "a021255a-e819-4195-8fae-21056a973022",
            "ticker": "KXHIGHAUS-24NOV03-B86.5",
            "count": 3,
            "created_time": "2024-11-03T19:11:08.654427Z",
            "yes_price": 15,
            "no_price": 85,
            "taker_side": "yes"
        },
        {
            "trade_id": "3940d8d6-7d3c-44ab-9995-cbca1d2c1128",
            "ticker": "KXHIGHAUS-24NOV03-B86.5",
            "count": 8,
            "created_time": "2024-11-03T19:11:08.654427Z",
            "yes_price": 35,
            "no_price": 65,
            "taker_side": "yes"
        },
        {
            "trade_id": "2c39b782-75ba-4b54-8815-ede3c1deee92",
            "ticker": "KXHIGHAUS-24NOV03-B86.5",
            "count": 5,
            "created_time": "2024-11-03T19:11:08.654427Z",
            "yes_price": 14,
            "no_price": 86,
            "taker_side": "yes"
        },
        {
            "trade_id": "26431134-f916-41d9-ac29-d60efa4abd7d",
            "ticker": "KXHIGHAUS-24NOV03-B86.5",
            "count": 5,
            "created_time": "2024-11-03T19:11:08.654427Z",
            "yes_price": 27,
            "no_price": 73,
            "taker_side": "yes"
        },
        {
            "trade_id": "d8fa31c9-bc53-46be-bcb4-d8b1da87167d",
            "ticker": "KXHIGHAUS-24NOV03-B86.5",
            "count": 6,
            "created_time": "2024-11-03T19:08:22.68922Z",
            "yes_price": 14,
            "no_price": 86,
            "taker_side": "yes"
        },
        {
            "trade_id": "398c2abd-efbc-44ff-a628-02932eb5ec0c",
            "ticker": "KXHIGHAUS-24NOV03-B86.5",
            "count": 6,
            "created_time": "2024-11-03T18:52:18.342972Z",
            "yes_price": 15,
            "no_price": 85,
            "taker_side": "yes"
        },
        {
            "trade_id": "ab92a37a-a14d-4c29-ac52-4b10eb1a7b77",
            "ticker": "KXHIGHAUS-24NOV03-B86.5",
            "count": 1,
            "created_time": "2024-11-03T18:49:19.571524Z",
            "yes_price": 15,
            "no_price": 85,
            "taker_side": "yes"
        },
        {
            "trade_id": "11561e70-9de2-4b7d-a3eb-fbc5a8023ef0",
            "ticker": "KXHIGHAUS-24NOV03-B86.5",
            "count": 9,
            "created_time": "2024-11-03T18:45:44.323074Z",
            "yes_price": 11,
            "no_price": 89,
            "taker_side": "no"
        },
        {
            "trade_id": "262ed4fd-a865-476e-8b57-2b09fa35b92b",
            "ticker": "KXHIGHAUS-24NOV03-B86.5",
            "count": 3,
            "created_time": "2024-11-03T18:36:03.225954Z",
            "yes_price": 27,
            "no_price": 73,
            "taker_side": "yes"
        },
        {
            "trade_id": "2b6bd5e6-7108-4995-9ab8-1515667d75b2",
            "ticker": "KXHIGHAUS-24NOV03-B86.5",
            "count": 25,
            "created_time": "2024-11-03T18:15:55.506815Z",
            "yes_price": 18,
            "no_price": 82,
            "taker_side": "no"
        },
        {
            "trade_id": "c73783f0-f69b-49d1-acbd-c572802dd65f",
            "ticker": "KXHIGHAUS-24NOV03-B86.5",
            "count": 50,
            "created_time": "2024-11-03T18:15:48.500739Z",
            "yes_price": 18,
            "no_price": 82,
            "taker_side": "no"
        },
        {
            "trade_id": "f6b72be0-3bf9-4800-b175-85cca495232b",
            "ticker": "KXHIGHAUS-24NOV03-B86.5",
            "count": 68,
            "created_time": "2024-11-03T17:55:06.611713Z",
            "yes_price": 57,
            "no_price": 43,
            "taker_side": "yes"
        },
        {
            "trade_id": "ec928478-c658-4222-9af1-319777e6e810",
            "ticker": "KXHIGHAUS-24NOV03-B86.5",
            "count": 5,
            "created_time": "2024-11-03T17:55:06.611713Z",
            "yes_price": 60,
            "no_price": 40,
            "taker_side": "yes"
        },
        {
            "trade_id": "c8cd8c7d-bc43-4988-a92c-cab50cfa093b",
            "ticker": "KXHIGHAUS-24NOV03-B86.5",
            "count": 58,
            "created_time": "2024-11-03T17:55:06.611713Z",
            "yes_price": 44,
            "no_price": 56,
            "taker_side": "yes"
        },
        {
            "trade_id": "ae1d23db-e041-48f0-81c1-bb4ea881c31f",
            "ticker": "KXHIGHAUS-24NOV03-B86.5",
            "count": 19,
            "created_time": "2024-11-03T17:55:06.611713Z",
            "yes_price": 24,
            "no_price": 76,
            "taker_side": "yes"
        },
        {
            "trade_id": "6d5278bc-bd73-4e99-9a44-ece2fbe57663",
            "ticker": "KXHIGHAUS-24NOV03-B86.5",
            "count": 26,
            "created_time": "2024-11-03T17:55:06.611713Z",
            "yes_price": 26,
            "no_price": 74,
            "taker_side": "yes"
        },
        {
            "trade_id": "29717fa6-81ec-4b3b-bcbb-65e9a2806685",
            "ticker": "KXHIGHAUS-24NOV03-B86.5",
            "count": 34,
            "created_time": "2024-11-03T17:55:06.611713Z",
            "yes_price": 25,
            "no_price": 75,
            "taker_side": "yes"
        },
        {
            "trade_id": "0aee31aa-8500-4056-8cd1-0d1183bc7e4e",
            "ticker": "KXHIGHAUS-24NOV03-B86.5",
            "count": 3,
            "created_time": "2024-11-03T17:55:06.611713Z",
            "yes_price": 49,
            "no_price": 51,
            "taker_side": "yes"
        },
        {
            "trade_id": "52480192-1eb8-4793-a0b0-eae213da69c6",
            "ticker": "KXHIGHAUS-24NOV03-B86.5",
            "count": 43,
            "created_time": "2024-11-03T17:46:04.070564Z",
            "yes_price": 20,
            "no_price": 80,
            "taker_side": "no"
        },
        {
            "trade_id": "4a0c6a19-6cb2-4a79-ad0c-268beb41a836",
            "ticker": "KXHIGHAUS-24NOV03-B86.5",
            "count": 16,
            "created_time": "2024-11-03T17:46:04.070564Z",
            "yes_price": 12,
            "no_price": 88,
            "taker_side": "no"
        },
        {
            "trade_id": "30386de7-c614-4bd2-843b-7852769a0db8",
            "ticker": "KXHIGHAUS-24NOV03-B86.5",
            "count": 75,
            "created_time": "2024-11-03T17:46:04.070564Z",
            "yes_price": 13,
            "no_price": 87,
            "taker_side": "no"
        },
        {
            "trade_id": "246d07ff-bcf5-4e1a-bed6-bbca0da11a55",
            "ticker": "KXHIGHAUS-24NOV03-B86.5",
            "count": 11,
            "created_time": "2024-11-03T17:46:04.070564Z",
            "yes_price": 10,
            "no_price": 90,
            "taker_side": "no"
        },
        {
            "trade_id": "0fc0ec2d-11f0-458d-9496-d8ed73652943",
            "ticker": "KXHIGHAUS-24NOV03-B86.5",
            "count": 61,
            "created_time": "2024-11-03T17:46:04.070564Z",
            "yes_price": 18,
            "no_price": 82,
            "taker_side": "no"
        },
        {
            "trade_id": "53fb1395-7315-4c03-8f07-83b9e33fb7aa",
            "ticker": "KXHIGHAUS-24NOV03-B86.5",
            "count": 54,
            "created_time": "2024-11-03T17:13:58.83371Z",
            "yes_price": 26,
            "no_price": 74,
            "taker_side": "yes"
        },
        {
            "trade_id": "c3bbcf85-c01f-458d-9c75-c3fa8c791950",
            "ticker": "KXHIGHAUS-24NOV03-B86.5",
            "count": 5,
            "created_time": "2024-11-03T17:13:02.957113Z",
            "yes_price": 17,
            "no_price": 83,
            "taker_side": "no"
        },
        {
            "trade_id": "29a83f3d-4b16-4f9b-8aad-7278e4bf6830",
            "ticker": "KXHIGHAUS-24NOV03-B86.5",
            "count": 4,
            "created_time": "2024-11-03T17:06:49.382755Z",
            "yes_price": 22,
            "no_price": 78,
            "taker_side": "yes"
        },
        {
            "trade_id": "4d2265fe-e8c8-495c-8a5d-6d946bf3cf9f",
            "ticker": "KXHIGHAUS-24NOV03-B86.5",
            "count": 2,
            "created_time": "2024-11-03T17:05:50.102166Z",
            "yes_price": 22,
            "no_price": 78,
            "taker_side": "yes"
        },
        {
            "trade_id": "fcd1d024-8fdf-4a64-b9a5-1c180f4c5bfd",
            "ticker": "KXHIGHAUS-24NOV03-B86.5",
            "count": 28,
            "created_time": "2024-11-03T17:01:03.703049Z",
            "yes_price": 23,
            "no_price": 77,
            "taker_side": "yes"
        },
        {
            "trade_id": "d40efa25-3960-473e-a5d4-b357f67057e1",
            "ticker": "KXHIGHAUS-24NOV03-B86.5",
            "count": 16,
            "created_time": "2024-11-03T16:50:17.34219Z",
            "yes_price": 22,
            "no_price": 78,
            "taker_side": "yes"
        },
        {
            "trade_id": "f9efcb96-1500-443a-bdad-99adcd2be345",
            "ticker": "KXHIGHAUS-24NOV03-B86.5",
            "count": 12,
            "created_time": "2024-11-03T16:33:53.769842Z",
            "yes_price": 18,
            "no_price": 82,
            "taker_side": "no"
        },
        {
            "trade_id": "dd8a88dd-07fa-434e-ad57-37c98ce45fc0",
            "ticker": "KXHIGHAUS-24NOV03-B86.5",
            "count": 43,
            "created_time": "2024-11-03T16:33:53.769842Z",
            "yes_price": 17,
            "no_price": 83,
            "taker_side": "no"
        },
        {
            "trade_id": "3fcd5efe-523b-4781-9efb-4ce547d14cae",
            "ticker": "KXHIGHAUS-24NOV03-B86.5",
            "count": 1,
            "created_time": "2024-11-03T16:33:04.753211Z",
            "yes_price": 20,
            "no_price": 80,
            "taker_side": "yes"
        },
        {
            "trade_id": "834e2d4a-fe84-4434-8fa2-36aded195a6d",
            "ticker": "KXHIGHAUS-24NOV03-B86.5",
            "count": 9,
            "created_time": "2024-11-03T16:30:06.718003Z",
            "yes_price": 21,
            "no_price": 79,
            "taker_side": "no"
        },
        {
            "trade_id": "7377077c-605d-44ff-bac1-57cf177186a6",
            "ticker": "KXHIGHAUS-24NOV03-B86.5",
            "count": 61,
            "created_time": "2024-11-03T16:30:06.718003Z",
            "yes_price": 21,
            "no_price": 79,
            "taker_side": "no"
        },
        {
            "trade_id": "2ef74046-8b43-40ee-86c9-cf9710c570cb",
            "ticker": "KXHIGHAUS-24NOV03-B86.5",
            "count": 104,
            "created_time": "2024-11-03T16:30:06.718003Z",
            "yes_price": 20,
            "no_price": 80,
            "taker_side": "no"
        },
        {
            "trade_id": "6427a1cb-798a-4d64-878b-8da60cea82ab",
            "ticker": "KXHIGHAUS-24NOV03-B86.5",
            "count": 18,
            "created_time": "2024-11-03T16:01:43.385197Z",
            "yes_price": 26,
            "no_price": 74,
            "taker_side": "yes"
        },
        {
            "trade_id": "6ba10d8d-1235-4cd4-928a-4eba09035051",
            "ticker": "KXHIGHAUS-24NOV03-B86.5",
            "count": 10,
            "created_time": "2024-11-03T16:01:31.07541Z",
            "yes_price": 26,
            "no_price": 74,
            "taker_side": "no"
        },
        {
            "trade_id": "2f16bd3f-0887-40ef-b180-c7764e385586",
            "ticker": "KXHIGHAUS-24NOV03-B86.5",
            "count": 15,
            "created_time": "2024-11-03T15:50:41.432705Z",
            "yes_price": 31,
            "no_price": 69,
            "taker_side": "yes"
        },
        {
            "trade_id": "5a942776-ad06-49c4-81ed-841fb67db945",
            "ticker": "KXHIGHAUS-24NOV03-B86.5",
            "count": 14,
            "created_time": "2024-11-03T15:44:31.968265Z",
            "yes_price": 32,
            "no_price": 68,
            "taker_side": "yes"
        },
        {
            "trade_id": "dd0fc737-5b8f-4678-9a0f-f7db51a5bde2",
            "ticker": "KXHIGHAUS-24NOV03-B86.5",
            "count": 45,
            "created_time": "2024-11-03T15:35:32.323201Z",
            "yes_price": 26,
            "no_price": 74,
            "taker_side": "yes"
        },
        {
            "trade_id": "4a2ce0bb-98b0-49a3-89f0-b054d2886560",
            "ticker": "KXHIGHAUS-24NOV03-B86.5",
            "count": 18,
            "created_time": "2024-11-03T15:34:23.727342Z",
            "yes_price": 26,
            "no_price": 74,
            "taker_side": "yes"
        },
        {
            "trade_id": "21c0a714-7f4e-4d6b-b994-d31b75ee4218",
            "ticker": "KXHIGHAUS-24NOV03-B86.5",
            "count": 25,
            "created_time": "2024-11-03T15:32:43.430575Z",
            "yes_price": 26,
            "no_price": 74,
            "taker_side": "yes"
        },
        {
            "trade_id": "bbc4b725-bc45-4531-9324-2ab6bffb68d1",
            "ticker": "KXHIGHAUS-24NOV03-B86.5",
            "count": 10,
            "created_time": "2024-11-03T15:24:30.623634Z",
            "yes_price": 27,
            "no_price": 73,
            "taker_side": "yes"
        },
        {
            "trade_id": "fa96499a-4f8d-483e-ad33-e840b29663ae",
            "ticker": "KXHIGHAUS-24NOV03-B86.5",
            "count": 75,
            "created_time": "2024-11-03T15:20:09.918241Z",
            "yes_price": 53,
            "no_price": 47,
            "taker_side": "yes"
        },
        {
            "trade_id": "92cfa8cb-4135-4583-bd60-c72c63ad90db",
            "ticker": "KXHIGHAUS-24NOV03-B86.5",
            "count": 7,
            "created_time": "2024-11-03T15:20:09.918241Z",
            "yes_price": 32,
            "no_price": 68,
            "taker_side": "yes"
        },
        {
            "trade_id": "839085ee-db82-45f3-b091-863f8ae14e5f",
            "ticker": "KXHIGHAUS-24NOV03-B86.5",
            "count": 54,
            "created_time": "2024-11-03T15:20:09.918241Z",
            "yes_price": 54,
            "no_price": 46,
            "taker_side": "yes"
        },
        {
            "trade_id": "2d5d7b84-1a53-4850-96e4-af6e54e81020",
            "ticker": "KXHIGHAUS-24NOV03-B86.5",
            "count": 27,
            "created_time": "2024-11-03T15:20:09.918241Z",
            "yes_price": 33,
            "no_price": 67,
            "taker_side": "yes"
        },
        {
            "trade_id": "2a4096c5-cb03-4584-9367-23950c772a69",
            "ticker": "KXHIGHAUS-24NOV03-B86.5",
            "count": 5,
            "created_time": "2024-11-03T15:20:09.918241Z",
            "yes_price": 50,
            "no_price": 50,
            "taker_side": "yes"
        },
        {
            "trade_id": "12a51b60-3e9d-4bae-b7f6-290a7c30fe28",
            "ticker": "KXHIGHAUS-24NOV03-B86.5",
            "count": 25,
            "created_time": "2024-11-03T15:20:09.918241Z",
            "yes_price": 36,
            "no_price": 64,
            "taker_side": "yes"
        },
        {
            "trade_id": "8783d72b-2d0f-4905-b1de-ec04bed753ff",
            "ticker": "KXHIGHAUS-24NOV03-B86.5",
            "count": 10,
            "created_time": "2024-11-03T15:19:52.83561Z",
            "yes_price": 35,
            "no_price": 65,
            "taker_side": "yes"
        },
        {
            "trade_id": "2a40fc87-ce49-4609-a312-b5ada90af752",
            "ticker": "KXHIGHAUS-24NOV03-B86.5",
            "count": 10,
            "created_time": "2024-11-03T15:18:32.236636Z",
            "yes_price": 31,
            "no_price": 69,
            "taker_side": "yes"
        },
        {
            "trade_id": "8744d899-6520-4053-bc0a-75eb652422a3",
            "ticker": "KXHIGHAUS-24NOV03-B86.5",
            "count": 22,
            "created_time": "2024-11-03T15:16:52.765767Z",
            "yes_price": 30,
            "no_price": 70,
            "taker_side": "no"
        },
        {
            "trade_id": "75acaeb2-10a0-4bbb-b79f-de14112ce828",
            "ticker": "KXHIGHAUS-24NOV03-B86.5",
            "count": 22,
            "created_time": "2024-11-03T15:16:52.143248Z",
            "yes_price": 30,
            "no_price": 70,
            "taker_side": "yes"
        },
        {
            "trade_id": "e508dd59-9562-4e8b-bf23-a1ec161870bb",
            "ticker": "KXHIGHAUS-24NOV03-B86.5",
            "count": 1,
            "created_time": "2024-11-03T15:06:02.874321Z",
            "yes_price": 30,
            "no_price": 70,
            "taker_side": "yes"
        },
        {
            "trade_id": "0734e0ff-45ce-473e-ad79-eaef8ad49ca5",
            "ticker": "KXHIGHAUS-24NOV03-B86.5",
            "count": 20,
            "created_time": "2024-11-03T14:58:49.646345Z",
            "yes_price": 29,
            "no_price": 71,
            "taker_side": "yes"
        },
        {
            "trade_id": "06b7a333-36dd-42c9-ae72-3319a60dd4fd",
            "ticker": "KXHIGHAUS-24NOV03-B86.5",
            "count": 12,
            "created_time": "2024-11-03T14:58:49.646345Z",
            "yes_price": 30,
            "no_price": 70,
            "taker_side": "yes"
        },
        {
            "trade_id": "73d95aac-b889-428b-b353-e1cc0cc094ee",
            "ticker": "KXHIGHAUS-24NOV03-B86.5",
            "count": 82,
            "created_time": "2024-11-03T14:55:05.03406Z",
            "yes_price": 29,
            "no_price": 71,
            "taker_side": "yes"
        },
        {
            "trade_id": "8c148dd3-3595-401f-8f9d-69b2d96879de",
            "ticker": "KXHIGHAUS-24NOV03-B86.5",
            "count": 16,
            "created_time": "2024-11-03T14:54:27.684011Z",
            "yes_price": 29,
            "no_price": 71,
            "taker_side": "yes"
        },
        {
            "trade_id": "57a6df7d-c91d-49a2-bfcd-25cd73fd031c",
            "ticker": "KXHIGHAUS-24NOV03-B86.5",
            "count": 81,
            "created_time": "2024-11-03T14:47:01.182734Z",
            "yes_price": 27,
            "no_price": 73,
            "taker_side": "yes"
        },
        {
            "trade_id": "97afc3db-0599-440b-85d8-4c87a1a058d9",
            "ticker": "KXHIGHAUS-24NOV03-B86.5",
            "count": 19,
            "created_time": "2024-11-03T14:38:07.609651Z",
            "yes_price": 26,
            "no_price": 74,
            "taker_side": "yes"
        },
        {
            "trade_id": "4aeafd34-4551-4cab-bcef-f32c101d4bda",
            "ticker": "KXHIGHAUS-24NOV03-B86.5",
            "count": 16,
            "created_time": "2024-11-03T14:38:07.609651Z",
            "yes_price": 28,
            "no_price": 72,
            "taker_side": "yes"
        },
        {
            "trade_id": "1c83a92b-1522-483e-be5a-807c1db5de71",
            "ticker": "KXHIGHAUS-24NOV03-B86.5",
            "count": 15,
            "created_time": "2024-11-03T14:24:39.811837Z",
            "yes_price": 25,
            "no_price": 75,
            "taker_side": "yes"
        },
        {
            "trade_id": "307663d5-4587-458d-a2e1-4f76b324bbab",
            "ticker": "KXHIGHAUS-24NOV03-B86.5",
            "count": 3,
            "created_time": "2024-11-03T14:24:35.009326Z",
            "yes_price": 25,
            "no_price": 75,
            "taker_side": "yes"
        },
        {
            "trade_id": "cd8c2179-4012-409b-9a48-0f05fa7c4a09",
            "ticker": "KXHIGHAUS-24NOV03-B86.5",
            "count": 100,
            "created_time": "2024-11-03T14:24:18.418514Z",
            "yes_price": 24,
            "no_price": 76,
            "taker_side": "yes"
        },
        {
            "trade_id": "8aeb4680-a201-41bf-85f2-1fdb6e79056e",
            "ticker": "KXHIGHAUS-24NOV03-B86.5",
            "count": 2,
            "created_time": "2024-11-03T14:24:18.418514Z",
            "yes_price": 25,
            "no_price": 75,
            "taker_side": "yes"
        },
        {
            "trade_id": "fcacd107-6e51-40bd-b598-09b0643d44dd",
            "ticker": "KXHIGHAUS-24NOV03-B86.5",
            "count": 93,
            "created_time": "2024-11-03T14:21:27.292716Z",
            "yes_price": 23,
            "no_price": 77,
            "taker_side": "yes"
        },
        {
            "trade_id": "e20ea2de-d71f-4427-bbe1-ad2772c57a70",
            "ticker": "KXHIGHAUS-24NOV03-B86.5",
            "count": 65,
            "created_time": "2024-11-03T14:21:27.292716Z",
            "yes_price": 23,
            "no_price": 77,
            "taker_side": "yes"
        },
        {
            "trade_id": "90c56670-587f-4c3e-9fa3-c879e92ae1dc",
            "ticker": "KXHIGHAUS-24NOV03-B86.5",
            "count": 33,
            "created_time": "2024-11-03T14:21:27.292716Z",
            "yes_price": 23,
            "no_price": 77,
            "taker_side": "yes"
        },
        {
            "trade_id": "4862d43a-8c83-46b8-8e7a-aac08852c9b1",
            "ticker": "KXHIGHAUS-24NOV03-B86.5",
            "count": 15,
            "created_time": "2024-11-03T14:21:27.292716Z",
            "yes_price": 22,
            "no_price": 78,
            "taker_side": "yes"
        },
        {
            "trade_id": "2059d0f7-1954-425b-9147-2795f4560105",
            "ticker": "KXHIGHAUS-24NOV03-B86.5",
            "count": 1,
            "created_time": "2024-11-03T14:10:09.600943Z",
            "yes_price": 23,
            "no_price": 77,
            "taker_side": "yes"
        },
        {
            "trade_id": "8db53c8c-94d2-4e43-80b4-04ec31390633",
            "ticker": "KXHIGHAUS-24NOV03-B86.5",
            "count": 1,
            "created_time": "2024-11-03T14:10:01.731404Z",
            "yes_price": 23,
            "no_price": 77,
            "taker_side": "yes"
        },
        {
            "trade_id": "48019ff1-2180-4460-94d2-aa815e172f7d",
            "ticker": "KXHIGHAUS-24NOV03-B86.5",
            "count": 3,
            "created_time": "2024-11-03T14:09:53.780053Z",
            "yes_price": 23,
            "no_price": 77,
            "taker_side": "yes"
        },
        {
            "trade_id": "8aa395dc-689c-43b6-ada5-2c7d4c2e0b39",
            "ticker": "KXHIGHAUS-24NOV03-B86.5",
            "count": 31,
            "created_time": "2024-11-03T14:09:46.079807Z",
            "yes_price": 23,
            "no_price": 77,
            "taker_side": "yes"
        },
        {
            "trade_id": "68d8c2cc-fdc0-4f1b-a882-5f0e362fb392",
            "ticker": "KXHIGHAUS-24NOV03-B86.5",
            "count": 31,
            "created_time": "2024-11-03T14:09:45.077419Z",
            "yes_price": 23,
            "no_price": 77,
            "taker_side": "no"
        },
        {
            "trade_id": "06d416bd-a53b-414f-aaee-e038b0d6d197",
            "ticker": "KXHIGHAUS-24NOV03-B86.5",
            "count": 36,
            "created_time": "2024-11-03T14:08:27.750034Z",
            "yes_price": 24,
            "no_price": 76,
            "taker_side": "no"
        },
        {
            "trade_id": "424988b8-bcde-473e-b38e-0a6166f6d97b",
            "ticker": "KXHIGHAUS-24NOV03-B86.5",
            "count": 5,
            "created_time": "2024-11-03T14:07:24.823786Z",
            "yes_price": 24,
            "no_price": 76,
            "taker_side": "no"
        },
        {
            "trade_id": "397f52e4-ceee-4ffb-b88b-f4fc2c6dfbdf",
            "ticker": "KXHIGHAUS-24NOV03-B86.5",
            "count": 10,
            "created_time": "2024-11-03T13:28:08.385882Z",
            "yes_price": 28,
            "no_price": 72,
            "taker_side": "yes"
        },
        {
            "trade_id": "8c8aa2f7-fd1d-43db-b06c-e64cd0d8c466",
            "ticker": "KXHIGHAUS-24NOV03-B86.5",
            "count": 24,
            "created_time": "2024-11-03T13:25:43.741001Z",
            "yes_price": 28,
            "no_price": 72,
            "taker_side": "yes"
        },
        {
            "trade_id": "7845d418-f6cf-435c-be2a-e5f605ccbc46",
            "ticker": "KXHIGHAUS-24NOV03-B86.5",
            "count": 11,
            "created_time": "2024-11-03T13:25:43.741001Z",
            "yes_price": 24,
            "no_price": 76,
            "taker_side": "yes"
        },
        {
            "trade_id": "f27c0f2a-7de8-4619-a485-caed8c81557c",
            "ticker": "KXHIGHAUS-24NOV03-B86.5",
            "count": 58,
            "created_time": "2024-11-03T13:07:38.048081Z",
            "yes_price": 35,
            "no_price": 65,
            "taker_side": "yes"
        },
        {
            "trade_id": "e559b538-3ed2-442c-afaa-ad5cf9deb71c",
            "ticker": "KXHIGHAUS-24NOV03-B86.5",
            "count": 19,
            "created_time": "2024-11-03T13:07:38.048081Z",
            "yes_price": 34,
            "no_price": 66,
            "taker_side": "yes"
        },
        {
            "trade_id": "1c22d60e-ceed-4a16-9227-95c2662568db",
            "ticker": "KXHIGHAUS-24NOV03-B86.5",
            "count": 50,
            "created_time": "2024-11-03T13:06:25.542653Z",
            "yes_price": 34,
            "no_price": 66,
            "taker_side": "yes"
        },
        {
            "trade_id": "c96e96b1-0616-46a9-b2c1-85fd4e55758c",
            "ticker": "KXHIGHAUS-24NOV03-B86.5",
            "count": 8,
            "created_time": "2024-11-03T13:05:49.586269Z",
            "yes_price": 34,
            "no_price": 66,
            "taker_side": "yes"
        },
        {
            "trade_id": "97119e31-de44-496a-a93d-4b9c1de48f04",
            "ticker": "KXHIGHAUS-24NOV03-B86.5",
            "count": 67,
            "created_time": "2024-11-03T13:05:49.586269Z",
            "yes_price": 30,
            "no_price": 70,
            "taker_side": "yes"
        },
        {
            "trade_id": "4143a721-6d8e-472e-99c7-ea21bade9144",
            "ticker": "KXHIGHAUS-24NOV03-B86.5",
            "count": 17,
            "created_time": "2024-11-03T13:05:49.586269Z",
            "yes_price": 34,
            "no_price": 66,
            "taker_side": "yes"
        },
        {
            "trade_id": "5e5701d0-83a4-4807-b962-710b22d116a4",
            "ticker": "KXHIGHAUS-24NOV03-B86.5",
            "count": 1,
            "created_time": "2024-11-03T13:00:02.283868Z",
            "yes_price": 20,
            "no_price": 80,
            "taker_side": "no"
        },
        {
            "trade_id": "5acf2d59-00ad-4ff5-80f7-71b45e42dc30",
            "ticker": "KXHIGHAUS-24NOV03-B86.5",
            "count": 10,
            "created_time": "2024-11-03T13:00:01.949256Z",
            "yes_price": 20,
            "no_price": 80,
            "taker_side": "no"
        },
        {
            "trade_id": "471fde48-87d5-4ff8-8e7d-43ca491ef0a2",
            "ticker": "KXHIGHAUS-24NOV03-B86.5",
            "count": 197,
            "created_time": "2024-11-03T06:39:38.637608Z",
            "yes_price": 24,
            "no_price": 76,
            "taker_side": "yes"
        },
        {
            "trade_id": "749a860d-26ca-43b1-866b-787a3305bcb5",
            "ticker": "KXHIGHAUS-24NOV03-B86.5",
            "count": 100,
            "created_time": "2024-11-03T06:20:40.224456Z",
            "yes_price": 24,
            "no_price": 76,
            "taker_side": "yes"
        },
        {
            "trade_id": "14a2ade8-c0d6-48b3-a29b-ef8cdca51469",
            "ticker": "KXHIGHAUS-24NOV03-B86.5",
            "count": 19,
            "created_time": "2024-11-03T05:04:53.41207Z",
            "yes_price": 24,
            "no_price": 76,
            "taker_side": "yes"
        },
        {
            "trade_id": "d34c1d9c-f87a-488c-b738-f0dd5e749081",
            "ticker": "KXHIGHAUS-24NOV03-B86.5",
            "count": 1,
            "created_time": "2024-11-03T05:01:06.009818Z",
            "yes_price": 24,
            "no_price": 76,
            "taker_side": "yes"
        },
        {
            "trade_id": "75d80ac0-6f27-48c0-baff-29f533b93f18",
            "ticker": "KXHIGHAUS-24NOV03-B86.5",
            "count": 1,
            "created_time": "2024-11-03T04:59:33.235187Z",
            "yes_price": 24,
            "no_price": 76,
            "taker_side": "yes"
        },
        {
            "trade_id": "7cd795a2-0d3b-4e6f-acb3-5c9c4d6b53d1",
            "ticker": "KXHIGHAUS-24NOV03-B86.5",
            "count": 100,
            "created_time": "2024-11-03T04:29:53.152452Z",
            "yes_price": 19,
            "no_price": 81,
            "taker_side": "no"
        },
        {
            "trade_id": "a5b436d0-78ab-4653-a9b9-e4c965944e5a",
            "ticker": "KXHIGHAUS-24NOV03-B86.5",
            "count": 3,
            "created_time": "2024-11-03T04:23:20.635885Z",
            "yes_price": 29,
            "no_price": 71,
            "taker_side": "yes"
        },
        {
            "trade_id": "ccaa3e17-cbab-4696-9c92-bdb2b9875fd7",
            "ticker": "KXHIGHAUS-24NOV03-B86.5",
            "count": 11,
            "created_time": "2024-11-03T03:37:05.707496Z",
            "yes_price": 25,
            "no_price": 75,
            "taker_side": "yes"
        },
        {
            "trade_id": "cf8f1f20-b7f7-49c7-8a38-0d0ab9fc1952",
            "ticker": "KXHIGHAUS-24NOV03-B86.5",
            "count": 18,
            "created_time": "2024-11-03T02:37:46.103035Z",
            "yes_price": 28,
            "no_price": 72,
            "taker_side": "yes"
        },
        {
            "trade_id": "76772568-eeb0-46eb-8e25-33dc3e90b388",
            "ticker": "KXHIGHAUS-24NOV03-B86.5",
            "count": 17,
            "created_time": "2024-11-03T02:37:46.103035Z",
            "yes_price": 27,
            "no_price": 73,
            "taker_side": "yes"
        },
        {
            "trade_id": "56b61e9e-7afa-4e39-9492-75d41f6d21bb",
            "ticker": "KXHIGHAUS-24NOV03-B86.5",
            "count": 100,
            "created_time": "2024-11-03T01:55:40.30936Z",
            "yes_price": 23,
            "no_price": 77,
            "taker_side": "no"
        },
        {
            "trade_id": "22d8d42e-7131-46f8-9470-673ca6930857",
            "ticker": "KXHIGHAUS-24NOV03-B86.5",
            "count": 20,
            "created_time": "2024-11-03T00:56:35.368257Z",
            "yes_price": 25,
            "no_price": 75,
            "taker_side": "yes"
        },
        {
            "trade_id": "0078828b-d8b2-4157-aa1e-0d3a1fc70a51",
            "ticker": "KXHIGHAUS-24NOV03-B86.5",
            "count": 2,
            "created_time": "2024-11-03T00:31:18.457951Z",
            "yes_price": 24,
            "no_price": 76,
            "taker_side": "yes"
        },
        {
            "trade_id": "69681464-f921-412e-bbc2-b711f48b517a",
            "ticker": "KXHIGHAUS-24NOV03-B86.5",
            "count": 5,
            "created_time": "2024-11-02T23:42:00.603252Z",
            "yes_price": 16,
            "no_price": 84,
            "taker_side": "no"
        },
        {
            "trade_id": "2fb0a3a7-4aac-4ef1-9161-d3c79f343f70",
            "ticker": "KXHIGHAUS-24NOV03-B86.5",
            "count": 117,
            "created_time": "2024-11-02T23:42:00.603252Z",
            "yes_price": 12,
            "no_price": 88,
            "taker_side": "no"
        },
        {
            "trade_id": "1568a02a-477a-4e90-98d2-b1fbd62517a9",
            "ticker": "KXHIGHAUS-24NOV03-B86.5",
            "count": 100,
            "created_time": "2024-11-02T23:42:00.603252Z",
            "yes_price": 13,
            "no_price": 87,
            "taker_side": "no"
        },
        {
            "trade_id": "d30604d3-6dae-4e30-bc0f-0eba9ab1ce32",
            "ticker": "KXHIGHAUS-24NOV03-B86.5",
            "count": 47,
            "created_time": "2024-11-02T23:28:31.680396Z",
            "yes_price": 22,
            "no_price": 78,
            "taker_side": "no"
        },
        {
            "trade_id": "892f744d-93ff-4e96-a926-42ab243422c1",
            "ticker": "KXHIGHAUS-24NOV03-B86.5",
            "count": 1,
            "created_time": "2024-11-02T23:24:28.191667Z",
            "yes_price": 24,
            "no_price": 76,
            "taker_side": "no"
        },
        {
            "trade_id": "ceedb1ce-3c72-4cf0-81ab-01a328c39839",
            "ticker": "KXHIGHAUS-24NOV03-B86.5",
            "count": 5,
            "created_time": "2024-11-02T19:50:44.918971Z",
            "yes_price": 35,
            "no_price": 65,
            "taker_side": "no"
        },
        {
            "trade_id": "70b89c3d-4e60-4ccd-8b0d-42bd907fc13d",
            "ticker": "KXHIGHAUS-24NOV03-B86.5",
            "count": 28,
            "created_time": "2024-11-02T19:50:44.918971Z",
            "yes_price": 35,
            "no_price": 65,
            "taker_side": "no"
        },
        {
            "trade_id": "59e15b37-3d79-4018-9915-e97af48d6698",
            "ticker": "KXHIGHAUS-24NOV03-B86.5",
            "count": 5,
            "created_time": "2024-11-02T19:00:37.30759Z",
            "yes_price": 35,
            "no_price": 65,
            "taker_side": "no"
        },
        {
            "trade_id": "995aa714-8a8e-436b-b2c3-1de559ba57a3",
            "ticker": "KXHIGHAUS-24NOV03-B86.5",
            "count": 10,
            "created_time": "2024-11-02T14:21:22.654908Z",
            "yes_price": 37,
            "no_price": 63,
            "taker_side": "yes"
        }
    ],
    "KXHIGHAUS-24NOV03-B88.5": [
        {
            "trade_id": "8a92ed70-e7e9-4679-ae49-ecde18124d77",
            "ticker": "KXHIGHAUS-24NOV03-B88.5",
            "count": 31,
            "created_time": "2024-11-04T04:49:20.877596Z",
            "yes_price": 97,
            "no_price": 3,
            "taker_side": "no"
        },
        {
            "trade_id": "4471d926-20c1-4d56-8023-4c316afeee23",
            "ticker": "KXHIGHAUS-24NOV03-B88.5",
            "count": 62,
            "created_time": "2024-11-04T04:39:13.97816Z",
            "yes_price": 97,
            "no_price": 3,
            "taker_side": "no"
        },
        {
            "trade_id": "52c4c92c-2b25-4f9e-b45a-32f511960684",
            "ticker": "KXHIGHAUS-24NOV03-B88.5",
            "count": 1560,
            "created_time": "2024-11-04T04:07:37.347781Z",
            "yes_price": 97,
            "no_price": 3,
            "taker_side": "no"
        },
        {
            "trade_id": "590fff00-6ad6-4cf0-963f-43b791e2efe6",
            "ticker": "KXHIGHAUS-24NOV03-B88.5",
            "count": 5,
            "created_time": "2024-11-04T04:03:27.432301Z",
            "yes_price": 99,
            "no_price": 1,
            "taker_side": "yes"
        },
        {
            "trade_id": "6eb8162b-eafb-414b-9aa9-d5d5e8553a9a",
            "ticker": "KXHIGHAUS-24NOV03-B88.5",
            "count": 156,
            "created_time": "2024-11-04T04:01:28.177681Z",
            "yes_price": 97,
            "no_price": 3,
            "taker_side": "no"
        },
        {
            "trade_id": "d712c46d-88e9-4b05-a177-5d9c8171cdfa",
            "ticker": "KXHIGHAUS-24NOV03-B88.5",
            "count": 53,
            "created_time": "2024-11-04T03:51:48.974388Z",
            "yes_price": 97,
            "no_price": 3,
            "taker_side": "no"
        },
        {
            "trade_id": "059914f1-56b8-494a-9d42-7afcca570582",
            "ticker": "KXHIGHAUS-24NOV03-B88.5",
            "count": 1248,
            "created_time": "2024-11-04T03:22:37.865332Z",
            "yes_price": 97,
            "no_price": 3,
            "taker_side": "no"
        },
        {
            "trade_id": "d5c0dc6d-a770-47e7-9f48-31e42d66fda2",
            "ticker": "KXHIGHAUS-24NOV03-B88.5",
            "count": 45,
            "created_time": "2024-11-04T02:46:29.330501Z",
            "yes_price": 97,
            "no_price": 3,
            "taker_side": "no"
        },
        {
            "trade_id": "7cdf3a6a-b96f-480b-a228-5108129a434e",
            "ticker": "KXHIGHAUS-24NOV03-B88.5",
            "count": 15,
            "created_time": "2024-11-04T02:46:29.330501Z",
            "yes_price": 97,
            "no_price": 3,
            "taker_side": "no"
        },
        {
            "trade_id": "cc374839-0455-4064-a847-8f2138ea3843",
            "ticker": "KXHIGHAUS-24NOV03-B88.5",
            "count": 117,
            "created_time": "2024-11-04T02:28:06.408192Z",
            "yes_price": 96,
            "no_price": 4,
            "taker_side": "no"
        },
        {
            "trade_id": "d86a7ca5-662c-4219-9bac-11a3ea4f3a4c",
            "ticker": "KXHIGHAUS-24NOV03-B88.5",
            "count": 57,
            "created_time": "2024-11-04T01:22:15.316947Z",
            "yes_price": 92,
            "no_price": 8,
            "taker_side": "no"
        },
        {
            "trade_id": "7dbd5a97-aecb-4d08-8abd-2c60bba8d298",
            "ticker": "KXHIGHAUS-24NOV03-B88.5",
            "count": 10,
            "created_time": "2024-11-04T01:22:15.316947Z",
            "yes_price": 99,
            "no_price": 1,
            "taker_side": "no"
        },
        {
            "trade_id": "82b6a43c-3c12-40af-8f71-e8c3787a5ff5",
            "ticker": "KXHIGHAUS-24NOV03-B88.5",
            "count": 58,
            "created_time": "2024-11-04T01:00:10.650019Z",
            "yes_price": 92,
            "no_price": 8,
            "taker_side": "no"
        },
        {
            "trade_id": "8fe7a7a2-85d7-4d05-a020-061f76192003",
            "ticker": "KXHIGHAUS-24NOV03-B88.5",
            "count": 519,
            "created_time": "2024-11-04T00:21:12.053852Z",
            "yes_price": 92,
            "no_price": 8,
            "taker_side": "no"
        },
        {
            "trade_id": "344c7501-0c6e-4aa6-8338-527983c59d86",
            "ticker": "KXHIGHAUS-24NOV03-B88.5",
            "count": 416,
            "created_time": "2024-11-04T00:08:41.312284Z",
            "yes_price": 99,
            "no_price": 1,
            "taker_side": "yes"
        },
        {
            "trade_id": "cab3a5f2-5c02-4390-9014-c713cfd48cd0",
            "ticker": "KXHIGHAUS-24NOV03-B88.5",
            "count": 110,
            "created_time": "2024-11-03T23:30:17.142281Z",
            "yes_price": 98,
            "no_price": 2,
            "taker_side": "yes"
        },
        {
            "trade_id": "b56df99d-7961-4fe5-8dd7-50ca5a9fb2f5",
            "ticker": "KXHIGHAUS-24NOV03-B88.5",
            "count": 105,
            "created_time": "2024-11-03T23:30:17.142281Z",
            "yes_price": 99,
            "no_price": 1,
            "taker_side": "yes"
        },
        {
            "trade_id": "86fd8570-a6c4-41b4-8540-1fec9d4f57b2",
            "ticker": "KXHIGHAUS-24NOV03-B88.5",
            "count": 3,
            "created_time": "2024-11-03T23:14:22.809854Z",
            "yes_price": 97,
            "no_price": 3,
            "taker_side": "yes"
        },
        {
            "trade_id": "7d7fee44-fe6f-4ce1-8d2c-86fcfd15661a",
            "ticker": "KXHIGHAUS-24NOV03-B88.5",
            "count": 10,
            "created_time": "2024-11-03T23:08:08.309202Z",
            "yes_price": 97,
            "no_price": 3,
            "taker_side": "yes"
        },
        {
            "trade_id": "f3f1438c-c2cd-4498-aa31-18ba7747f403",
            "ticker": "KXHIGHAUS-24NOV03-B88.5",
            "count": 100,
            "created_time": "2024-11-03T23:03:00.974579Z",
            "yes_price": 95,
            "no_price": 5,
            "taker_side": "no"
        },
        {
            "trade_id": "905a5481-3224-4832-ac9e-62496c675099",
            "ticker": "KXHIGHAUS-24NOV03-B88.5",
            "count": 25,
            "created_time": "2024-11-03T22:59:20.371739Z",
            "yes_price": 95,
            "no_price": 5,
            "taker_side": "no"
        },
        {
            "trade_id": "4d0e31d8-ef97-4446-938c-ddba0924695f",
            "ticker": "KXHIGHAUS-24NOV03-B88.5",
            "count": 41,
            "created_time": "2024-11-03T22:59:19.758019Z",
            "yes_price": 95,
            "no_price": 5,
            "taker_side": "no"
        },
        {
            "trade_id": "bf5ecbe7-6116-489b-9817-89575fa55c24",
            "ticker": "KXHIGHAUS-24NOV03-B88.5",
            "count": 40,
            "created_time": "2024-11-03T22:59:19.749461Z",
            "yes_price": 95,
            "no_price": 5,
            "taker_side": "no"
        },
        {
            "trade_id": "de5fee20-d843-4313-bb15-f6dd5321a461",
            "ticker": "KXHIGHAUS-24NOV03-B88.5",
            "count": 41,
            "created_time": "2024-11-03T22:59:04.830609Z",
            "yes_price": 93,
            "no_price": 7,
            "taker_side": "no"
        },
        {
            "trade_id": "4a470f6a-f116-4a21-a977-a4ae2b003558",
            "ticker": "KXHIGHAUS-24NOV03-B88.5",
            "count": 41,
            "created_time": "2024-11-03T22:57:59.077136Z",
            "yes_price": 93,
            "no_price": 7,
            "taker_side": "no"
        },
        {
            "trade_id": "b7ec68c0-e21d-48c6-9c64-3eb2257643bd",
            "ticker": "KXHIGHAUS-24NOV03-B88.5",
            "count": 42,
            "created_time": "2024-11-03T22:57:57.938625Z",
            "yes_price": 93,
            "no_price": 7,
            "taker_side": "yes"
        },
        {
            "trade_id": "805a5fc8-760a-4a4f-bf1a-75a80ac2045d",
            "ticker": "KXHIGHAUS-24NOV03-B88.5",
            "count": 46,
            "created_time": "2024-11-03T22:57:57.938625Z",
            "yes_price": 93,
            "no_price": 7,
            "taker_side": "yes"
        },
        {
            "trade_id": "ce9eb8b2-7d54-427a-9c1f-a0d215e9738c",
            "ticker": "KXHIGHAUS-24NOV03-B88.5",
            "count": 6,
            "created_time": "2024-11-03T22:57:18.047338Z",
            "yes_price": 93,
            "no_price": 7,
            "taker_side": "yes"
        },
        {
            "trade_id": "b07ea08e-2fef-4195-a0a3-da5d7a2a7a1f",
            "ticker": "KXHIGHAUS-24NOV03-B88.5",
            "count": 25,
            "created_time": "2024-11-03T22:57:06.021556Z",
            "yes_price": 93,
            "no_price": 7,
            "taker_side": "yes"
        },
        {
            "trade_id": "d7a074ae-4140-4c23-ab60-8729ed222f08",
            "ticker": "KXHIGHAUS-24NOV03-B88.5",
            "count": 42,
            "created_time": "2024-11-03T22:56:57.945061Z",
            "yes_price": 92,
            "no_price": 8,
            "taker_side": "no"
        },
        {
            "trade_id": "5fc4d6ee-2b08-4810-87e9-9b9a5042d16b",
            "ticker": "KXHIGHAUS-24NOV03-B88.5",
            "count": 43,
            "created_time": "2024-11-03T22:56:48.096734Z",
            "yes_price": 94,
            "no_price": 6,
            "taker_side": "yes"
        },
        {
            "trade_id": "bae00d35-a1f2-42fa-ad6c-de2f2f4580a4",
            "ticker": "KXHIGHAUS-24NOV03-B88.5",
            "count": 5,
            "created_time": "2024-11-03T22:54:49.718149Z",
            "yes_price": 93,
            "no_price": 7,
            "taker_side": "yes"
        },
        {
            "trade_id": "f098dbc7-9654-46a8-9405-a482ebb46000",
            "ticker": "KXHIGHAUS-24NOV03-B88.5",
            "count": 39,
            "created_time": "2024-11-03T22:53:43.421937Z",
            "yes_price": 92,
            "no_price": 8,
            "taker_side": "no"
        },
        {
            "trade_id": "4554d722-146b-4907-b3db-f8b3a9a5a99d",
            "ticker": "KXHIGHAUS-24NOV03-B88.5",
            "count": 44,
            "created_time": "2024-11-03T22:53:43.401092Z",
            "yes_price": 92,
            "no_price": 8,
            "taker_side": "yes"
        },
        {
            "trade_id": "dee247d2-c099-42d6-98a0-f3be0aa2b915",
            "ticker": "KXHIGHAUS-24NOV03-B88.5",
            "count": 51,
            "created_time": "2024-11-03T22:51:20.164296Z",
            "yes_price": 90,
            "no_price": 10,
            "taker_side": "yes"
        },
        {
            "trade_id": "c64fac63-c0c1-4c26-999d-3c960d5d64b2",
            "ticker": "KXHIGHAUS-24NOV03-B88.5",
            "count": 23,
            "created_time": "2024-11-03T22:49:31.934261Z",
            "yes_price": 90,
            "no_price": 10,
            "taker_side": "yes"
        },
        {
            "trade_id": "00cf3a47-8c56-4ff1-b519-c601c7d429af",
            "ticker": "KXHIGHAUS-24NOV03-B88.5",
            "count": 1,
            "created_time": "2024-11-03T22:49:20.112401Z",
            "yes_price": 90,
            "no_price": 10,
            "taker_side": "yes"
        },
        {
            "trade_id": "fe11d8f8-3165-4268-900e-2ae6da39efae",
            "ticker": "KXHIGHAUS-24NOV03-B88.5",
            "count": 40,
            "created_time": "2024-11-03T22:48:58.817956Z",
            "yes_price": 87,
            "no_price": 13,
            "taker_side": "yes"
        },
        {
            "trade_id": "c7aeb41a-1d84-417f-99eb-984e5eb65acf",
            "ticker": "KXHIGHAUS-24NOV03-B88.5",
            "count": 15,
            "created_time": "2024-11-03T22:48:58.376612Z",
            "yes_price": 87,
            "no_price": 13,
            "taker_side": "no"
        },
        {
            "trade_id": "a3792269-bfff-4982-9c5b-cd9e9d9ae2ab",
            "ticker": "KXHIGHAUS-24NOV03-B88.5",
            "count": 7,
            "created_time": "2024-11-03T22:48:13.388261Z",
            "yes_price": 90,
            "no_price": 10,
            "taker_side": "yes"
        },
        {
            "trade_id": "11a6643a-040d-401b-95d0-134c45a3509b",
            "ticker": "KXHIGHAUS-24NOV03-B88.5",
            "count": 19,
            "created_time": "2024-11-03T22:44:16.230081Z",
            "yes_price": 88,
            "no_price": 12,
            "taker_side": "yes"
        },
        {
            "trade_id": "31661460-403c-4aee-ab64-0dfbf57b4b19",
            "ticker": "KXHIGHAUS-24NOV03-B88.5",
            "count": 33,
            "created_time": "2024-11-03T22:41:45.372844Z",
            "yes_price": 78,
            "no_price": 22,
            "taker_side": "no"
        },
        {
            "trade_id": "93404108-6995-47a6-8b73-9c6c0d6d2b1b",
            "ticker": "KXHIGHAUS-24NOV03-B88.5",
            "count": 100,
            "created_time": "2024-11-03T22:41:35.277592Z",
            "yes_price": 79,
            "no_price": 21,
            "taker_side": "no"
        },
        {
            "trade_id": "342f2399-e18d-4258-abe2-f899c9ca712c",
            "ticker": "KXHIGHAUS-24NOV03-B88.5",
            "count": 200,
            "created_time": "2024-11-03T22:41:19.55769Z",
            "yes_price": 81,
            "no_price": 19,
            "taker_side": "no"
        },
        {
            "trade_id": "b35d14b3-c145-488e-a42e-eac6d38107b9",
            "ticker": "KXHIGHAUS-24NOV03-B88.5",
            "count": 27,
            "created_time": "2024-11-03T22:40:29.945964Z",
            "yes_price": 86,
            "no_price": 14,
            "taker_side": "no"
        },
        {
            "trade_id": "d2f6201b-6e8e-4da3-b4c8-e20232057631",
            "ticker": "KXHIGHAUS-24NOV03-B88.5",
            "count": 40,
            "created_time": "2024-11-03T22:39:44.898308Z",
            "yes_price": 86,
            "no_price": 14,
            "taker_side": "yes"
        },
        {
            "trade_id": "8e872661-f191-454b-99ba-a8c9b0affce1",
            "ticker": "KXHIGHAUS-24NOV03-B88.5",
            "count": 13,
            "created_time": "2024-11-03T22:39:44.898308Z",
            "yes_price": 89,
            "no_price": 11,
            "taker_side": "yes"
        },
        {
            "trade_id": "126a6aa2-2f4b-4623-8d5f-117415824139",
            "ticker": "KXHIGHAUS-24NOV03-B88.5",
            "count": 3,
            "created_time": "2024-11-03T22:39:44.898308Z",
            "yes_price": 90,
            "no_price": 10,
            "taker_side": "yes"
        },
        {
            "trade_id": "6908aac5-9ee5-407e-8506-7a1de1d63d4a",
            "ticker": "KXHIGHAUS-24NOV03-B88.5",
            "count": 1,
            "created_time": "2024-11-03T22:34:26.718815Z",
            "yes_price": 85,
            "no_price": 15,
            "taker_side": "yes"
        },
        {
            "trade_id": "75c2cd1f-0f36-4a33-a2f9-f1f36ed53e29",
            "ticker": "KXHIGHAUS-24NOV03-B88.5",
            "count": 14,
            "created_time": "2024-11-03T22:28:43.552669Z",
            "yes_price": 88,
            "no_price": 12,
            "taker_side": "yes"
        },
        {
            "trade_id": "10fcfeb1-dca8-41d3-9a14-e3c9b485dd76",
            "ticker": "KXHIGHAUS-24NOV03-B88.5",
            "count": 18,
            "created_time": "2024-11-03T22:26:09.849819Z",
            "yes_price": 78,
            "no_price": 22,
            "taker_side": "yes"
        },
        {
            "trade_id": "f3ca06af-ba2a-4416-923b-676d347520a5",
            "ticker": "KXHIGHAUS-24NOV03-B88.5",
            "count": 80,
            "created_time": "2024-11-03T22:22:49.43712Z",
            "yes_price": 71,
            "no_price": 29,
            "taker_side": "no"
        },
        {
            "trade_id": "d988b2cb-39a8-4717-92da-4d10caa7a33f",
            "ticker": "KXHIGHAUS-24NOV03-B88.5",
            "count": 55,
            "created_time": "2024-11-03T22:22:49.43712Z",
            "yes_price": 68,
            "no_price": 32,
            "taker_side": "no"
        },
        {
            "trade_id": "c658e6c0-e76b-4d27-837a-294d0004e736",
            "ticker": "KXHIGHAUS-24NOV03-B88.5",
            "count": 22,
            "created_time": "2024-11-03T22:22:49.43712Z",
            "yes_price": 70,
            "no_price": 30,
            "taker_side": "no"
        },
        {
            "trade_id": "e8f5a6ac-5818-42e8-8dfb-56b631af2ca7",
            "ticker": "KXHIGHAUS-24NOV03-B88.5",
            "count": 20,
            "created_time": "2024-11-03T22:22:14.78581Z",
            "yes_price": 67,
            "no_price": 33,
            "taker_side": "no"
        },
        {
            "trade_id": "9b416da7-fae7-4dd9-abaa-ffb2ada64969",
            "ticker": "KXHIGHAUS-24NOV03-B88.5",
            "count": 23,
            "created_time": "2024-11-03T22:21:57.485663Z",
            "yes_price": 80,
            "no_price": 20,
            "taker_side": "yes"
        },
        {
            "trade_id": "9570cbc7-a491-400c-acff-bf90e2691d63",
            "ticker": "KXHIGHAUS-24NOV03-B88.5",
            "count": 19,
            "created_time": "2024-11-03T22:21:57.485663Z",
            "yes_price": 77,
            "no_price": 23,
            "taker_side": "yes"
        },
        {
            "trade_id": "dcde9cd4-ad44-4d68-b0cf-090c13926b0a",
            "ticker": "KXHIGHAUS-24NOV03-B88.5",
            "count": 1,
            "created_time": "2024-11-03T22:21:28.963994Z",
            "yes_price": 69,
            "no_price": 31,
            "taker_side": "yes"
        },
        {
            "trade_id": "3957b1dd-98b9-4be8-8f62-6fa41a35191c",
            "ticker": "KXHIGHAUS-24NOV03-B88.5",
            "count": 1,
            "created_time": "2024-11-03T22:21:05.2859Z",
            "yes_price": 65,
            "no_price": 35,
            "taker_side": "yes"
        },
        {
            "trade_id": "f093b611-e65a-4880-95d8-c771f28a674a",
            "ticker": "KXHIGHAUS-24NOV03-B88.5",
            "count": 1,
            "created_time": "2024-11-03T22:20:43.688057Z",
            "yes_price": 63,
            "no_price": 37,
            "taker_side": "yes"
        },
        {
            "trade_id": "1c4e7ecf-3e34-4f4b-a266-b793566477d9",
            "ticker": "KXHIGHAUS-24NOV03-B88.5",
            "count": 17,
            "created_time": "2024-11-03T22:20:37.876371Z",
            "yes_price": 78,
            "no_price": 22,
            "taker_side": "yes"
        },
        {
            "trade_id": "f81aa554-7885-496d-b6c2-a46cfbc8b366",
            "ticker": "KXHIGHAUS-24NOV03-B88.5",
            "count": 354,
            "created_time": "2024-11-03T22:19:30.180731Z",
            "yes_price": 66,
            "no_price": 34,
            "taker_side": "yes"
        },
        {
            "trade_id": "2827ce41-c2b7-4190-99d3-fdba4b1b92ba",
            "ticker": "KXHIGHAUS-24NOV03-B88.5",
            "count": 4,
            "created_time": "2024-11-03T22:19:25.34626Z",
            "yes_price": 66,
            "no_price": 34,
            "taker_side": "no"
        },
        {
            "trade_id": "02bcdcc6-f132-4762-8aaa-b6c5792648b9",
            "ticker": "KXHIGHAUS-24NOV03-B88.5",
            "count": 19,
            "created_time": "2024-11-03T22:18:59.60914Z",
            "yes_price": 66,
            "no_price": 34,
            "taker_side": "no"
        },
        {
            "trade_id": "612ed227-1773-4f42-b50e-1ee5121ce6a4",
            "ticker": "KXHIGHAUS-24NOV03-B88.5",
            "count": 15,
            "created_time": "2024-11-03T22:17:55.169122Z",
            "yes_price": 78,
            "no_price": 22,
            "taker_side": "yes"
        },
        {
            "trade_id": "5d46aed6-1195-41ae-9595-eb93288759f9",
            "ticker": "KXHIGHAUS-24NOV03-B88.5",
            "count": 33,
            "created_time": "2024-11-03T22:17:54.005001Z",
            "yes_price": 73,
            "no_price": 27,
            "taker_side": "yes"
        },
        {
            "trade_id": "82fd6a51-3525-4280-9920-aaad36ae7154",
            "ticker": "KXHIGHAUS-24NOV03-B88.5",
            "count": 100,
            "created_time": "2024-11-03T22:17:44.391919Z",
            "yes_price": 55,
            "no_price": 45,
            "taker_side": "no"
        },
        {
            "trade_id": "9e067c72-d07d-400e-89f5-58a6f667f555",
            "ticker": "KXHIGHAUS-24NOV03-B88.5",
            "count": 9,
            "created_time": "2024-11-03T22:17:42.926478Z",
            "yes_price": 77,
            "no_price": 23,
            "taker_side": "yes"
        },
        {
            "trade_id": "cd966f56-aaef-4e1f-a028-57d53e9f1df1",
            "ticker": "KXHIGHAUS-24NOV03-B88.5",
            "count": 12,
            "created_time": "2024-11-03T22:17:27.497327Z",
            "yes_price": 72,
            "no_price": 28,
            "taker_side": "yes"
        },
        {
            "trade_id": "026ac4da-379e-4150-881b-afbdab9ddbe1",
            "ticker": "KXHIGHAUS-24NOV03-B88.5",
            "count": 2800,
            "created_time": "2024-11-03T22:17:15.795811Z",
            "yes_price": 53,
            "no_price": 47,
            "taker_side": "yes"
        },
        {
            "trade_id": "84331a4e-5871-40c4-bb0e-d96e96045e6c",
            "ticker": "KXHIGHAUS-24NOV03-B88.5",
            "count": 36,
            "created_time": "2024-11-03T22:16:17.044307Z",
            "yes_price": 32,
            "no_price": 68,
            "taker_side": "no"
        },
        {
            "trade_id": "074e6ce5-c38f-4fe6-a4cc-abe4041dbae4",
            "ticker": "KXHIGHAUS-24NOV03-B88.5",
            "count": 200,
            "created_time": "2024-11-03T22:16:02.672747Z",
            "yes_price": 53,
            "no_price": 47,
            "taker_side": "no"
        },
        {
            "trade_id": "bd3ebc47-f571-4c40-8813-b1005a6e6bab",
            "ticker": "KXHIGHAUS-24NOV03-B88.5",
            "count": 12,
            "created_time": "2024-11-03T22:12:55.134847Z",
            "yes_price": 65,
            "no_price": 35,
            "taker_side": "yes"
        },
        {
            "trade_id": "95788e7f-05f2-410a-8f98-6a5a356c7b64",
            "ticker": "KXHIGHAUS-24NOV03-B88.5",
            "count": 29,
            "created_time": "2024-11-03T22:12:46.015581Z",
            "yes_price": 56,
            "no_price": 44,
            "taker_side": "no"
        },
        {
            "trade_id": "718d9bba-f678-47b2-b59a-f1b6cb2d9ff0",
            "ticker": "KXHIGHAUS-24NOV03-B88.5",
            "count": 100,
            "created_time": "2024-11-03T22:12:01.851987Z",
            "yes_price": 56,
            "no_price": 44,
            "taker_side": "no"
        },
        {
            "trade_id": "8252bdeb-51d5-4cf2-a3ec-3768a0413e59",
            "ticker": "KXHIGHAUS-24NOV03-B88.5",
            "count": 38,
            "created_time": "2024-11-03T22:10:15.477608Z",
            "yes_price": 56,
            "no_price": 44,
            "taker_side": "no"
        },
        {
            "trade_id": "06efe43c-e9e3-464d-823c-e22c0808f5ac",
            "ticker": "KXHIGHAUS-24NOV03-B88.5",
            "count": 76,
            "created_time": "2024-11-03T22:10:12.500458Z",
            "yes_price": 65,
            "no_price": 35,
            "taker_side": "no"
        },
        {
            "trade_id": "c8cc3a41-963f-4b5c-9fc3-b3e8ed72bc4f",
            "ticker": "KXHIGHAUS-24NOV03-B88.5",
            "count": 12,
            "created_time": "2024-11-03T22:10:12.498851Z",
            "yes_price": 65,
            "no_price": 35,
            "taker_side": "no"
        },
        {
            "trade_id": "a450ca33-f39f-427a-acf4-d3fe4fe096b7",
            "ticker": "KXHIGHAUS-24NOV03-B88.5",
            "count": 1,
            "created_time": "2024-11-03T22:10:10.295817Z",
            "yes_price": 72,
            "no_price": 28,
            "taker_side": "yes"
        },
        {
            "trade_id": "9d67c036-3732-4fc6-af2e-cd4a2a57e07e",
            "ticker": "KXHIGHAUS-24NOV03-B88.5",
            "count": 39,
            "created_time": "2024-11-03T22:07:01.406982Z",
            "yes_price": 70,
            "no_price": 30,
            "taker_side": "no"
        },
        {
            "trade_id": "9eec25f0-309f-421a-955b-7356b722d6fc",
            "ticker": "KXHIGHAUS-24NOV03-B88.5",
            "count": 40,
            "created_time": "2024-11-03T22:06:47.439935Z",
            "yes_price": 70,
            "no_price": 30,
            "taker_side": "no"
        },
        {
            "trade_id": "19bcf6f5-b126-4ab8-af6b-a91cb48bccf9",
