{
    "KXHIGHAUS-24DEC31-T62": [
        {
            "trade_id": "76665b55-9988-4219-a5ce-2d3b83c29a73",
            "ticker": "KXHIGHAUS-24DEC31-T62",
            "count": 1,
            "created_time": "2024-12-31T22:21:45.837978Z",
            "yes_price": 1,
            "no_price": 99,
            "taker_side": "yes"
        },
        {
            "trade_id": "2c9a5b4e-afba-4c22-a8c4-f3e14e578e3c",
            "ticker": "KXHIGHAUS-24DEC31-T62",
            "count": 49,
            "created_time": "2024-12-30T18:49:24.565981Z",
            "yes_price": 4,
            "no_price": 96,
            "taker_side": "yes"
        }
    ],
    "KXHIGHAUS-24DEC31-B62.5": [
        {
            "trade_id": "081e89a4-db99-476a-9b02-3d304d12b44b",
            "ticker": "KXHIGHAUS-24DEC31-B62.5",
            "count": 52,
            "created_time": "2024-12-30T20:26:26.706197Z",
            "yes_price": 9,
            "no_price": 91,
            "taker_side": "yes"
        },
        {
            "trade_id": "84190154-6c5b-4504-97a6-71e1aa4802e1",
            "ticker": "KXHIGHAUS-24DEC31-B62.5",
            "count": 30,
            "created_time": "2024-12-30T18:49:17.666332Z",
            "yes_price": 7,
            "no_price": 93,
            "taker_side": "yes"
        }
    ],
    "KXHIGHAUS-24DEC31-B64.5": [
        {
            "trade_id": "213a4e08-4ea9-4c83-84ae-3b87e546bae1",
            "ticker": "KXHIGHAUS-24DEC31-B64.5",
            "count": 1167,
            "created_time": "2025-01-01T04:50:51.080145Z",
            "yes_price": 1,
            "no_price": 99,
            "taker_side": "yes"
        },
        {
            "trade_id": "67a9c2e8-3d82-4d33-a65b-7cae02cb2a28",
            "ticker": "KXHIGHAUS-24DEC31-B64.5",
            "count": 9,
            "created_time": "2024-12-31T23:46:08.017199Z",
            "yes_price": 1,
            "no_price": 99,
            "taker_side": "yes"
        },
        {
            "trade_id": "a568e0ee-1d9c-4a0b-a170-7a6b8279e858",
            "ticker": "KXHIGHAUS-24DEC31-B64.5",
            "count": 935,
            "created_time": "2024-12-31T20:39:19.404872Z",
            "yes_price": 1,
            "no_price": 99,
            "taker_side": "yes"
        },
        {
            "trade_id": "c8963460-6427-40dc-8073-99d5713cfd2c",
            "ticker": "KXHIGHAUS-24DEC31-B64.5",
            "count": 108,
            "created_time": "2024-12-31T18:33:35.371697Z",
            "yes_price": 1,
            "no_price": 99,
            "taker_side": "yes"
        },
        {
            "trade_id": "2bff0dd1-1541-469a-bf2a-802b298a8969",
            "ticker": "KXHIGHAUS-24DEC31-B64.5",
            "count": 31,
            "created_time": "2024-12-31T17:50:22.442679Z",
            "yes_price": 3,
            "no_price": 97,
            "taker_side": "yes"
        },
        {
            "trade_id": "8607d9f6-99e6-4d23-85eb-cb2cf77488d8",
            "ticker": "KXHIGHAUS-24DEC31-B64.5",
            "count": 25,
            "created_time": "2024-12-31T17:46:02.761322Z",
            "yes_price": 1,
            "no_price": 99,
            "taker_side": "no"
        },
        {
            "trade_id": "ec5a1eaa-7090-4874-827f-8844620d1964",
            "ticker": "KXHIGHAUS-24DEC31-B64.5",
            "count": 75,
            "created_time": "2024-12-31T17:38:10.252674Z",
            "yes_price": 3,
            "no_price": 97,
            "taker_side": "yes"
        },
        {
            "trade_id": "e2936719-a772-4a81-9815-acb36818b80d",
            "ticker": "KXHIGHAUS-24DEC31-B64.5",
            "count": 80,
            "created_time": "2024-12-31T17:38:10.252674Z",
            "yes_price": 3,
            "no_price": 97,
            "taker_side": "yes"
        },
        {
            "trade_id": "e97d61d8-bf64-4a7f-9b43-cf0aff1b6e30",
            "ticker": "KXHIGHAUS-24DEC31-B64.5",
            "count": 9,
            "created_time": "2024-12-31T17:34:41.939442Z",
            "yes_price": 2,
            "no_price": 98,
            "taker_side": "yes"
        },
        {
            "trade_id": "1a41e4e0-23c2-423a-9baa-bf262ef91c9f",
            "ticker": "KXHIGHAUS-24DEC31-B64.5",
            "count": 87,
            "created_time": "2024-12-31T17:34:41.939442Z",
            "yes_price": 3,
            "no_price": 97,
            "taker_side": "yes"
        },
        {
            "trade_id": "e2eed658-b5cb-4b5c-a009-ebe9741ebe9b",
            "ticker": "KXHIGHAUS-24DEC31-B64.5",
            "count": 20,
            "created_time": "2024-12-31T17:27:01.126335Z",
            "yes_price": 2,
            "no_price": 98,
            "taker_side": "no"
        },
        {
            "trade_id": "3ecdb2f9-9b3e-45e6-aed6-621bbd8810f7",
            "ticker": "KXHIGHAUS-24DEC31-B64.5",
            "count": 5,
            "created_time": "2024-12-31T17:22:47.214898Z",
            "yes_price": 3,
            "no_price": 97,
            "taker_side": "yes"
        },
        {
            "trade_id": "acb02db4-4b7d-46b9-8db5-5220fef0e562",
            "ticker": "KXHIGHAUS-24DEC31-B64.5",
            "count": 2,
            "created_time": "2024-12-31T17:14:36.928586Z",
            "yes_price": 5,
            "no_price": 95,
            "taker_side": "yes"
        },
        {
            "trade_id": "2b0ca810-9f2e-4460-9ac4-b656fcc0e147",
            "ticker": "KXHIGHAUS-24DEC31-B64.5",
            "count": 4,
            "created_time": "2024-12-31T17:14:30.401764Z",
            "yes_price": 5,
            "no_price": 95,
            "taker_side": "yes"
        },
        {
            "trade_id": "3c9ce7a3-5485-4301-9d52-03900aaac241",
            "ticker": "KXHIGHAUS-24DEC31-B64.5",
            "count": 21,
            "created_time": "2024-12-31T17:14:12.872385Z",
            "yes_price": 2,
            "no_price": 98,
            "taker_side": "no"
        },
        {
            "trade_id": "8cd97c20-3b3b-493b-a8e6-d69297d4a430",
            "ticker": "KXHIGHAUS-24DEC31-B64.5",
            "count": 269,
            "created_time": "2024-12-31T17:12:55.629827Z",
            "yes_price": 6,
            "no_price": 94,
            "taker_side": "yes"
        },
        {
            "trade_id": "7216ee68-cc3c-445c-9cb0-7e71d1ec18f0",
            "ticker": "KXHIGHAUS-24DEC31-B64.5",
            "count": 5,
            "created_time": "2024-12-31T17:00:22.056789Z",
            "yes_price": 1,
            "no_price": 99,
            "taker_side": "no"
        },
        {
            "trade_id": "ed4a4e5d-e58b-42dd-a5f3-111e2af9f29a",
            "ticker": "KXHIGHAUS-24DEC31-B64.5",
            "count": 417,
            "created_time": "2024-12-31T16:58:48.434049Z",
            "yes_price": 1,
            "no_price": 99,
            "taker_side": "yes"
        },
        {
            "trade_id": "d6bd0615-ba36-48c6-8eb6-cff667f65845",
            "ticker": "KXHIGHAUS-24DEC31-B64.5",
            "count": 5,
            "created_time": "2024-12-31T16:58:39.521392Z",
            "yes_price": 2,
            "no_price": 98,
            "taker_side": "no"
        },
        {
            "trade_id": "a7df078e-d474-44fc-9c32-4471ff6b452e",
            "ticker": "KXHIGHAUS-24DEC31-B64.5",
            "count": 151,
            "created_time": "2024-12-31T16:58:19.100452Z",
            "yes_price": 1,
            "no_price": 99,
            "taker_side": "no"
        },
        {
            "trade_id": "ff7e96b1-b496-4d5a-9a43-66b6982ec173",
            "ticker": "KXHIGHAUS-24DEC31-B64.5",
            "count": 50,
            "created_time": "2024-12-31T16:58:13.235916Z",
            "yes_price": 2,
            "no_price": 98,
            "taker_side": "no"
        },
        {
            "trade_id": "d638f8b6-25cd-4d96-9a45-3e61e0d53a91",
            "ticker": "KXHIGHAUS-24DEC31-B64.5",
            "count": 5,
            "created_time": "2024-12-31T16:58:13.235916Z",
            "yes_price": 1,
            "no_price": 99,
            "taker_side": "no"
        },
        {
            "trade_id": "c7c3db53-295a-42a1-90f8-708f2cce980b",
            "ticker": "KXHIGHAUS-24DEC31-B64.5",
            "count": 3,
            "created_time": "2024-12-31T16:58:13.235916Z",
            "yes_price": 4,
            "no_price": 96,
            "taker_side": "no"
        },
        {
            "trade_id": "befaf30b-1348-492a-981e-8146bd928a01",
            "ticker": "KXHIGHAUS-24DEC31-B64.5",
            "count": 151,
            "created_time": "2024-12-31T16:58:13.235916Z",
            "yes_price": 1,
            "no_price": 99,
            "taker_side": "no"
        },
        {
            "trade_id": "66e1bc91-5187-4315-af41-0201cd5922a1",
            "ticker": "KXHIGHAUS-24DEC31-B64.5",
            "count": 31,
            "created_time": "2024-12-31T16:55:25.004568Z",
            "yes_price": 6,
            "no_price": 94,
            "taker_side": "yes"
        },
        {
            "trade_id": "c7975d3c-82c5-4295-9656-e669f5cdf2be",
            "ticker": "KXHIGHAUS-24DEC31-B64.5",
            "count": 745,
            "created_time": "2024-12-31T16:48:19.879398Z",
            "yes_price": 6,
            "no_price": 94,
            "taker_side": "yes"
        },
        {
            "trade_id": "a9294ecd-3030-4a80-a79d-7920c2f469fd",
            "ticker": "KXHIGHAUS-24DEC31-B64.5",
            "count": 35,
            "created_time": "2024-12-31T16:48:19.879398Z",
            "yes_price": 6,
            "no_price": 94,
            "taker_side": "yes"
        },
        {
            "trade_id": "a465ede2-5c1a-4862-afac-44f08c1997da",
            "ticker": "KXHIGHAUS-24DEC31-B64.5",
            "count": 2,
            "created_time": "2024-12-31T16:48:19.879398Z",
            "yes_price": 5,
            "no_price": 95,
            "taker_side": "yes"
        },
        {
            "trade_id": "802006b9-f311-4cee-b8d4-e93284728245",
            "ticker": "KXHIGHAUS-24DEC31-B64.5",
            "count": 16,
            "created_time": "2024-12-31T16:47:49.281147Z",
            "yes_price": 5,
            "no_price": 95,
            "taker_side": "yes"
        },
        {
            "trade_id": "c0ad2894-fe99-48cf-8585-56ab79cbdbd2",
            "ticker": "KXHIGHAUS-24DEC31-B64.5",
            "count": 66,
            "created_time": "2024-12-31T16:40:33.652963Z",
            "yes_price": 5,
            "no_price": 95,
            "taker_side": "yes"
        },
        {
            "trade_id": "48607243-e03d-46d1-9d4c-acd3dca871b2",
            "ticker": "KXHIGHAUS-24DEC31-B64.5",
            "count": 4,
            "created_time": "2024-12-31T16:40:33.652963Z",
            "yes_price": 4,
            "no_price": 96,
            "taker_side": "yes"
        },
        {
            "trade_id": "c21e42c2-ca6e-4bb0-8898-44f066db5b87",
            "ticker": "KXHIGHAUS-24DEC31-B64.5",
            "count": 11,
            "created_time": "2024-12-31T16:39:53.056578Z",
            "yes_price": 4,
            "no_price": 96,
            "taker_side": "yes"
        },
        {
            "trade_id": "e80971a6-75f8-4812-a574-0190c1f8e041",
            "ticker": "KXHIGHAUS-24DEC31-B64.5",
            "count": 28,
            "created_time": "2024-12-31T16:34:04.577094Z",
            "yes_price": 4,
            "no_price": 96,
            "taker_side": "yes"
        },
        {
            "trade_id": "4e35db93-2afe-4768-b739-4352762c7756",
            "ticker": "KXHIGHAUS-24DEC31-B64.5",
            "count": 190,
            "created_time": "2024-12-31T16:34:04.577094Z",
            "yes_price": 4,
            "no_price": 96,
            "taker_side": "yes"
        },
        {
            "trade_id": "ad568c40-8ddc-46be-95a6-9f98b8884161",
            "ticker": "KXHIGHAUS-24DEC31-B64.5",
            "count": 5,
            "created_time": "2024-12-31T16:29:14.896522Z",
            "yes_price": 2,
            "no_price": 98,
            "taker_side": "no"
        },
        {
            "trade_id": "0899dcd1-2737-4dde-beab-e9da195e1a85",
            "ticker": "KXHIGHAUS-24DEC31-B64.5",
            "count": 53,
            "created_time": "2024-12-31T16:13:41.313488Z",
            "yes_price": 2,
            "no_price": 98,
            "taker_side": "no"
        },
        {
            "trade_id": "f0208e77-7738-417e-9170-18376dadd639",
            "ticker": "KXHIGHAUS-24DEC31-B64.5",
            "count": 18,
            "created_time": "2024-12-31T16:06:32.819201Z",
            "yes_price": 5,
            "no_price": 95,
            "taker_side": "no"
        },
        {
            "trade_id": "7d8ed04d-9c03-4956-983c-38043f9a230b",
            "ticker": "KXHIGHAUS-24DEC31-B64.5",
            "count": 18,
            "created_time": "2024-12-31T16:06:32.562212Z",
            "yes_price": 5,
            "no_price": 95,
            "taker_side": "no"
        },
        {
            "trade_id": "c8f7f74d-4984-4ee6-82a6-675e38f206c2",
            "ticker": "KXHIGHAUS-24DEC31-B64.5",
            "count": 25,
            "created_time": "2024-12-31T16:04:55.283512Z",
            "yes_price": 2,
            "no_price": 98,
            "taker_side": "no"
        },
        {
            "trade_id": "93eaf8eb-9f7a-4657-b5b1-094967144c8b",
            "ticker": "KXHIGHAUS-24DEC31-B64.5",
            "count": 14,
            "created_time": "2024-12-31T16:03:07.893569Z",
            "yes_price": 2,
            "no_price": 98,
            "taker_side": "no"
        },
        {
            "trade_id": "e7588a87-4589-4905-823d-d7628ae1fc44",
            "ticker": "KXHIGHAUS-24DEC31-B64.5",
            "count": 18,
            "created_time": "2024-12-31T15:57:55.914455Z",
            "yes_price": 4,
            "no_price": 96,
            "taker_side": "no"
        },
        {
            "trade_id": "d68d36ea-3c09-43db-8d29-1254b948d58e",
            "ticker": "KXHIGHAUS-24DEC31-B64.5",
            "count": 159,
            "created_time": "2024-12-31T15:53:27.115961Z",
            "yes_price": 4,
            "no_price": 96,
            "taker_side": "no"
        },
        {
            "trade_id": "bccfedb7-16e2-41e5-8345-545ee4268e43",
            "ticker": "KXHIGHAUS-24DEC31-B64.5",
            "count": 100,
            "created_time": "2024-12-31T15:53:27.115961Z",
            "yes_price": 3,
            "no_price": 97,
            "taker_side": "no"
        },
        {
            "trade_id": "8fb5dd35-4ba3-44be-abe9-604e237c6f83",
            "ticker": "KXHIGHAUS-24DEC31-B64.5",
            "count": 41,
            "created_time": "2024-12-31T15:53:27.115961Z",
            "yes_price": 3,
            "no_price": 97,
            "taker_side": "no"
        },
        {
            "trade_id": "49261b49-c20b-4a47-ab30-321b5036a692",
            "ticker": "KXHIGHAUS-24DEC31-B64.5",
            "count": 9,
            "created_time": "2024-12-31T15:42:27.72941Z",
            "yes_price": 5,
            "no_price": 95,
            "taker_side": "no"
        },
        {
            "trade_id": "d597d394-5eda-4e8a-a001-6dbfe52d931b",
            "ticker": "KXHIGHAUS-24DEC31-B64.5",
            "count": 138,
            "created_time": "2024-12-31T15:42:22.598429Z",
            "yes_price": 5,
            "no_price": 95,
            "taker_side": "no"
        },
        {
            "trade_id": "d40b4e7e-4ebc-45cd-a607-8e49355ea9ec",
            "ticker": "KXHIGHAUS-24DEC31-B64.5",
            "count": 700,
            "created_time": "2024-12-31T15:39:29.794268Z",
            "yes_price": 9,
            "no_price": 91,
            "taker_side": "yes"
        },
        {
            "trade_id": "b1b80dc0-4ac2-4185-bd5d-5578b4ef6b0f",
            "ticker": "KXHIGHAUS-24DEC31-B64.5",
            "count": 2,
            "created_time": "2024-12-31T15:39:29.794268Z",
            "yes_price": 9,
            "no_price": 91,
            "taker_side": "yes"
        },
        {
            "trade_id": "193b1097-8f10-442c-9dff-3c99ccc18b89",
            "ticker": "KXHIGHAUS-24DEC31-B64.5",
            "count": 195,
            "created_time": "2024-12-31T15:39:29.794268Z",
            "yes_price": 9,
            "no_price": 91,
            "taker_side": "yes"
        },
        {
            "trade_id": "1927c37d-4594-4f76-ab9a-4e330a274c3c",
            "ticker": "KXHIGHAUS-24DEC31-B64.5",
            "count": 10,
            "created_time": "2024-12-31T15:39:29.794268Z",
            "yes_price": 6,
            "no_price": 94,
            "taker_side": "yes"
        },
        {
            "trade_id": "002c5670-39fb-4823-a955-78fd63981e5c",
            "ticker": "KXHIGHAUS-24DEC31-B64.5",
            "count": 93,
            "created_time": "2024-12-31T15:39:29.794268Z",
            "yes_price": 7,
            "no_price": 93,
            "taker_side": "yes"
        },
        {
            "trade_id": "f3695f7c-5d78-4863-b531-3f0267e4e7bd",
            "ticker": "KXHIGHAUS-24DEC31-B64.5",
            "count": 1334,
            "created_time": "2024-12-31T15:37:03.862656Z",
            "yes_price": 7,
            "no_price": 93,
            "taker_side": "yes"
        },
        {
            "trade_id": "01d1417c-0200-4c73-bfec-129eb09d92bf",
            "ticker": "KXHIGHAUS-24DEC31-B64.5",
            "count": 16,
            "created_time": "2024-12-31T15:37:03.862656Z",
            "yes_price": 6,
            "no_price": 94,
            "taker_side": "yes"
        },
        {
            "trade_id": "cd895f9a-f1f3-4526-8199-a610b1f620e6",
            "ticker": "KXHIGHAUS-24DEC31-B64.5",
            "count": 60,
            "created_time": "2024-12-31T15:36:18.213247Z",
            "yes_price": 5,
            "no_price": 95,
            "taker_side": "yes"
        },
        {
            "trade_id": "427ddcff-d88c-4830-be4e-a3edddad6411",
            "ticker": "KXHIGHAUS-24DEC31-B64.5",
            "count": 240,
            "created_time": "2024-12-31T15:36:18.213247Z",
            "yes_price": 5,
            "no_price": 95,
            "taker_side": "yes"
        },
        {
            "trade_id": "c3f4bd2d-e28b-4166-b535-25f3f34da815",
            "ticker": "KXHIGHAUS-24DEC31-B64.5",
            "count": 1000,
            "created_time": "2024-12-31T15:35:48.657616Z",
            "yes_price": 5,
            "no_price": 95,
            "taker_side": "yes"
        },
        {
            "trade_id": "89b2f08b-ed3a-43da-827a-65ca450cb871",
            "ticker": "KXHIGHAUS-24DEC31-B64.5",
            "count": 500,
            "created_time": "2024-12-31T15:35:48.657616Z",
            "yes_price": 5,
            "no_price": 95,
            "taker_side": "yes"
        },
        {
            "trade_id": "f7ba9b8d-305c-495b-b0ad-0b335b377397",
            "ticker": "KXHIGHAUS-24DEC31-B64.5",
            "count": 67,
            "created_time": "2024-12-31T14:54:59.258995Z",
            "yes_price": 6,
            "no_price": 94,
            "taker_side": "yes"
        },
        {
            "trade_id": "8348babe-9bd3-4b65-a9d5-a292d40bdbcb",
            "ticker": "KXHIGHAUS-24DEC31-B64.5",
            "count": 13,
            "created_time": "2024-12-31T14:54:59.258995Z",
            "yes_price": 5,
            "no_price": 95,
            "taker_side": "yes"
        },
        {
            "trade_id": "e9963ff1-c3ec-44ff-abef-ed4fbb034849",
            "ticker": "KXHIGHAUS-24DEC31-B64.5",
            "count": 100,
            "created_time": "2024-12-31T14:54:06.943115Z",
            "yes_price": 4,
            "no_price": 96,
            "taker_side": "no"
        },
        {
            "trade_id": "aec722bb-85cd-4a5e-b0f6-bbcac6af9650",
            "ticker": "KXHIGHAUS-24DEC31-B64.5",
            "count": 3,
            "created_time": "2024-12-31T14:54:06.943115Z",
            "yes_price": 4,
            "no_price": 96,
            "taker_side": "no"
        },
        {
            "trade_id": "db2e09f4-7994-496e-9c60-18a87080dea8",
            "ticker": "KXHIGHAUS-24DEC31-B64.5",
            "count": 84,
            "created_time": "2024-12-31T14:51:35.219996Z",
            "yes_price": 5,
            "no_price": 95,
            "taker_side": "yes"
        },
        {
            "trade_id": "fc6401e7-0140-4de1-a022-ea60496f6daf",
            "ticker": "KXHIGHAUS-24DEC31-B64.5",
            "count": 2,
            "created_time": "2024-12-31T14:24:14.089743Z",
            "yes_price": 7,
            "no_price": 93,
            "taker_side": "yes"
        },
        {
            "trade_id": "c7024d67-33c2-4c78-ac32-d98253e8b4e5",
            "ticker": "KXHIGHAUS-24DEC31-B64.5",
            "count": 132,
            "created_time": "2024-12-31T14:24:14.089743Z",
            "yes_price": 7,
            "no_price": 93,
            "taker_side": "yes"
        },
        {
            "trade_id": "766bbd1d-eed7-48f9-8e3b-e4aef98ec73d",
            "ticker": "KXHIGHAUS-24DEC31-B64.5",
            "count": 5,
            "created_time": "2024-12-31T14:24:07.304273Z",
            "yes_price": 5,
            "no_price": 95,
            "taker_side": "no"
        },
        {
            "trade_id": "da6fd694-6946-429d-998a-555d3ad2737f",
            "ticker": "KXHIGHAUS-24DEC31-B64.5",
            "count": 15,
            "created_time": "2024-12-31T14:18:30.509406Z",
            "yes_price": 6,
            "no_price": 94,
            "taker_side": "no"
        },
        {
            "trade_id": "c1ebeb0b-ac99-445f-8865-e01e101a4b03",
            "ticker": "KXHIGHAUS-24DEC31-B64.5",
            "count": 359,
            "created_time": "2024-12-31T14:00:57.044732Z",
            "yes_price": 7,
            "no_price": 93,
            "taker_side": "no"
        },
        {
            "trade_id": "79ce65e9-7ab3-4f96-a331-8607c50bbad3",
            "ticker": "KXHIGHAUS-24DEC31-B64.5",
            "count": 31,
            "created_time": "2024-12-31T14:00:57.044732Z",
            "yes_price": 7,
            "no_price": 93,
            "taker_side": "no"
        },
        {
            "trade_id": "ca4f34d7-2ae5-40ea-bf21-f01c02fd25a3",
            "ticker": "KXHIGHAUS-24DEC31-B64.5",
            "count": 108,
            "created_time": "2024-12-31T13:47:57.53473Z",
            "yes_price": 8,
            "no_price": 92,
            "taker_side": "no"
        },
        {
            "trade_id": "ed1dbd32-d01c-4c96-8f47-32d25422cf4d",
            "ticker": "KXHIGHAUS-24DEC31-B64.5",
            "count": 51,
            "created_time": "2024-12-31T13:35:24.022643Z",
            "yes_price": 7,
            "no_price": 93,
            "taker_side": "yes"
        },
        {
            "trade_id": "ab16f53e-3b89-49dd-8993-827c42a13a15",
            "ticker": "KXHIGHAUS-24DEC31-B64.5",
            "count": 18,
            "created_time": "2024-12-31T13:35:24.022643Z",
            "yes_price": 7,
            "no_price": 93,
            "taker_side": "yes"
        },
        {
            "trade_id": "3f801cd8-52b6-4cf7-8919-93df81ef7657",
            "ticker": "KXHIGHAUS-24DEC31-B64.5",
            "count": 10,
            "created_time": "2024-12-31T13:33:04.046118Z",
            "yes_price": 5,
            "no_price": 95,
            "taker_side": "no"
        },
        {
            "trade_id": "e72f29a7-bb35-4ff6-a61c-8492aa813f9f",
            "ticker": "KXHIGHAUS-24DEC31-B64.5",
            "count": 29,
            "created_time": "2024-12-31T13:17:51.928238Z",
            "yes_price": 6,
            "no_price": 94,
            "taker_side": "no"
        },
        {
            "trade_id": "cfb7c22c-17c2-4b4e-96ac-54026bde183e",
            "ticker": "KXHIGHAUS-24DEC31-B64.5",
            "count": 29,
            "created_time": "2024-12-31T13:17:51.845617Z",
            "yes_price": 6,
            "no_price": 94,
            "taker_side": "no"
        },
        {
            "trade_id": "cc1ed81d-20a0-4140-9148-2962a3edf39f",
            "ticker": "KXHIGHAUS-24DEC31-B64.5",
            "count": 2,
            "created_time": "2024-12-31T13:17:45.24402Z",
            "yes_price": 6,
            "no_price": 94,
            "taker_side": "no"
        },
        {
            "trade_id": "3a924613-0714-410e-8b48-122c9ee486a2",
            "ticker": "KXHIGHAUS-24DEC31-B64.5",
            "count": 145,
            "created_time": "2024-12-31T13:12:45.915608Z",
            "yes_price": 7,
            "no_price": 93,
            "taker_side": "no"
        },
        {
            "trade_id": "5e2cffeb-7f76-4eab-9185-8b73a7259409",
            "ticker": "KXHIGHAUS-24DEC31-B64.5",
            "count": 2,
            "created_time": "2024-12-31T13:12:38.223168Z",
            "yes_price": 7,
            "no_price": 93,
            "taker_side": "no"
        },
        {
            "trade_id": "321090ec-fc61-408f-9dad-2aa3f85397cb",
            "ticker": "KXHIGHAUS-24DEC31-B64.5",
            "count": 855,
            "created_time": "2024-12-31T13:12:30.294368Z",
            "yes_price": 9,
            "no_price": 91,
            "taker_side": "no"
        },
        {
            "trade_id": "f8970fd9-9c9c-46a4-ad86-6a67db245859",
            "ticker": "KXHIGHAUS-24DEC31-B64.5",
            "count": 45,
            "created_time": "2024-12-31T13:12:16.323835Z",
            "yes_price": 9,
            "no_price": 91,
            "taker_side": "no"
        },
        {
            "trade_id": "10477de0-1e35-4d67-862b-4fba3d18a4ed",
            "ticker": "KXHIGHAUS-24DEC31-B64.5",
            "count": 3,
            "created_time": "2024-12-31T13:11:20.639653Z",
            "yes_price": 10,
            "no_price": 90,
            "taker_side": "no"
        },
        {
            "trade_id": "c5ccd611-2fa7-4ed2-b74c-84894b824e60",
            "ticker": "KXHIGHAUS-24DEC31-B64.5",
            "count": 2,
            "created_time": "2024-12-31T13:10:54.819625Z",
            "yes_price": 10,
            "no_price": 90,
            "taker_side": "no"
        },
        {
            "trade_id": "a85fe883-090e-4bc2-a02b-d3051afe4bcf",
            "ticker": "KXHIGHAUS-24DEC31-B64.5",
            "count": 20,
            "created_time": "2024-12-31T13:01:43.274033Z",
            "yes_price": 12,
            "no_price": 88,
            "taker_side": "yes"
        },
        {
            "trade_id": "a21c37a0-68b9-47d1-b639-dfc22d064cf7",
            "ticker": "KXHIGHAUS-24DEC31-B64.5",
            "count": 240,
            "created_time": "2024-12-31T13:01:43.274033Z",
            "yes_price": 10,
            "no_price": 90,
            "taker_side": "yes"
        },
        {
            "trade_id": "153eda8e-029c-40de-b86d-a3d5274a0a51",
            "ticker": "KXHIGHAUS-24DEC31-B64.5",
            "count": 240,
            "created_time": "2024-12-31T13:01:43.274033Z",
            "yes_price": 11,
            "no_price": 89,
            "taker_side": "yes"
        },
        {
            "trade_id": "f8b40e16-ac47-4c1a-ae86-5ccf3201425b",
            "ticker": "KXHIGHAUS-24DEC31-B64.5",
            "count": 100,
            "created_time": "2024-12-31T13:00:44.520489Z",
            "yes_price": 9,
            "no_price": 91,
            "taker_side": "no"
        },
        {
            "trade_id": "34f8351a-45ee-45a0-8d35-86d0f99a86aa",
            "ticker": "KXHIGHAUS-24DEC31-B64.5",
            "count": 2,
            "created_time": "2024-12-31T07:38:44.788516Z",
            "yes_price": 12,
            "no_price": 88,
            "taker_side": "no"
        },
        {
            "trade_id": "387eeb74-ec40-4de4-b973-f61dabdcb48a",
            "ticker": "KXHIGHAUS-24DEC31-B64.5",
            "count": 2,
            "created_time": "2024-12-31T07:38:38.415359Z",
            "yes_price": 12,
            "no_price": 88,
            "taker_side": "no"
        },
        {
            "trade_id": "3196414f-b9ff-4425-9d93-ef942c23033a",
            "ticker": "KXHIGHAUS-24DEC31-B64.5",
            "count": 2,
            "created_time": "2024-12-31T07:38:06.108277Z",
            "yes_price": 12,
            "no_price": 88,
            "taker_side": "no"
        },
        {
            "trade_id": "2124f183-e9d9-44b0-93be-d843b5d077c2",
            "ticker": "KXHIGHAUS-24DEC31-B64.5",
            "count": 2,
            "created_time": "2024-12-31T07:37:55.60117Z",
            "yes_price": 12,
            "no_price": 88,
            "taker_side": "no"
        },
        {
            "trade_id": "238db308-6ee2-4d9a-9196-3ed711bea600",
            "ticker": "KXHIGHAUS-24DEC31-B64.5",
            "count": 169,
            "created_time": "2024-12-31T07:37:48.329556Z",
            "yes_price": 12,
            "no_price": 88,
            "taker_side": "no"
        },
        {
            "trade_id": "7c0646c5-7763-4310-9629-39920f7fd36a",
            "ticker": "KXHIGHAUS-24DEC31-B64.5",
            "count": 200,
            "created_time": "2024-12-31T07:36:25.187619Z",
            "yes_price": 12,
            "no_price": 88,
            "taker_side": "no"
        },
        {
            "trade_id": "c40fd395-9562-4469-b177-3b93b70e44c2",
            "ticker": "KXHIGHAUS-24DEC31-B64.5",
            "count": 26,
            "created_time": "2024-12-31T07:30:27.101501Z",
            "yes_price": 12,
            "no_price": 88,
            "taker_side": "no"
        },
        {
            "trade_id": "56ffaf9c-b492-4a6d-ad89-3c19727360bd",
            "ticker": "KXHIGHAUS-24DEC31-B64.5",
            "count": 100,
            "created_time": "2024-12-31T06:54:30.577939Z",
            "yes_price": 9,
            "no_price": 91,
            "taker_side": "no"
        },
        {
            "trade_id": "ea11f9fc-5e51-446a-bfff-f29a8c1a3922",
            "ticker": "KXHIGHAUS-24DEC31-B64.5",
            "count": 49,
            "created_time": "2024-12-31T06:42:26.551172Z",
            "yes_price": 12,
            "no_price": 88,
            "taker_side": "no"
        },
        {
            "trade_id": "4d7f8931-71c3-4c0d-ad49-d28f9f56a3cf",
            "ticker": "KXHIGHAUS-24DEC31-B64.5",
            "count": 95,
            "created_time": "2024-12-31T06:42:26.551172Z",
            "yes_price": 12,
            "no_price": 88,
            "taker_side": "no"
        },
        {
            "trade_id": "10cf4b74-efc9-4428-94cc-b8193c78e8c3",
            "ticker": "KXHIGHAUS-24DEC31-B64.5",
            "count": 240,
            "created_time": "2024-12-31T06:42:22.246784Z",
            "yes_price": 12,
            "no_price": 88,
            "taker_side": "yes"
        },
        {
            "trade_id": "c04794f0-88b1-4bc0-bdd1-b7bd8bc40d70",
            "ticker": "KXHIGHAUS-24DEC31-B64.5",
            "count": 10,
            "created_time": "2024-12-31T06:28:55.023442Z",
            "yes_price": 11,
            "no_price": 89,
            "taker_side": "yes"
        },
        {
            "trade_id": "dbef54b3-a314-4799-af2b-fb155db85efc",
            "ticker": "KXHIGHAUS-24DEC31-B64.5",
            "count": 20,
            "created_time": "2024-12-31T06:10:55.434988Z",
            "yes_price": 11,
            "no_price": 89,
            "taker_side": "yes"
        },
        {
            "trade_id": "902c546a-4021-4fe3-b04e-062d37b78e12",
            "ticker": "KXHIGHAUS-24DEC31-B64.5",
            "count": 1,
            "created_time": "2024-12-31T06:09:46.239534Z",
            "yes_price": 11,
            "no_price": 89,
            "taker_side": "yes"
        },
        {
            "trade_id": "32646db1-f2be-4200-b4ed-51bba6096b24",
            "ticker": "KXHIGHAUS-24DEC31-B64.5",
            "count": 68,
            "created_time": "2024-12-31T06:09:46.239534Z",
            "yes_price": 11,
            "no_price": 89,
            "taker_side": "yes"
        },
        {
            "trade_id": "732a9988-57d4-4cdc-b4b5-0de3bf4ac524",
            "ticker": "KXHIGHAUS-24DEC31-B64.5",
            "count": 33,
            "created_time": "2024-12-31T06:05:55.483185Z",
            "yes_price": 8,
            "no_price": 92,
            "taker_side": "no"
        },
        {
            "trade_id": "434103b5-a739-421f-8ccb-727d67c6e14a",
            "ticker": "KXHIGHAUS-24DEC31-B64.5",
            "count": 207,
            "created_time": "2024-12-31T06:05:55.483185Z",
            "yes_price": 7,
            "no_price": 93,
            "taker_side": "no"
        },
        {
            "trade_id": "a1b08fff-800c-414a-93dd-92bb5ea5082a",
            "ticker": "KXHIGHAUS-24DEC31-B64.5",
            "count": 240,
            "created_time": "2024-12-31T06:05:29.59705Z",
            "yes_price": 8,
            "no_price": 92,
            "taker_side": "no"
        },
        {
            "trade_id": "9e7209b6-0e91-41e1-a684-9e37487183b2",
            "ticker": "KXHIGHAUS-24DEC31-B64.5",
            "count": 44,
            "created_time": "2024-12-31T06:05:03.017525Z",
            "yes_price": 9,
            "no_price": 91,
            "taker_side": "no"
        },
        {
            "trade_id": "0af78f0c-a600-43a3-8c55-fe9aa686a8e6",
            "ticker": "KXHIGHAUS-24DEC31-B64.5",
            "count": 303,
            "created_time": "2024-12-31T06:04:19.025774Z",
            "yes_price": 10,
            "no_price": 90,
            "taker_side": "no"
        },
        {
            "trade_id": "f5cf047a-248d-4557-8224-a4d79255bc90",
            "ticker": "KXHIGHAUS-24DEC31-B64.5",
            "count": 100,
            "created_time": "2024-12-31T05:06:22.609369Z",
            "yes_price": 13,
            "no_price": 87,
            "taker_side": "yes"
        },
        {
            "trade_id": "97b2f5e3-8995-4449-b98c-82234c6d9159",
            "ticker": "KXHIGHAUS-24DEC31-B64.5",
            "count": 160,
            "created_time": "2024-12-31T05:06:22.609369Z",
            "yes_price": 15,
            "no_price": 85,
            "taker_side": "yes"
        },
        {
            "trade_id": "153b670a-dadd-4431-b455-cc45871755be",
            "ticker": "KXHIGHAUS-24DEC31-B64.5",
            "count": 200,
            "created_time": "2024-12-31T05:06:22.609369Z",
            "yes_price": 14,
            "no_price": 86,
            "taker_side": "yes"
        },
        {
            "trade_id": "012d6550-8374-49d3-87d9-bd63d4791289",
            "ticker": "KXHIGHAUS-24DEC31-B64.5",
            "count": 40,
            "created_time": "2024-12-31T05:06:22.609369Z",
            "yes_price": 14,
            "no_price": 86,
            "taker_side": "yes"
        },
        {
            "trade_id": "b40a9564-6333-4f7a-b030-5fb755f29023",
            "ticker": "KXHIGHAUS-24DEC31-B64.5",
            "count": 2,
            "created_time": "2024-12-31T04:44:54.132675Z",
            "yes_price": 11,
            "no_price": 89,
            "taker_side": "yes"
        },
        {
            "trade_id": "230b9fbb-da2b-4dc7-a878-a8498e36de79",
            "ticker": "KXHIGHAUS-24DEC31-B64.5",
            "count": 29,
            "created_time": "2024-12-31T04:44:54.132675Z",
            "yes_price": 12,
            "no_price": 88,
            "taker_side": "yes"
        },
        {
            "trade_id": "49392eff-71f8-43ca-b387-066238f3aaed",
            "ticker": "KXHIGHAUS-24DEC31-B64.5",
            "count": 21,
            "created_time": "2024-12-31T04:43:22.011633Z",
            "yes_price": 12,
            "no_price": 88,
            "taker_side": "yes"
        },
        {
            "trade_id": "fb2e0ae1-957e-480a-932d-8383b06683ed",
            "ticker": "KXHIGHAUS-24DEC31-B64.5",
            "count": 100,
            "created_time": "2024-12-31T04:08:08.718687Z",
            "yes_price": 10,
            "no_price": 90,
            "taker_side": "no"
        },
        {
            "trade_id": "1ecf8a32-1596-4702-a054-8cebd74d7258",
            "ticker": "KXHIGHAUS-24DEC31-B64.5",
            "count": 119,
            "created_time": "2024-12-31T04:08:08.718687Z",
            "yes_price": 9,
            "no_price": 91,
            "taker_side": "no"
        },
        {
            "trade_id": "adcf638f-e78c-488c-bcbe-2ef204e63fed",
            "ticker": "KXHIGHAUS-24DEC31-B64.5",
            "count": 240,
            "created_time": "2024-12-31T04:07:37.856247Z",
            "yes_price": 10,
            "no_price": 90,
            "taker_side": "no"
        },
        {
            "trade_id": "9ba075ef-8e87-49b1-ae8c-80db96b60087",
            "ticker": "KXHIGHAUS-24DEC31-B64.5",
            "count": 200,
            "created_time": "2024-12-31T04:07:37.856247Z",
            "yes_price": 14,
            "no_price": 86,
            "taker_side": "no"
        },
        {
            "trade_id": "44975898-0ec3-4ee7-8ff7-c02c0501f0dd",
            "ticker": "KXHIGHAUS-24DEC31-B64.5",
            "count": 500,
            "created_time": "2024-12-31T04:07:37.856247Z",
            "yes_price": 13,
            "no_price": 87,
            "taker_side": "no"
        },
        {
            "trade_id": "50436198-3b6f-4690-8041-94cca8e29b6c",
            "ticker": "KXHIGHAUS-24DEC31-B64.5",
            "count": 10,
            "created_time": "2024-12-31T03:49:11.902869Z",
            "yes_price": 16,
            "no_price": 84,
            "taker_side": "yes"
        },
        {
            "trade_id": "e4ef3efa-03a5-4614-b1f0-e61caa4d1696",
            "ticker": "KXHIGHAUS-24DEC31-B64.5",
            "count": 5,
            "created_time": "2024-12-31T02:56:37.834784Z",
            "yes_price": 16,
            "no_price": 84,
            "taker_side": "yes"
        },
        {
            "trade_id": "0a3ac1a0-6e3b-450d-9070-f16e7acdab15",
            "ticker": "KXHIGHAUS-24DEC31-B64.5",
            "count": 15,
            "created_time": "2024-12-31T02:18:52.57878Z",
            "yes_price": 15,
            "no_price": 85,
            "taker_side": "no"
        },
        {
            "trade_id": "36264b3d-dd00-4d73-b93d-fc9a8f28bcef",
            "ticker": "KXHIGHAUS-24DEC31-B64.5",
            "count": 5,
            "created_time": "2024-12-31T00:45:21.937606Z",
            "yes_price": 13,
            "no_price": 87,
            "taker_side": "no"
        },
        {
            "trade_id": "1ea4e80a-21ac-4615-a0f5-02881e334783",
            "ticker": "KXHIGHAUS-24DEC31-B64.5",
            "count": 20,
            "created_time": "2024-12-31T00:13:12.017037Z",
            "yes_price": 15,
            "no_price": 85,
            "taker_side": "yes"
        },
        {
            "trade_id": "966c6e68-5ed2-478f-871f-393cca000111",
            "ticker": "KXHIGHAUS-24DEC31-B64.5",
            "count": 26,
            "created_time": "2024-12-30T23:36:45.681863Z",
            "yes_price": 17,
            "no_price": 83,
            "taker_side": "yes"
        },
        {
            "trade_id": "58f33370-5968-4f47-9b17-5feadc3a765f",
            "ticker": "KXHIGHAUS-24DEC31-B64.5",
            "count": 31,
            "created_time": "2024-12-30T23:36:45.681863Z",
            "yes_price": 16,
            "no_price": 84,
            "taker_side": "yes"
        },
        {
            "trade_id": "8cfab39b-7583-4a24-85a3-ee72ffec692d",
            "ticker": "KXHIGHAUS-24DEC31-B64.5",
            "count": 40,
            "created_time": "2024-12-30T23:31:15.26622Z",
            "yes_price": 15,
            "no_price": 85,
            "taker_side": "yes"
        },
        {
            "trade_id": "57368fe4-44d7-4c2d-aa75-21d61d46b1c6",
            "ticker": "KXHIGHAUS-24DEC31-B64.5",
            "count": 100,
            "created_time": "2024-12-30T23:31:15.26622Z",
            "yes_price": 13,
            "no_price": 87,
            "taker_side": "yes"
        },
        {
            "trade_id": "426a42d2-a9fe-4aa3-a240-1d8e02125390",
            "ticker": "KXHIGHAUS-24DEC31-B64.5",
            "count": 20,
            "created_time": "2024-12-30T23:31:15.26622Z",
            "yes_price": 13,
            "no_price": 87,
            "taker_side": "yes"
        },
        {
            "trade_id": "186e4e43-ca8a-4557-b73f-b4f101eab94a",
            "ticker": "KXHIGHAUS-24DEC31-B64.5",
            "count": 200,
            "created_time": "2024-12-30T23:31:15.26622Z",
            "yes_price": 14,
            "no_price": 86,
            "taker_side": "yes"
        },
        {
            "trade_id": "1352f8cb-3b4f-4e20-bfc4-7c63eba2e3c5",
            "ticker": "KXHIGHAUS-24DEC31-B64.5",
            "count": 107,
            "created_time": "2024-12-30T23:31:15.26622Z",
            "yes_price": 12,
            "no_price": 88,
            "taker_side": "yes"
        },
        {
            "trade_id": "097db639-a5fd-470c-8361-142e4322c3b0",
            "ticker": "KXHIGHAUS-24DEC31-B64.5",
            "count": 200,
            "created_time": "2024-12-30T23:31:15.26622Z",
            "yes_price": 15,
            "no_price": 85,
            "taker_side": "yes"
        },
        {
            "trade_id": "e9344e64-e7a3-42b1-9b58-3dc71dc9ee19",
            "ticker": "KXHIGHAUS-24DEC31-B64.5",
            "count": 200,
            "created_time": "2024-12-30T22:50:08.197845Z",
            "yes_price": 10,
            "no_price": 90,
            "taker_side": "no"
        },
        {
            "trade_id": "8757ef82-cdd6-4b16-9c9a-4c5778a98510",
            "ticker": "KXHIGHAUS-24DEC31-B64.5",
            "count": 208,
            "created_time": "2024-12-30T22:50:08.197845Z",
            "yes_price": 9,
            "no_price": 91,
            "taker_side": "no"
        },
        {
            "trade_id": "360498a7-f244-4457-adb4-5fbff48663fe",
            "ticker": "KXHIGHAUS-24DEC31-B64.5",
            "count": 142,
            "created_time": "2024-12-30T22:50:08.197845Z",
            "yes_price": 11,
            "no_price": 89,
            "taker_side": "no"
        },
        {
            "trade_id": "f6a8d56a-6020-4b47-95ba-4956add5671b",
            "ticker": "KXHIGHAUS-24DEC31-B64.5",
            "count": 200,
            "created_time": "2024-12-30T22:44:07.09225Z",
            "yes_price": 13,
            "no_price": 87,
            "taker_side": "yes"
        },
        {
            "trade_id": "cbd54989-9d20-41b3-9871-791692201423",
            "ticker": "KXHIGHAUS-24DEC31-B64.5",
            "count": 100,
            "created_time": "2024-12-30T22:44:07.09225Z",
            "yes_price": 12,
            "no_price": 88,
            "taker_side": "yes"
        },
        {
            "trade_id": "342d5545-80d5-452c-bf31-7c4ec5a489c0",
            "ticker": "KXHIGHAUS-24DEC31-B64.5",
            "count": 240,
            "created_time": "2024-12-30T22:44:07.09225Z",
            "yes_price": 14,
            "no_price": 86,
            "taker_side": "yes"
        },
        {
            "trade_id": "2627371b-3362-4f7a-9425-06e259178f21",
            "ticker": "KXHIGHAUS-24DEC31-B64.5",
            "count": 100,
            "created_time": "2024-12-30T22:44:07.09225Z",
            "yes_price": 12,
            "no_price": 88,
            "taker_side": "yes"
        },
        {
            "trade_id": "b5a560d4-b382-4519-ab0f-807ce7b23675",
            "ticker": "KXHIGHAUS-24DEC31-B64.5",
            "count": 11,
            "created_time": "2024-12-30T22:36:34.982032Z",
            "yes_price": 11,
            "no_price": 89,
            "taker_side": "yes"
        },
        {
            "trade_id": "314564de-d0a0-4ba7-a45a-14060b939b28",
            "ticker": "KXHIGHAUS-24DEC31-B64.5",
            "count": 54,
            "created_time": "2024-12-30T22:36:18.076773Z",
            "yes_price": 11,
            "no_price": 89,
            "taker_side": "yes"
        },
        {
            "trade_id": "ff6c6d5e-3872-404f-9a9b-190bb37be9b6",
            "ticker": "KXHIGHAUS-24DEC31-B64.5",
            "count": 102,
            "created_time": "2024-12-30T22:27:29.821262Z",
            "yes_price": 11,
            "no_price": 89,
            "taker_side": "yes"
        },
        {
            "trade_id": "8e961a92-a75a-4ac2-8cfa-fd56377fb78a",
            "ticker": "KXHIGHAUS-24DEC31-B64.5",
            "count": 20,
            "created_time": "2024-12-30T22:03:17.18109Z",
            "yes_price": 15,
            "no_price": 85,
            "taker_side": "yes"
        },
        {
            "trade_id": "8afd31cb-2c38-44fc-8ce1-d5a933113eb2",
            "ticker": "KXHIGHAUS-24DEC31-B64.5",
            "count": 50,
            "created_time": "2024-12-30T21:45:48.331743Z",
            "yes_price": 16,
            "no_price": 84,
            "taker_side": "no"
        },
        {
            "trade_id": "03f639a9-7e8d-4981-8f0e-3bc71c8f5cd6",
            "ticker": "KXHIGHAUS-24DEC31-B64.5",
            "count": 4,
            "created_time": "2024-12-30T21:22:23.187829Z",
            "yes_price": 23,
            "no_price": 77,
            "taker_side": "yes"
        },
        {
            "trade_id": "1222a497-d343-4d58-b60f-43c03180f5dd",
            "ticker": "KXHIGHAUS-24DEC31-B64.5",
            "count": 4,
            "created_time": "2024-12-30T21:07:04.205939Z",
            "yes_price": 22,
            "no_price": 78,
            "taker_side": "yes"
        },
        {
            "trade_id": "a6b1091d-1aa7-4e96-88bd-2d50cf15fc61",
            "ticker": "KXHIGHAUS-24DEC31-B64.5",
            "count": 8,
            "created_time": "2024-12-30T20:26:36.06865Z",
            "yes_price": 22,
            "no_price": 78,
            "taker_side": "yes"
        },
        {
            "trade_id": "616c1bee-7474-4ea1-b383-050109c349b1",
            "ticker": "KXHIGHAUS-24DEC31-B64.5",
            "count": 12,
            "created_time": "2024-12-30T20:26:36.06865Z",
            "yes_price": 22,
            "no_price": 78,
            "taker_side": "yes"
        },
        {
            "trade_id": "2281c8b2-5b55-470c-bc70-8886abdada97",
            "ticker": "KXHIGHAUS-24DEC31-B64.5",
            "count": 1,
            "created_time": "2024-12-30T20:26:36.06865Z",
            "yes_price": 21,
            "no_price": 79,
            "taker_side": "yes"
        },
        {
            "trade_id": "88ba52c2-d532-4fba-9e90-86d1c411b64e",
            "ticker": "KXHIGHAUS-24DEC31-B64.5",
            "count": 4,
            "created_time": "2024-12-30T19:59:13.752819Z",
            "yes_price": 21,
            "no_price": 79,
            "taker_side": "yes"
        },
        {
            "trade_id": "089ea2cc-97d3-45f2-9554-87a7589da8db",
            "ticker": "KXHIGHAUS-24DEC31-B64.5",
            "count": 10,
            "created_time": "2024-12-30T19:11:17.925094Z",
            "yes_price": 17,
            "no_price": 83,
            "taker_side": "no"
        },
        {
            "trade_id": "475b9096-8e30-4933-8e65-bca025737b1c",
            "ticker": "KXHIGHAUS-24DEC31-B64.5",
            "count": 11,
            "created_time": "2024-12-30T17:09:31.348628Z",
            "yes_price": 14,
            "no_price": 86,
            "taker_side": "yes"
        },
        {
            "trade_id": "fcd564df-eacc-4341-af92-f7d1119bb19b",
            "ticker": "KXHIGHAUS-24DEC31-B64.5",
            "count": 11,
            "created_time": "2024-12-30T15:01:06.434604Z",
            "yes_price": 18,
            "no_price": 82,
            "taker_side": "yes"
        },
        {
            "trade_id": "36af4184-4994-43c0-a873-3f01bccb7148",
            "ticker": "KXHIGHAUS-24DEC31-B64.5",
            "count": 9,
            "created_time": "2024-12-30T15:01:06.434604Z",
            "yes_price": 28,
            "no_price": 72,
            "taker_side": "yes"
        }
    ],
    "KXHIGHAUS-24DEC31-B66.5": [
        {
            "trade_id": "e67d215b-88d9-447a-b3e5-964791526e1b",
            "ticker": "KXHIGHAUS-24DEC31-B66.5",
            "count": 899,
            "created_time": "2025-01-01T04:53:22.857202Z",
            "yes_price": 1,
            "no_price": 99,
            "taker_side": "yes"
        },
        {
            "trade_id": "988c5f1a-b50b-42cc-98b6-e9b8a45e19d2",
            "ticker": "KXHIGHAUS-24DEC31-B66.5",
            "count": 596,
            "created_time": "2025-01-01T04:53:22.857202Z",
            "yes_price": 1,
            "no_price": 99,
            "taker_side": "yes"
        },
        {
            "trade_id": "81ac31cb-c165-4da4-a883-7c9b8c0c9e55",
            "ticker": "KXHIGHAUS-24DEC31-B66.5",
            "count": 407,
            "created_time": "2025-01-01T02:20:38.369697Z",
            "yes_price": 1,
            "no_price": 99,
            "taker_side": "yes"
        },
        {
            "trade_id": "01ce4685-c148-4715-b80f-d889ded21d0b",
            "ticker": "KXHIGHAUS-24DEC31-B66.5",
            "count": 74,
            "created_time": "2025-01-01T01:04:26.58324Z",
            "yes_price": 1,
            "no_price": 99,
            "taker_side": "yes"
        },
        {
            "trade_id": "3b7e5e12-6d59-412e-8bc6-03f1716c8fad",
            "ticker": "KXHIGHAUS-24DEC31-B66.5",
            "count": 93,
            "created_time": "2024-12-31T22:10:02.953484Z",
            "yes_price": 1,
            "no_price": 99,
            "taker_side": "yes"
        },
        {
            "trade_id": "161e74e8-af59-4fe8-910b-f8d55ab718e7",
            "ticker": "KXHIGHAUS-24DEC31-B66.5",
            "count": 467,
            "created_time": "2024-12-31T21:43:05.280209Z",
            "yes_price": 1,
            "no_price": 99,
            "taker_side": "yes"
        },
        {
            "trade_id": "af245c02-a265-4480-8fcb-05b96531663b",
            "ticker": "KXHIGHAUS-24DEC31-B66.5",
            "count": 723,
            "created_time": "2024-12-31T21:38:43.7069Z",
            "yes_price": 1,
            "no_price": 99,
            "taker_side": "yes"
        },
        {
            "trade_id": "50ac045d-ab27-4299-a37c-c47627f153ff",
            "ticker": "KXHIGHAUS-24DEC31-B66.5",
            "count": 6857,
            "created_time": "2024-12-31T21:38:43.7069Z",
            "yes_price": 1,
            "no_price": 99,
            "taker_side": "yes"
        },
        {
            "trade_id": "4dd8981d-bbe2-456b-98cf-806db0794158",
            "ticker": "KXHIGHAUS-24DEC31-B66.5",
            "count": 59,
            "created_time": "2024-12-31T21:38:43.7069Z",
            "yes_price": 1,
            "no_price": 99,
            "taker_side": "yes"
        },
        {
            "trade_id": "31ad9ca1-b0e5-49fc-8179-8efa52363e69",
            "ticker": "KXHIGHAUS-24DEC31-B66.5",
            "count": 1198,
            "created_time": "2024-12-31T21:38:43.7069Z",
            "yes_price": 1,
            "no_price": 99,
            "taker_side": "yes"
        },
        {
            "trade_id": "170f7573-d19a-47bf-9f25-1f61c2e45923",
            "ticker": "KXHIGHAUS-24DEC31-B66.5",
            "count": 511,
            "created_time": "2024-12-31T21:38:43.7069Z",
            "yes_price": 1,
            "no_price": 99,
            "taker_side": "yes"
        },
        {
            "trade_id": "7beaacaf-67c0-402e-aeec-b350de974c3c",
            "ticker": "KXHIGHAUS-24DEC31-B66.5",
            "count": 935,
            "created_time": "2024-12-31T21:20:21.304637Z",
            "yes_price": 1,
            "no_price": 99,
            "taker_side": "yes"
        },
        {
            "trade_id": "9e5b09a4-86f8-4386-a3c3-6e3a46f8cdcf",
            "ticker": "KXHIGHAUS-24DEC31-B66.5",
            "count": 467,
            "created_time": "2024-12-31T20:41:17.56725Z",
            "yes_price": 1,
            "no_price": 99,
            "taker_side": "yes"
        },
        {
            "trade_id": "b8c77c28-a01e-4a48-96b2-d81481e3612b",
            "ticker": "KXHIGHAUS-24DEC31-B66.5",
            "count": 187,
            "created_time": "2024-12-31T20:23:05.428359Z",
            "yes_price": 1,
            "no_price": 99,
            "taker_side": "yes"
        },
        {
            "trade_id": "c483929d-75dc-425a-a596-5e5a346ca298",
            "ticker": "KXHIGHAUS-24DEC31-B66.5",
            "count": 93,
            "created_time": "2024-12-31T20:21:55.723738Z",
            "yes_price": 1,
            "no_price": 99,
            "taker_side": "yes"
        },
        {
            "trade_id": "f63daa7e-caf8-4bf0-bd19-98e00e5fde0e",
            "ticker": "KXHIGHAUS-24DEC31-B66.5",
            "count": 92,
            "created_time": "2024-12-31T19:37:14.741026Z",
            "yes_price": 1,
            "no_price": 99,
            "taker_side": "yes"
        },
        {
            "trade_id": "e811dda2-aec1-47fc-aa63-a0a3414e7596",
            "ticker": "KXHIGHAUS-24DEC31-B66.5",
            "count": 93,
            "created_time": "2024-12-31T19:28:09.08914Z",
            "yes_price": 1,
            "no_price": 99,
            "taker_side": "yes"
        },
        {
            "trade_id": "45b6bab5-437c-4b80-b2fd-6c7e24f5c4a9",
            "ticker": "KXHIGHAUS-24DEC31-B66.5",
            "count": 93,
            "created_time": "2024-12-31T19:05:54.936914Z",
            "yes_price": 1,
            "no_price": 99,
            "taker_side": "yes"
        },
        {
            "trade_id": "ed22b2bc-f72f-42f6-b271-6d1b2f7dc6b1",
            "ticker": "KXHIGHAUS-24DEC31-B66.5",
            "count": 170,
            "created_time": "2024-12-31T18:58:21.282738Z",
            "yes_price": 1,
            "no_price": 99,
            "taker_side": "yes"
        },
        {
            "trade_id": "dedc2e37-c46a-4ed2-bfe8-26c90cef6877",
            "ticker": "KXHIGHAUS-24DEC31-B66.5",
            "count": 345,
            "created_time": "2024-12-31T18:58:21.282738Z",
            "yes_price": 1,
            "no_price": 99,
            "taker_side": "yes"
        },
        {
            "trade_id": "8b9ac6f0-4ecf-40ef-85c5-9cbee0e3dec8",
            "ticker": "KXHIGHAUS-24DEC31-B66.5",
            "count": 830,
            "created_time": "2024-12-31T18:51:54.268824Z",
            "yes_price": 1,
            "no_price": 99,
            "taker_side": "no"
        },
        {
            "trade_id": "edb478db-b2cd-44e7-8fe2-2d689344fb6b",
            "ticker": "KXHIGHAUS-24DEC31-B66.5",
            "count": 150,
            "created_time": "2024-12-31T18:50:41.272199Z",
            "yes_price": 1,
            "no_price": 99,
            "taker_side": "no"
        },
        {
            "trade_id": "dc56d043-40e8-4c8f-b3a6-e80c893ebbae",
            "ticker": "KXHIGHAUS-24DEC31-B66.5",
            "count": 100,
            "created_time": "2024-12-31T18:50:41.272199Z",
            "yes_price": 1,
            "no_price": 99,
            "taker_side": "no"
        },
        {
            "trade_id": "c8109268-9e6b-4e00-b4cb-458ac022af78",
            "ticker": "KXHIGHAUS-24DEC31-B66.5",
            "count": 20,
            "created_time": "2024-12-31T18:50:41.272199Z",
            "yes_price": 1,
            "no_price": 99,
            "taker_side": "no"
        },
        {
            "trade_id": "53fb4235-0f93-4353-99e3-cf28013fc8b7",
            "ticker": "KXHIGHAUS-24DEC31-B66.5",
            "count": 30,
            "created_time": "2024-12-31T18:50:41.272199Z",
            "yes_price": 1,
            "no_price": 99,
            "taker_side": "no"
        },
        {
            "trade_id": "1e9606b8-3fc1-42f9-87b0-f4985cec6dd6",
            "ticker": "KXHIGHAUS-24DEC31-B66.5",
            "count": 306,
            "created_time": "2024-12-31T18:50:39.708826Z",
            "yes_price": 2,
            "no_price": 98,
            "taker_side": "no"
        },
        {
            "trade_id": "d050bd5c-b4da-4151-be9e-a4fd21e551ca",
            "ticker": "KXHIGHAUS-24DEC31-B66.5",
            "count": 50,
            "created_time": "2024-12-31T18:50:32.444996Z",
            "yes_price": 2,
            "no_price": 98,
            "taker_side": "no"
        },
        {
            "trade_id": "9142d829-5efe-4f0b-8849-3395e26f8edb",
            "ticker": "KXHIGHAUS-24DEC31-B66.5",
            "count": 1,
            "created_time": "2024-12-31T18:50:32.444996Z",
            "yes_price": 2,
            "no_price": 98,
            "taker_side": "no"
        },
        {
            "trade_id": "82ce857f-3b5e-49e5-a10f-94813fef17a2",
            "ticker": "KXHIGHAUS-24DEC31-B66.5",
            "count": 138,
            "created_time": "2024-12-31T18:50:32.444996Z",
            "yes_price": 3,
            "no_price": 97,
            "taker_side": "no"
        },
        {
            "trade_id": "6d67599c-d9dd-47db-a76e-ce7576630acf",
            "ticker": "KXHIGHAUS-24DEC31-B66.5",
            "count": 1,
            "created_time": "2024-12-31T18:50:32.444996Z",
            "yes_price": 2,
            "no_price": 98,
            "taker_side": "no"
        },
        {
            "trade_id": "5c11cb76-1d17-4284-833d-596a5b0dfe4d",
            "ticker": "KXHIGHAUS-24DEC31-B66.5",
            "count": 1049,
            "created_time": "2024-12-31T18:50:32.444996Z",
            "yes_price": 2,
            "no_price": 98,
            "taker_side": "no"
        },
        {
            "trade_id": "ef45176e-dd5e-42f9-9c8b-3dab23db7264",
            "ticker": "KXHIGHAUS-24DEC31-B66.5",
            "count": 100,
            "created_time": "2024-12-31T18:50:16.034968Z",
            "yes_price": 3,
            "no_price": 97,
            "taker_side": "no"
        },
        {
            "trade_id": "e2e82024-8537-4032-b0fb-70792f9bd74e",
            "ticker": "KXHIGHAUS-24DEC31-B66.5",
            "count": 47,
            "created_time": "2024-12-31T18:50:06.877925Z",
            "yes_price": 4,
            "no_price": 96,
            "taker_side": "no"
        },
        {
            "trade_id": "9b1092d8-729d-40dc-8c52-4e454a3f0ce7",
            "ticker": "KXHIGHAUS-24DEC31-B66.5",
            "count": 451,
            "created_time": "2024-12-31T18:50:06.877925Z",
            "yes_price": 2,
            "no_price": 98,
            "taker_side": "no"
        },
        {
            "trade_id": "02af81c1-c803-4780-a14a-c0f8ff215983",
            "ticker": "KXHIGHAUS-24DEC31-B66.5",
            "count": 2,
            "created_time": "2024-12-31T18:50:06.877925Z",
            "yes_price": 4,
            "no_price": 96,
            "taker_side": "no"
        },
        {
            "trade_id": "9f783277-a6df-4639-a78a-7fda8b15b3ae",
            "ticker": "KXHIGHAUS-24DEC31-B66.5",
            "count": 100,
            "created_time": "2024-12-31T18:49:49.964978Z",
            "yes_price": 6,
            "no_price": 94,
            "taker_side": "yes"
        },
        {
            "trade_id": "ab386c98-0f57-4b9e-8567-0fe41f86060b",
            "ticker": "KXHIGHAUS-24DEC31-B66.5",
            "count": 56,
            "created_time": "2024-12-31T18:46:18.857199Z",
            "yes_price": 5,
            "no_price": 95,
            "taker_side": "yes"
        },
        {
            "trade_id": "8c302092-9260-4f7f-be74-fe74445f2909",
            "ticker": "KXHIGHAUS-24DEC31-B66.5",
            "count": 98,
            "created_time": "2024-12-31T18:44:15.067488Z",
            "yes_price": 5,
            "no_price": 95,
            "taker_side": "yes"
        },
        {
            "trade_id": "e9954e92-dc8b-430f-8a71-5b94097894c7",
            "ticker": "KXHIGHAUS-24DEC31-B66.5",
            "count": 323,
            "created_time": "2024-12-31T18:41:52.891533Z",
            "yes_price": 3,
            "no_price": 97,
            "taker_side": "no"
        },
        {
            "trade_id": "dec8f375-9d1d-4206-9ca0-f111d9f15b84",
            "ticker": "KXHIGHAUS-24DEC31-B66.5",
            "count": 12,
            "created_time": "2024-12-31T18:41:52.891533Z",
            "yes_price": 3,
            "no_price": 97,
            "taker_side": "no"
        },
        {
            "trade_id": "edbacc85-4028-48df-b3ee-8a5afbf0a778",
            "ticker": "KXHIGHAUS-24DEC31-B66.5",
            "count": 93,
            "created_time": "2024-12-31T18:40:59.1834Z",
            "yes_price": 5,
            "no_price": 95,
            "taker_side": "yes"
        },
        {
            "trade_id": "5bb77a15-cad0-4fb7-9afe-37e4e4eea66c",
            "ticker": "KXHIGHAUS-24DEC31-B66.5",
            "count": 11,
            "created_time": "2024-12-31T18:40:54.621443Z",
            "yes_price": 4,
            "no_price": 96,
            "taker_side": "yes"
        },
        {
            "trade_id": "fab04ee6-bf7a-4603-ac30-be74f2cb5d0d",
            "ticker": "KXHIGHAUS-24DEC31-B66.5",
            "count": 103,
            "created_time": "2024-12-31T18:38:37.82152Z",
            "yes_price": 5,
            "no_price": 95,
            "taker_side": "yes"
        },
        {
            "trade_id": "4c8c34c8-9f7a-43e2-909d-1f1181b0c5b9",
            "ticker": "KXHIGHAUS-24DEC31-B66.5",
            "count": 1,
            "created_time": "2024-12-31T18:36:46.428368Z",
            "yes_price": 4,
            "no_price": 96,
            "taker_side": "no"
        },
        {
            "trade_id": "059e852b-b1e6-4a34-be29-febe09fb11ab",
            "ticker": "KXHIGHAUS-24DEC31-B66.5",
            "count": 1,
            "created_time": "2024-12-31T18:36:38.533833Z",
            "yes_price": 4,
            "no_price": 96,
            "taker_side": "no"
        },
        {
            "trade_id": "805bd938-b590-4e90-8d5e-c1f652d35641",
            "ticker": "KXHIGHAUS-24DEC31-B66.5",
            "count": 20,
            "created_time": "2024-12-31T18:36:23.083573Z",
            "yes_price": 4,
            "no_price": 96,
            "taker_side": "no"
        },
        {
            "trade_id": "8ac8e163-99c2-4ef8-84cb-672180d2227b",
            "ticker": "KXHIGHAUS-24DEC31-B66.5",
            "count": 13,
            "created_time": "2024-12-31T18:36:04.986584Z",
            "yes_price": 4,
            "no_price": 96,
            "taker_side": "no"
        },
        {
            "trade_id": "fa4ef22e-fb4e-4d52-9290-dadb1c4e8d13",
            "ticker": "KXHIGHAUS-24DEC31-B66.5",
            "count": 146,
            "created_time": "2024-12-31T18:35:12.857022Z",
            "yes_price": 4,
            "no_price": 96,
            "taker_side": "no"
        },
        {
            "trade_id": "3f08a53b-5f7c-41d8-9c46-0e4f58473521",
            "ticker": "KXHIGHAUS-24DEC31-B66.5",
            "count": 369,
            "created_time": "2024-12-31T18:35:12.857022Z",
            "yes_price": 3,
            "no_price": 97,
            "taker_side": "no"
        },
        {
            "trade_id": "4fab0715-b23d-4d65-b84c-d9aea8b86057",
            "ticker": "KXHIGHAUS-24DEC31-B66.5",
            "count": 829,
            "created_time": "2024-12-31T18:33:32.693043Z",
            "yes_price": 5,
            "no_price": 95,
            "taker_side": "yes"
        },
        {
            "trade_id": "26c7a439-a969-46e9-b1e3-ec1852e07751",
            "ticker": "KXHIGHAUS-24DEC31-B66.5",
            "count": 171,
            "created_time": "2024-12-31T18:33:32.693043Z",
            "yes_price": 5,
            "no_price": 95,
            "taker_side": "yes"
        },
        {
            "trade_id": "69177c5d-c3c7-4d92-aa6d-d4298bc4871c",
            "ticker": "KXHIGHAUS-24DEC31-B66.5",
            "count": 93,
            "created_time": "2024-12-31T18:32:26.684045Z",
            "yes_price": 5,
            "no_price": 95,
            "taker_side": "yes"
        },
        {
            "trade_id": "a3cbb36e-1338-4ed6-b09b-160a276c0cf8",
            "ticker": "KXHIGHAUS-24DEC31-B66.5",
            "count": 3,
            "created_time": "2024-12-31T18:31:28.987241Z",
            "yes_price": 3,
            "no_price": 97,
            "taker_side": "no"
        },
        {
            "trade_id": "63967ca3-4792-4841-8e59-290caf88e842",
            "ticker": "KXHIGHAUS-24DEC31-B66.5",
            "count": 1,
            "created_time": "2024-12-31T18:31:28.987241Z",
            "yes_price": 4,
            "no_price": 96,
            "taker_side": "no"
        },
        {
            "trade_id": "2b7f79ba-d430-4ccf-a058-8f4cc56aa31d",
            "ticker": "KXHIGHAUS-24DEC31-B66.5",
            "count": 1,
            "created_time": "2024-12-31T18:30:37.746275Z",
            "yes_price": 3,
            "no_price": 97,
            "taker_side": "no"
        },
        {
            "trade_id": "bd2cf0ed-1c83-4b93-8985-ab6a2ac6ba63",
            "ticker": "KXHIGHAUS-24DEC31-B66.5",
            "count": 100,
            "created_time": "2024-12-31T18:29:51.765205Z",
            "yes_price": 6,
            "no_price": 94,
            "taker_side": "yes"
        },
        {
            "trade_id": "4241979d-e076-4dc6-ba9c-304484d99752",
            "ticker": "KXHIGHAUS-24DEC31-B66.5",
            "count": 180,
            "created_time": "2024-12-31T18:27:21.895905Z",
            "yes_price": 4,
            "no_price": 96,
            "taker_side": "no"
        },
        {
            "trade_id": "3e8d43b6-63e2-4556-8e53-f414665a63ab",
            "ticker": "KXHIGHAUS-24DEC31-B66.5",
            "count": 5,
            "created_time": "2024-12-31T18:25:26.942034Z",
            "yes_price": 4,
            "no_price": 96,
            "taker_side": "no"
        },
        {
            "trade_id": "96f2457e-e8a7-41be-b182-4eeeff963960",
            "ticker": "KXHIGHAUS-24DEC31-B66.5",
            "count": 23,
            "created_time": "2024-12-31T18:25:13.248269Z",
            "yes_price": 5,
            "no_price": 95,
            "taker_side": "yes"
        },
        {
            "trade_id": "16cba349-6ac2-470d-857f-a2ac6f8b231c",
            "ticker": "KXHIGHAUS-24DEC31-B66.5",
            "count": 39,
            "created_time": "2024-12-31T18:25:13.248269Z",
            "yes_price": 5,
            "no_price": 95,
            "taker_side": "yes"
        },
        {
            "trade_id": "04a7a7da-c342-4dcf-bd56-663d2bc74509",
            "ticker": "KXHIGHAUS-24DEC31-B66.5",
            "count": 1,
            "created_time": "2024-12-31T18:24:59.298816Z",
            "yes_price": 5,
            "no_price": 95,
            "taker_side": "yes"
        },
        {
            "trade_id": "6da8032c-d5df-411a-91bd-3a0f2c88cfa8",
            "ticker": "KXHIGHAUS-24DEC31-B66.5",
            "count": 7,
            "created_time": "2024-12-31T18:23:53.471344Z",
            "yes_price": 7,
            "no_price": 93,
            "taker_side": "yes"
        },
        {
            "trade_id": "5e812dca-c540-40a6-9a37-e6abb04d1c3a",
            "ticker": "KXHIGHAUS-24DEC31-B66.5",
            "count": 19,
            "created_time": "2024-12-31T18:23:53.471344Z",
            "yes_price": 6,
            "no_price": 94,
            "taker_side": "yes"
        },
        {
            "trade_id": "61a857dd-32dc-4180-9e35-98cafbef681e",
            "ticker": "KXHIGHAUS-24DEC31-B66.5",
            "count": 26,
            "created_time": "2024-12-31T18:22:48.356623Z",
            "yes_price": 6,
            "no_price": 94,
            "taker_side": "yes"
        },
        {
            "trade_id": "27e6e544-686a-452c-a9da-504c4e7a4330",
            "ticker": "KXHIGHAUS-24DEC31-B66.5",
            "count": 4,
            "created_time": "2024-12-31T18:22:48.356623Z",
            "yes_price": 7,
            "no_price": 93,
            "taker_side": "yes"
        },
        {
            "trade_id": "3b3debca-45fb-4c14-93be-69239ad29c24",
            "ticker": "KXHIGHAUS-24DEC31-B66.5",
            "count": 25,
            "created_time": "2024-12-31T18:19:59.290799Z",
            "yes_price": 5,
            "no_price": 95,
            "taker_side": "no"
        },
        {
            "trade_id": "da377902-0aec-4d1a-bf74-9d78f27f540d",
            "ticker": "KXHIGHAUS-24DEC31-B66.5",
            "count": 117,
            "created_time": "2024-12-31T18:19:01.739186Z",
            "yes_price": 5,
            "no_price": 95,
            "taker_side": "no"
        },
        {
            "trade_id": "aa87e91d-8563-4421-9f00-6e4bc16c3744",
            "ticker": "KXHIGHAUS-24DEC31-B66.5",
            "count": 20,
            "created_time": "2024-12-31T18:18:30.414232Z",
            "yes_price": 5,
            "no_price": 95,
            "taker_side": "no"
        },
        {
            "trade_id": "935406aa-22b7-47b2-8ce0-fd4a2aeb9020",
            "ticker": "KXHIGHAUS-24DEC31-B66.5",
            "count": 155,
            "created_time": "2024-12-31T18:18:13.739595Z",
            "yes_price": 5,
            "no_price": 95,
            "taker_side": "no"
        },
        {
            "trade_id": "3ea0ea25-73c8-43db-b0a2-9ad746327cad",
            "ticker": "KXHIGHAUS-24DEC31-B66.5",
            "count": 1,
            "created_time": "2024-12-31T18:18:13.739595Z",
            "yes_price": 6,
            "no_price": 94,
            "taker_side": "no"
        },
        {
            "trade_id": "3c6ef940-fa49-4b70-b2fb-2217103f5579",
            "ticker": "KXHIGHAUS-24DEC31-B66.5",
            "count": 85,
            "created_time": "2024-12-31T18:18:13.739595Z",
            "yes_price": 4,
            "no_price": 96,
            "taker_side": "no"
        },
        {
            "trade_id": "c21447ef-bef4-4bac-8ad5-1a74a5578e73",
            "ticker": "KXHIGHAUS-24DEC31-B66.5",
            "count": 150,
            "created_time": "2024-12-31T18:17:32.837248Z",
            "yes_price": 9,
            "no_price": 91,
            "taker_side": "no"
        },
        {
            "trade_id": "c149c1bf-5d80-48b6-b3d2-0e7b33146fbe",
            "ticker": "KXHIGHAUS-24DEC31-B66.5",
            "count": 32,
            "created_time": "2024-12-31T18:17:32.837248Z",
            "yes_price": 4,
            "no_price": 96,
            "taker_side": "no"
        },
        {
            "trade_id": "8061d91b-173e-43aa-815b-7d72c7c54f9b",
            "ticker": "KXHIGHAUS-24DEC31-B66.5",
            "count": 18,
            "created_time": "2024-12-31T18:17:32.837248Z",
            "yes_price": 3,
            "no_price": 97,
            "taker_side": "no"
        },
        {
            "trade_id": "384426e2-233b-447a-ae6f-94b66e0102ea",
            "ticker": "KXHIGHAUS-24DEC31-B66.5",
            "count": 88,
            "created_time": "2024-12-31T18:17:32.837248Z",
            "yes_price": 10,
            "no_price": 90,
            "taker_side": "no"
        },
        {
            "trade_id": "7904dbcf-fa1d-4285-8749-5925aebfff0d",
            "ticker": "KXHIGHAUS-24DEC31-B66.5",
            "count": 100,
            "created_time": "2024-12-31T18:16:55.174655Z",
            "yes_price": 11,
            "no_price": 89,
            "taker_side": "no"
        },
        {
            "trade_id": "56737fa7-0d33-4436-b0e1-8dbd84fd4840",
            "ticker": "KXHIGHAUS-24DEC31-B66.5",
            "count": 134,
            "created_time": "2024-12-31T18:14:59.396517Z",
            "yes_price": 14,
            "no_price": 86,
            "taker_side": "yes"
        },
        {
            "trade_id": "f1ce643f-9e8c-400f-ac69-19789f88846a",
            "ticker": "KXHIGHAUS-24DEC31-B66.5",
            "count": 9,
            "created_time": "2024-12-31T18:14:27.227595Z",
            "yes_price": 15,
            "no_price": 85,
            "taker_side": "yes"
        },
        {
            "trade_id": "f09e269b-eeab-4702-bb8a-df24fa09d92a",
            "ticker": "KXHIGHAUS-24DEC31-B66.5",
            "count": 2,
            "created_time": "2024-12-31T18:14:16.367968Z",
            "yes_price": 12,
            "no_price": 88,
            "taker_side": "no"
        },
        {
            "trade_id": "f325a3ac-5e81-4bf0-927a-4344788b0f98",
            "ticker": "KXHIGHAUS-24DEC31-B66.5",
            "count": 88,
            "created_time": "2024-12-31T18:13:38.638514Z",
            "yes_price": 15,
            "no_price": 85,
            "taker_side": "yes"
        },
        {
            "trade_id": "a51d9045-85ea-4668-8187-472612e8b90e",
            "ticker": "KXHIGHAUS-24DEC31-B66.5",
            "count": 12,
            "created_time": "2024-12-31T18:13:38.638514Z",
            "yes_price": 15,
            "no_price": 85,
            "taker_side": "yes"
        },
        {
            "trade_id": "8802533b-b4d8-4c68-8bfc-323ddac3c7ab",
            "ticker": "KXHIGHAUS-24DEC31-B66.5",
            "count": 150,
            "created_time": "2024-12-31T18:13:38.638514Z",
            "yes_price": 15,
            "no_price": 85,
            "taker_side": "yes"
        },
        {
            "trade_id": "4b1da108-21cb-4a9f-b29c-32d84eae3cdf",
            "ticker": "KXHIGHAUS-24DEC31-B66.5",
            "count": 9,
            "created_time": "2024-12-31T18:07:11.53258Z",
            "yes_price": 18,
            "no_price": 82,
            "taker_side": "yes"
        },
        {
            "trade_id": "561b908e-f263-4160-92a8-6a750ef2b314",
            "ticker": "KXHIGHAUS-24DEC31-B66.5",
            "count": 49,
            "created_time": "2024-12-31T18:03:26.818365Z",
            "yes_price": 19,
            "no_price": 81,
            "taker_side": "yes"
        },
        {
            "trade_id": "41f536df-902b-4ccf-ba3c-44b2a191f3e8",
            "ticker": "KXHIGHAUS-24DEC31-B66.5",
            "count": 176,
            "created_time": "2024-12-31T18:03:26.818365Z",
            "yes_price": 19,
            "no_price": 81,
            "taker_side": "yes"
        },
        {
            "trade_id": "28c0feac-d61a-4cbf-808e-8b64a6b58412",
            "ticker": "KXHIGHAUS-24DEC31-B66.5",
            "count": 25,
            "created_time": "2024-12-31T18:03:26.818365Z",
            "yes_price": 18,
            "no_price": 82,
            "taker_side": "yes"
        },
        {
            "trade_id": "787405b6-2b2e-4299-b273-f0195b4a5a32",
            "ticker": "KXHIGHAUS-24DEC31-B66.5",
            "count": 24,
            "created_time": "2024-12-31T17:52:19.725281Z",
            "yes_price": 19,
            "no_price": 81,
            "taker_side": "yes"
        },
        {
            "trade_id": "6d33b50d-afc6-43ea-a0d0-d7923dbe0d80",
            "ticker": "KXHIGHAUS-24DEC31-B66.5",
            "count": 89,
            "created_time": "2024-12-31T17:50:27.591508Z",
            "yes_price": 18,
            "no_price": 82,
            "taker_side": "yes"
        },
        {
            "trade_id": "7ac3cd02-e413-4743-9633-82ced7d891f3",
            "ticker": "KXHIGHAUS-24DEC31-B66.5",
            "count": 100,
            "created_time": "2024-12-31T17:46:48.966885Z",
            "yes_price": 17,
            "no_price": 83,
            "taker_side": "yes"
        },
        {
            "trade_id": "347933a1-8c37-49ec-a2de-a6eda918704d",
            "ticker": "KXHIGHAUS-24DEC31-B66.5",
            "count": 143,
            "created_time": "2024-12-31T17:43:16.210112Z",
            "yes_price": 17,
            "no_price": 83,
            "taker_side": "yes"
        },
        {
            "trade_id": "98485fca-0b1b-422b-af9d-682de3488717",
            "ticker": "KXHIGHAUS-24DEC31-B66.5",
            "count": 50,
            "created_time": "2024-12-31T17:39:37.468265Z",
            "yes_price": 17,
            "no_price": 83,
            "taker_side": "yes"
        },
        {
            "trade_id": "63b98434-7ed0-4123-97c8-4efa0f50a6e1",
            "ticker": "KXHIGHAUS-24DEC31-B66.5",
            "count": 31,
            "created_time": "2024-12-31T17:39:37.468265Z",
            "yes_price": 18,
            "no_price": 82,
            "taker_side": "yes"
        },
        {
            "trade_id": "c9612ef3-aa82-4b8b-916f-f1bd59a02683",
            "ticker": "KXHIGHAUS-24DEC31-B66.5",
            "count": 250,
            "created_time": "2024-12-31T17:37:45.709651Z",
            "yes_price": 14,
            "no_price": 86,
            "taker_side": "yes"
        },
        {
            "trade_id": "ad85507c-d274-4dba-aee9-45a90feb37e4",
            "ticker": "KXHIGHAUS-24DEC31-B66.5",
            "count": 17,
            "created_time": "2024-12-31T17:34:01.694718Z",
            "yes_price": 16,
            "no_price": 84,
            "taker_side": "yes"
        },
        {
            "trade_id": "9fef6650-e68e-4045-941e-b3c5b901b7cd",
            "ticker": "KXHIGHAUS-24DEC31-B66.5",
            "count": 25,
            "created_time": "2024-12-31T17:33:38.148556Z",
            "yes_price": 16,
            "no_price": 84,
            "taker_side": "yes"
        },
        {
            "trade_id": "331f6332-1a8c-4ca3-8f2f-9f8fc599597c",
            "ticker": "KXHIGHAUS-24DEC31-B66.5",
            "count": 88,
            "created_time": "2024-12-31T17:33:33.492278Z",
            "yes_price": 15,
            "no_price": 85,
            "taker_side": "yes"
        },
        {
            "trade_id": "f06a14b4-2cae-49a0-98e7-a7a4e4e8a9d8",
            "ticker": "KXHIGHAUS-24DEC31-B66.5",
            "count": 1,
            "created_time": "2024-12-31T17:31:12.918175Z",
            "yes_price": 22,
            "no_price": 78,
            "taker_side": "no"
        },
        {
            "trade_id": "afacf38c-fe5d-4b46-93bb-c3bcd017df3e",
            "ticker": "KXHIGHAUS-24DEC31-B66.5",
            "count": 24,
            "created_time": "2024-12-31T17:31:12.918175Z",
            "yes_price": 20,
            "no_price": 80,
            "taker_side": "no"
        },
        {
            "trade_id": "a7a9bb56-d949-4899-b428-30a2945dbc3f",
            "ticker": "KXHIGHAUS-24DEC31-B66.5",
            "count": 3,
            "created_time": "2024-12-31T17:30:49.07597Z",
            "yes_price": 24,
            "no_price": 76,
            "taker_side": "yes"
        },
        {
            "trade_id": "e9240d4c-4f8e-4615-aade-981ad8603bad",
            "ticker": "KXHIGHAUS-24DEC31-B66.5",
            "count": 86,
            "created_time": "2024-12-31T17:30:43.077393Z",
            "yes_price": 23,
            "no_price": 77,
            "taker_side": "no"
        },
        {
            "trade_id": "7b97ea64-0bf1-4cea-a018-e35b342ca0b4",
            "ticker": "KXHIGHAUS-24DEC31-B66.5",
            "count": 100,
            "created_time": "2024-12-31T17:30:43.077393Z",
            "yes_price": 23,
            "no_price": 77,
            "taker_side": "no"
        },
        {
            "trade_id": "2201b139-7a7e-41c9-8aee-cc2f17972c64",
            "ticker": "KXHIGHAUS-24DEC31-B66.5",
            "count": 6,
            "created_time": "2024-12-31T17:30:35.080963Z",
            "yes_price": 24,
            "no_price": 76,
            "taker_side": "no"
        },
        {
            "trade_id": "fe9225a1-aa68-44b7-a3f5-87de1ca9eb3d",
            "ticker": "KXHIGHAUS-24DEC31-B66.5",
            "count": 20,
            "created_time": "2024-12-31T17:25:24.872197Z",
            "yes_price": 27,
            "no_price": 73,
            "taker_side": "yes"
        },
        {
            "trade_id": "ecdb9248-eb3c-4884-be68-c1f712390473",
            "ticker": "KXHIGHAUS-24DEC31-B66.5",
            "count": 20,
            "created_time": "2024-12-31T17:20:59.876428Z",
            "yes_price": 22,
            "no_price": 78,
            "taker_side": "yes"
        },
        {
            "trade_id": "3680a18b-e92f-4475-af93-f72ab7d65be5",
            "ticker": "KXHIGHAUS-24DEC31-B66.5",
            "count": 128,
            "created_time": "2024-12-31T17:19:43.568901Z",
            "yes_price": 28,
            "no_price": 72,
            "taker_side": "yes"
        },
        {
            "trade_id": "a3d7b4c6-4549-4aa0-8b9d-85e353d75b61",
            "ticker": "KXHIGHAUS-24DEC31-B66.5",
            "count": 49,
            "created_time": "2024-12-31T17:17:50.234682Z",
            "yes_price": 21,
            "no_price": 79,
            "taker_side": "no"
        },
        {
            "trade_id": "596a8ffd-97ab-44d5-95ee-4cbc580647e6",
            "ticker": "KXHIGHAUS-24DEC31-B66.5",
            "count": 20,
            "created_time": "2024-12-31T17:15:58.683246Z",
            "yes_price": 21,
            "no_price": 79,
            "taker_side": "yes"
        },
        {
            "trade_id": "a8b3988d-1727-4351-a16b-d30226f48200",
            "ticker": "KXHIGHAUS-24DEC31-B66.5",
            "count": 19,
            "created_time": "2024-12-31T17:14:17.912609Z",
            "yes_price": 19,
            "no_price": 81,
            "taker_side": "yes"
        },
        {
            "trade_id": "9b6d0cc8-02ed-4e29-aeb7-2e134d0da664",
            "ticker": "KXHIGHAUS-24DEC31-B66.5",
            "count": 21,
            "created_time": "2024-12-31T17:14:17.912609Z",
            "yes_price": 28,
            "no_price": 72,
            "taker_side": "yes"
        },
        {
            "trade_id": "eeabf4cb-3ade-4318-a719-3c66f1701e3d",
            "ticker": "KXHIGHAUS-24DEC31-B66.5",
            "count": 11,
            "created_time": "2024-12-31T17:14:06.38697Z",
            "yes_price": 17,
            "no_price": 83,
            "taker_side": "no"
        },
        {
            "trade_id": "ed597ddb-ee09-45e7-bd20-f1023be0b6c1",
            "ticker": "KXHIGHAUS-24DEC31-B66.5",
            "count": 5,
            "created_time": "2024-12-31T17:10:05.899404Z",
            "yes_price": 21,
            "no_price": 79,
            "taker_side": "yes"
        },
        {
            "trade_id": "4dae9081-0535-46c5-a42d-1e909b84dfc6",
            "ticker": "KXHIGHAUS-24DEC31-B66.5",
            "count": 148,
            "created_time": "2024-12-31T17:10:05.899404Z",
            "yes_price": 22,
            "no_price": 78,
            "taker_side": "yes"
        },
        {
            "trade_id": "ff6c8712-043d-46f2-bfed-85ca5968c8d8",
            "ticker": "KXHIGHAUS-24DEC31-B66.5",
            "count": 100,
            "created_time": "2024-12-31T17:05:45.832075Z",
            "yes_price": 19,
            "no_price": 81,
            "taker_side": "yes"
        },
        {
            "trade_id": "f28d96d3-9a46-4e36-9f17-c989c62b0a6b",
            "ticker": "KXHIGHAUS-24DEC31-B66.5",
            "count": 19,
            "created_time": "2024-12-31T17:05:45.832075Z",
            "yes_price": 19,
            "no_price": 81,
            "taker_side": "yes"
        },
        {
            "trade_id": "073ee41f-23be-4586-90d2-350ae53e11a9",
            "ticker": "KXHIGHAUS-24DEC31-B66.5",
            "count": 522,
            "created_time": "2024-12-31T17:05:45.832075Z",
            "yes_price": 19,
            "no_price": 81,
            "taker_side": "yes"
        },
        {
            "trade_id": "00893fc9-acd7-45e1-8638-fa743643be12",
            "ticker": "KXHIGHAUS-24DEC31-B66.5",
            "count": 49,
            "created_time": "2024-12-31T17:05:44.537895Z",
            "yes_price": 19,
            "no_price": 81,
            "taker_side": "yes"
        },
        {
            "trade_id": "22a71cce-b060-46a1-bd86-f821bfc0999b",
            "ticker": "KXHIGHAUS-24DEC31-B66.5",
            "count": 19,
            "created_time": "2024-12-31T17:04:08.587691Z",
            "yes_price": 17,
            "no_price": 83,
            "taker_side": "yes"
        },
        {
            "trade_id": "e8451e0a-6962-4783-a6d7-acacef775db6",
            "ticker": "KXHIGHAUS-24DEC31-B66.5",
            "count": 10,
            "created_time": "2024-12-31T16:58:40.892841Z",
            "yes_price": 2,
            "no_price": 98,
            "taker_side": "no"
        },
        {
            "trade_id": "dc04f604-b219-42b6-8095-5336b59b04bc",
            "ticker": "KXHIGHAUS-24DEC31-B66.5",
            "count": 60,
            "created_time": "2024-12-31T16:58:00.635805Z",
            "yes_price": 9,
            "no_price": 91,
            "taker_side": "no"
        },
        {
            "trade_id": "b6046696-ab8f-473f-9633-00784328f934",
            "ticker": "KXHIGHAUS-24DEC31-B66.5",
            "count": 152,
            "created_time": "2024-12-31T16:58:00.635805Z",
            "yes_price": 16,
            "no_price": 84,
            "taker_side": "no"
        },
        {
            "trade_id": "b5700984-671d-4984-8e2a-0de194f7e214",
            "ticker": "KXHIGHAUS-24DEC31-B66.5",
            "count": 20,
            "created_time": "2024-12-31T16:58:00.635805Z",
            "yes_price": 6,
            "no_price": 94,
            "taker_side": "no"
        },
        {
            "trade_id": "b41b09b4-0980-4099-9f39-aae70cdaddec",
            "ticker": "KXHIGHAUS-24DEC31-B66.5",
            "count": 18,
            "created_time": "2024-12-31T16:58:00.635805Z",
            "yes_price": 1,
            "no_price": 99,
            "taker_side": "no"
        },
        {
            "trade_id": "89592e86-bacf-46f4-b081-fa6f1d5863c8",
            "ticker": "KXHIGHAUS-24DEC31-B66.5",
            "count": 88,
            "created_time": "2024-12-31T16:58:00.635805Z",
            "yes_price": 15,
            "no_price": 85,
            "taker_side": "no"
        },
        {
            "trade_id": "85a2bcab-ab0a-431c-9e1b-d7a554167f57",
            "ticker": "KXHIGHAUS-24DEC31-B66.5",
            "count": 51,
            "created_time": "2024-12-31T16:58:00.635805Z",
            "yes_price": 7,
            "no_price": 93,
            "taker_side": "no"
        },
        {
            "trade_id": "66de7741-fe10-4a45-97f5-a1716b700a7d",
            "ticker": "KXHIGHAUS-24DEC31-B66.5",
            "count": 23,
            "created_time": "2024-12-31T16:58:00.635805Z",
            "yes_price": 1,
            "no_price": 99,
            "taker_side": "no"
        },
        {
            "trade_id": "07ce855d-86e7-4153-abb3-004b5a9ee359",
            "ticker": "KXHIGHAUS-24DEC31-B66.5",
            "count": 37,
            "created_time": "2024-12-31T16:56:15.327077Z",
            "yes_price": 18,
            "no_price": 82,
            "taker_side": "yes"
        },
        {
            "trade_id": "f88864ff-1540-477d-98ab-73969cd95dae",
            "ticker": "KXHIGHAUS-24DEC31-B66.5",
            "count": 20,
            "created_time": "2024-12-31T16:52:46.166454Z",
            "yes_price": 19,
            "no_price": 81,
            "taker_side": "yes"
        },
        {
            "trade_id": "11023682-c34b-4bec-a9fc-5528f8dff712",
            "ticker": "KXHIGHAUS-24DEC31-B66.5",
            "count": 9,
            "created_time": "2024-12-31T16:52:37.946525Z",
            "yes_price": 19,
            "no_price": 81,
            "taker_side": "yes"
        },
        {
            "trade_id": "ddc970d3-1938-423d-9003-d4bcad11ed2b",
            "ticker": "KXHIGHAUS-24DEC31-B66.5",
            "count": 99,
            "created_time": "2024-12-31T16:47:50.217993Z",
            "yes_price": 18,
            "no_price": 82,
            "taker_side": "yes"
        },
        {
            "trade_id": "de850bc0-8437-4c87-a410-1d36a8446ea6",
            "ticker": "KXHIGHAUS-24DEC31-B66.5",
            "count": 2,
            "created_time": "2024-12-31T16:44:28.834695Z",
            "yes_price": 18,
            "no_price": 82,
            "taker_side": "yes"
        },
        {
            "trade_id": "3fbe0e89-4c3c-4d8c-81cf-50202d9ba87f",
            "ticker": "KXHIGHAUS-24DEC31-B66.5",
            "count": 1,
            "created_time": "2024-12-31T16:44:23.288393Z",
            "yes_price": 18,
            "no_price": 82,
            "taker_side": "yes"
        },
        {
            "trade_id": "977ccaea-7185-4caa-9978-37ef1daa3beb",
            "ticker": "KXHIGHAUS-24DEC31-B66.5",
            "count": 10,
            "created_time": "2024-12-31T16:44:23.059738Z",
            "yes_price": 18,
            "no_price": 82,
            "taker_side": "yes"
        },
        {
            "trade_id": "a3592a11-fe4a-4681-b156-bfe134f6e059",
            "ticker": "KXHIGHAUS-24DEC31-B66.5",
            "count": 3,
            "created_time": "2024-12-31T16:44:17.727799Z",
            "yes_price": 18,
            "no_price": 82,
            "taker_side": "yes"
        },
        {
            "trade_id": "65c6b3bb-8f79-409e-88d0-83b27bcea410",
            "ticker": "KXHIGHAUS-24DEC31-B66.5",
            "count": 5,
            "created_time": "2024-12-31T16:43:59.542367Z",
            "yes_price": 18,
            "no_price": 82,
            "taker_side": "yes"
        },
        {
            "trade_id": "fb379e0a-cfc1-45cd-8acc-cd40569820b8",
            "ticker": "KXHIGHAUS-24DEC31-B66.5",
            "count": 80,
            "created_time": "2024-12-31T16:43:51.234968Z",
            "yes_price": 18,
            "no_price": 82,
            "taker_side": "yes"
        },
        {
            "trade_id": "ab89cd6b-0e55-4099-9857-9f59664f217d",
            "ticker": "KXHIGHAUS-24DEC31-B66.5",
            "count": 79,
            "created_time": "2024-12-31T16:43:15.448163Z",
            "yes_price": 17,
            "no_price": 83,
            "taker_side": "yes"
        },
        {
            "trade_id": "c67a8e2a-3804-42cf-8225-522771ba00b2",
            "ticker": "KXHIGHAUS-24DEC31-B66.5",
            "count": 21,
            "created_time": "2024-12-31T16:42:10.091396Z",
            "yes_price": 17,
            "no_price": 83,
            "taker_side": "yes"
        },
        {
            "trade_id": "d0d092fe-f095-4018-ae2c-3f2f5dbc8254",
            "ticker": "KXHIGHAUS-24DEC31-B66.5",
            "count": 59,
            "created_time": "2024-12-31T16:39:23.322037Z",
            "yes_price": 16,
            "no_price": 84,
            "taker_side": "yes"
        },
        {
            "trade_id": "6d44c11b-636f-4a49-9e7b-6237c2c9d864",
            "ticker": "KXHIGHAUS-24DEC31-B66.5",
            "count": 23,
            "created_time": "2024-12-31T16:39:13.795875Z",
            "yes_price": 16,
            "no_price": 84,
            "taker_side": "yes"
        },
        {
            "trade_id": "772efb4e-193e-4587-ac58-8a05318b63b3",
            "ticker": "KXHIGHAUS-24DEC31-B66.5",
            "count": 12,
            "created_time": "2024-12-31T16:37:28.6174Z",
            "yes_price": 12,
            "no_price": 88,
            "taker_side": "yes"
        },
        {
            "trade_id": "3bc85c06-232e-4171-a19b-d0c86dc2b686",
            "ticker": "KXHIGHAUS-24DEC31-B66.5",
            "count": 8,
            "created_time": "2024-12-31T16:37:28.6174Z",
            "yes_price": 16,
            "no_price": 84,
            "taker_side": "yes"
        },
        {
            "trade_id": "ed110176-96fd-4581-918b-73377cabfd28",
            "ticker": "KXHIGHAUS-24DEC31-B66.5",
            "count": 15,
            "created_time": "2024-12-31T16:35:08.349457Z",
            "yes_price": 11,
            "no_price": 89,
            "taker_side": "no"
        },
        {
            "trade_id": "f50928d6-8033-46ed-a882-a91883970c80",
            "ticker": "KXHIGHAUS-24DEC31-B66.5",
            "count": 35,
            "created_time": "2024-12-31T16:35:05.477363Z",
            "yes_price": 11,
            "no_price": 89,
            "taker_side": "yes"
        },
        {
            "trade_id": "17e90e73-e63f-4b29-af9d-360cda685ea5",
            "ticker": "KXHIGHAUS-24DEC31-B66.5",
            "count": 250,
            "created_time": "2024-12-31T16:35:05.477363Z",
            "yes_price": 11,
            "no_price": 89,
            "taker_side": "yes"
        },
        {
            "trade_id": "72ee24bd-8285-431f-a3fc-8f2a2a941325",
            "ticker": "KXHIGHAUS-24DEC31-B66.5",
            "count": 12,
            "created_time": "2024-12-31T16:32:42.440274Z",
            "yes_price": 11,
            "no_price": 89,
            "taker_side": "no"
        },
        {
            "trade_id": "2cbf2d99-56c1-416f-b19b-9b75f1a5622f",
            "ticker": "KXHIGHAUS-24DEC31-B66.5",
            "count": 42,
            "created_time": "2024-12-31T16:32:42.440274Z",
            "yes_price": 11,
            "no_price": 89,
            "taker_side": "no"
        },
        {
            "trade_id": "ff0fd36e-d735-478d-a589-b360f69f6b68",
            "ticker": "KXHIGHAUS-24DEC31-B66.5",
            "count": 20,
            "created_time": "2024-12-31T16:32:08.523685Z",
            "yes_price": 12,
            "no_price": 88,
            "taker_side": "no"
        },
        {
            "trade_id": "3cbc067b-1f3f-47d2-a684-7b247107869b",
            "ticker": "KXHIGHAUS-24DEC31-B66.5",
            "count": 22,
            "created_time": "2024-12-31T16:32:08.523685Z",
            "yes_price": 13,
            "no_price": 87,
            "taker_side": "no"
        },
        {
            "trade_id": "0b128060-d54c-4417-8bb3-f1a32933bb5a",
            "ticker": "KXHIGHAUS-24DEC31-B66.5",
            "count": 958,
            "created_time": "2024-12-31T16:32:08.523685Z",
            "yes_price": 11,
            "no_price": 89,
            "taker_side": "no"
        },
        {
            "trade_id": "f333d061-5ae0-45f5-8420-d20a5e14ce58",
            "ticker": "KXHIGHAUS-24DEC31-B66.5",
            "count": 73,
            "created_time": "2024-12-31T16:31:04.171332Z",
            "yes_price": 16,
            "no_price": 84,
            "taker_side": "yes"
        },
        {
            "trade_id": "c293ea04-2c8e-4921-a775-88aa1230beb6",
            "ticker": "KXHIGHAUS-24DEC31-B66.5",
            "count": 150,
            "created_time": "2024-12-31T16:31:04.171332Z",
            "yes_price": 11,
            "no_price": 89,
            "taker_side": "yes"
        },
        {
            "trade_id": "72d69781-3c9e-4618-8751-70d94c993813",
            "ticker": "KXHIGHAUS-24DEC31-B66.5",
            "count": 189,
            "created_time": "2024-12-31T16:31:04.171332Z",
            "yes_price": 10,
            "no_price": 90,
            "taker_side": "yes"
        },
        {
            "trade_id": "774b7a60-eb9d-4508-a38c-904087fda8e2",
            "ticker": "KXHIGHAUS-24DEC31-B66.5",
            "count": 40,
            "created_time": "2024-12-31T16:29:52.481264Z",
            "yes_price": 5,
            "no_price": 95,
            "taker_side": "no"
        },
        {
            "trade_id": "a2d47746-1bd8-495f-9b57-5a3023897a8d",
            "ticker": "KXHIGHAUS-24DEC31-B66.5",
            "count": 5,
            "created_time": "2024-12-31T16:29:22.967092Z",
            "yes_price": 3,
            "no_price": 97,
            "taker_side": "no"
        },
        {
            "trade_id": "aad96d74-13d1-4148-94ec-f85fdc20948c",
            "ticker": "KXHIGHAUS-24DEC31-B66.5",
            "count": 24,
            "created_time": "2024-12-31T16:28:56.531395Z",
            "yes_price": 3,
            "no_price": 97,
            "taker_side": "yes"
        },
        {
            "trade_id": "fb037d87-2332-4868-8214-d3b09a3fedff",
            "ticker": "KXHIGHAUS-24DEC31-B66.5",
            "count": 21,
            "created_time": "2024-12-31T16:28:55.525967Z",
            "yes_price": 2,
            "no_price": 98,
            "taker_side": "yes"
        },
        {
            "trade_id": "9460e788-937b-4e77-8c57-ba49bae84e5b",
            "ticker": "KXHIGHAUS-24DEC31-B66.5",
            "count": 4,
            "created_time": "2024-12-31T16:28:54.036365Z",
            "yes_price": 2,
            "no_price": 98,
            "taker_side": "no"
        },
        {
            "trade_id": "d4b8f1e1-2a06-4ea1-be92-f333f08e0d26",
            "ticker": "KXHIGHAUS-24DEC31-B66.5",
            "count": 10,
            "created_time": "2024-12-31T16:28:43.34472Z",
            "yes_price": 2,
            "no_price": 98,
            "taker_side": "no"
        },
        {
            "trade_id": "37ab58d9-cc84-4ebb-8b15-4ef15b532d02",
            "ticker": "KXHIGHAUS-24DEC31-B66.5",
            "count": 3,
            "created_time": "2024-12-31T16:28:43.34472Z",
            "yes_price": 2,
            "no_price": 98,
            "taker_side": "no"
        },
        {
            "trade_id": "fef72b2b-247f-4605-ba9e-adfa84651494",
            "ticker": "KXHIGHAUS-24DEC31-B66.5",
            "count": 45,
            "created_time": "2024-12-31T16:25:37.12504Z",
            "yes_price": 9,
            "no_price": 91,
            "taker_side": "no"
        },
        {
            "trade_id": "e3cdb3e8-0b35-4727-8cff-540f7c401a99",
            "ticker": "KXHIGHAUS-24DEC31-B66.5",
            "count": 150,
            "created_time": "2024-12-31T16:25:37.12504Z",
            "yes_price": 1,
            "no_price": 99,
            "taker_side": "no"
        },
        {
            "trade_id": "c8ce2b5a-7a57-44aa-be8b-d42eda6cfe89",
            "ticker": "KXHIGHAUS-24DEC31-B66.5",
            "count": 75,
            "created_time": "2024-12-31T16:25:37.12504Z",
            "yes_price": 1,
            "no_price": 99,
            "taker_side": "no"
        },
        {
            "trade_id": "c3f93c5a-3e04-4f1a-8741-ec0c507ec52d",
            "ticker": "KXHIGHAUS-24DEC31-B66.5",
            "count": 100,
            "created_time": "2024-12-31T16:25:37.12504Z",
            "yes_price": 7,
            "no_price": 93,
            "taker_side": "no"
        },
        {
            "trade_id": "991edc93-7b6b-4a15-ae57-b234ed9e43fc",
            "ticker": "KXHIGHAUS-24DEC31-B66.5",
            "count": 53,
            "created_time": "2024-12-31T16:25:37.12504Z",
            "yes_price": 8,
            "no_price": 92,
            "taker_side": "no"
        },
        {
            "trade_id": "1b1f806a-4ff8-4a38-98a6-8330756e5da5",
            "ticker": "KXHIGHAUS-24DEC31-B66.5",
            "count": 50,
            "created_time": "2024-12-31T16:25:37.12504Z",
            "yes_price": 4,
            "no_price": 96,
            "taker_side": "no"
        },
        {
            "trade_id": "15c8cb1c-d841-4e9a-ab3e-a98370b91705",
            "ticker": "KXHIGHAUS-24DEC31-B66.5",
            "count": 27,
            "created_time": "2024-12-31T16:25:37.12504Z",
            "yes_price": 1,
            "no_price": 99,
            "taker_side": "no"
        },
        {
            "trade_id": "46cddf6b-6411-49f2-a6a6-e6c4a7d872a5",
            "ticker": "KXHIGHAUS-24DEC31-B66.5",
            "count": 100,
            "created_time": "2024-12-31T16:24:03.627726Z",
            "yes_price": 8,
            "no_price": 92,
            "taker_side": "no"
        },
        {
            "trade_id": "558e4335-e082-4473-b52c-135b899436c0",
            "ticker": "KXHIGHAUS-24DEC31-B66.5",
            "count": 48,
            "created_time": "2024-12-31T16:20:32.87228Z",
            "yes_price": 11,
            "no_price": 89,
            "taker_side": "no"
        },
        {
            "trade_id": "2b7f2f9f-87dd-4f6a-8ae0-304ae7a1eea4",
            "ticker": "KXHIGHAUS-24DEC31-B66.5",
            "count": 2,
            "created_time": "2024-12-31T16:16:38.495342Z",
            "yes_price": 13,
            "no_price": 87,
            "taker_side": "no"
        },
        {
            "trade_id": "dcd0c1d9-07a3-47b9-b95f-a2165459b44a",
            "ticker": "KXHIGHAUS-24DEC31-B66.5",
            "count": 147,
            "created_time": "2024-12-31T16:13:51.38138Z",
            "yes_price": 15,
            "no_price": 85,
            "taker_side": "no"
        },
        {
            "trade_id": "2bd3a13a-217e-4e01-9aa4-2bd32832d216",
