{
    "HIGHAUS-24SEP16-T93": [
        {
            "trade_id": "c5f9fb8d-7bb0-456a-b96e-b1876a38c701",
            "ticker": "HIGHAUS-24SEP16-T93",
            "count": 46,
            "created_time": "2024-09-15T21:56:36.422932Z",
            "yes_price": 1,
            "no_price": 99,
            "taker_side": "no"
        },
        {
            "trade_id": "f86d1211-b52a-408d-9641-c46392db4f42",
            "ticker": "HIGHAUS-24SEP16-T93",
            "count": 4,
            "created_time": "2024-09-15T21:40:51.355826Z",
            "yes_price": 1,
            "no_price": 99,
            "taker_side": "no"
        }
    ],
    "HIGHAUS-24SEP16-B93.5": [
        {
            "trade_id": "43c5831e-9877-4cbb-924a-ac8933de430a",
            "ticker": "HIGHAUS-24SEP16-B93.5",
            "count": 90,
            "created_time": "2024-09-16T14:43:19.945982Z",
            "yes_price": 1,
            "no_price": 99,
            "taker_side": "no"
        },
        {
            "trade_id": "d5ce0cb2-f870-450d-a8b8-f859ab033cce",
            "ticker": "HIGHAUS-24SEP16-B93.5",
            "count": 10,
            "created_time": "2024-09-16T13:15:42.419547Z",
            "yes_price": 1,
            "no_price": 99,
            "taker_side": "no"
        },
        {
            "trade_id": "de44a981-0312-433b-b244-868313b94719",
            "ticker": "HIGHAUS-24SEP16-B93.5",
            "count": 18,
            "created_time": "2024-09-16T13:09:08.789591Z",
            "yes_price": 1,
            "no_price": 99,
            "taker_side": "no"
        },
        {
            "trade_id": "33eced83-36c9-4e7a-ada4-823449c62a6b",
            "ticker": "HIGHAUS-24SEP16-B93.5",
            "count": 7,
            "created_time": "2024-09-16T13:08:46.953232Z",
            "yes_price": 1,
            "no_price": 99,
            "taker_side": "no"
        },
        {
            "trade_id": "7211bfb6-8f4c-4942-828d-84573286ebf6",
            "ticker": "HIGHAUS-24SEP16-B93.5",
            "count": 25,
            "created_time": "2024-09-16T13:06:54.333999Z",
            "yes_price": 1,
            "no_price": 99,
            "taker_side": "no"
        },
        {
            "trade_id": "b8eea3cd-a5a2-4a8c-a005-ae0ca18cf921",
            "ticker": "HIGHAUS-24SEP16-B93.5",
            "count": 50,
            "created_time": "2024-09-16T03:50:40.785676Z",
            "yes_price": 1,
            "no_price": 99,
            "taker_side": "no"
        },
        {
            "trade_id": "761eda68-bbbf-4be9-b206-1706918f1f48",
            "ticker": "HIGHAUS-24SEP16-B93.5",
            "count": 40,
            "created_time": "2024-09-16T02:47:58.304166Z",
            "yes_price": 2,
            "no_price": 98,
            "taker_side": "no"
        },
        {
            "trade_id": "014f7c21-0427-4cf7-b5ca-ec9f0be8814f",
            "ticker": "HIGHAUS-24SEP16-B93.5",
            "count": 10,
            "created_time": "2024-09-16T02:12:49.824571Z",
            "yes_price": 2,
            "no_price": 98,
            "taker_side": "no"
        },
        {
            "trade_id": "e1aaef6a-1388-4ba1-ac50-617b5774c630",
            "ticker": "HIGHAUS-24SEP16-B93.5",
            "count": 100,
            "created_time": "2024-09-16T02:11:13.520649Z",
            "yes_price": 2,
            "no_price": 98,
            "taker_side": "no"
        }
    ],
    "HIGHAUS-24SEP16-B95.5": [
        {
            "trade_id": "3aaf7275-b803-4096-b0d7-8a4b2e503e75",
            "ticker": "HIGHAUS-24SEP16-B95.5",
            "count": 67,
            "created_time": "2024-09-16T22:44:24.502724Z",
            "yes_price": 1,
            "no_price": 99,
            "taker_side": "yes"
        },
        {
            "trade_id": "9debf5c8-2890-4c62-89eb-8f0d7ad62e42",
            "ticker": "HIGHAUS-24SEP16-B95.5",
            "count": 518,
            "created_time": "2024-09-16T21:36:59.026741Z",
            "yes_price": 1,
            "no_price": 99,
            "taker_side": "yes"
        },
        {
            "trade_id": "e8ac05a1-4bea-45e4-9269-7e7683d4cdeb",
            "ticker": "HIGHAUS-24SEP16-B95.5",
            "count": 1,
            "created_time": "2024-09-16T20:47:58.147381Z",
            "yes_price": 1,
            "no_price": 99,
            "taker_side": "no"
        },
        {
            "trade_id": "5c18eafe-63f4-447f-8c19-2b8cf60a924f",
            "ticker": "HIGHAUS-24SEP16-B95.5",
            "count": 50,
            "created_time": "2024-09-16T20:47:58.147381Z",
            "yes_price": 1,
            "no_price": 99,
            "taker_side": "no"
        },
        {
            "trade_id": "cb8ab054-e1dc-4a5b-82f7-cccd3ea769d8",
            "ticker": "HIGHAUS-24SEP16-B95.5",
            "count": 10,
            "created_time": "2024-09-16T18:55:38.958091Z",
            "yes_price": 10,
            "no_price": 90,
            "taker_side": "no"
        },
        {
            "trade_id": "e140a525-83cc-4e34-a230-af4cdfee0116",
            "ticker": "HIGHAUS-24SEP16-B95.5",
            "count": 10,
            "created_time": "2024-09-16T18:55:18.15477Z",
            "yes_price": 22,
            "no_price": 78,
            "taker_side": "no"
        },
        {
            "trade_id": "d9dca427-3ae5-419a-890b-f90b0859eb0c",
            "ticker": "HIGHAUS-24SEP16-B95.5",
            "count": 10,
            "created_time": "2024-09-16T18:55:18.15477Z",
            "yes_price": 20,
            "no_price": 80,
            "taker_side": "no"
        },
        {
            "trade_id": "a99f8c78-003c-467e-a2ec-a1cc145c31e3",
            "ticker": "HIGHAUS-24SEP16-B95.5",
            "count": 10,
            "created_time": "2024-09-16T18:55:18.15477Z",
            "yes_price": 25,
            "no_price": 75,
            "taker_side": "no"
        },
        {
            "trade_id": "68178fc2-11f3-4cd5-b144-0d0874b7673f",
            "ticker": "HIGHAUS-24SEP16-B95.5",
            "count": 35,
            "created_time": "2024-09-16T18:55:18.15477Z",
            "yes_price": 14,
            "no_price": 86,
            "taker_side": "no"
        },
        {
            "trade_id": "167e665d-402d-443d-85fb-8f581415a14b",
            "ticker": "HIGHAUS-24SEP16-B95.5",
            "count": 25,
            "created_time": "2024-09-16T18:55:18.15477Z",
            "yes_price": 15,
            "no_price": 85,
            "taker_side": "no"
        },
        {
            "trade_id": "0bb6b601-c82e-47dd-8f22-4b2892174703",
            "ticker": "HIGHAUS-24SEP16-B95.5",
            "count": 28,
            "created_time": "2024-09-16T18:55:18.15477Z",
            "yes_price": 16,
            "no_price": 84,
            "taker_side": "no"
        },
        {
            "trade_id": "f31a28ad-7487-4684-a21b-ef4d5dc5429e",
            "ticker": "HIGHAUS-24SEP16-B95.5",
            "count": 5,
            "created_time": "2024-09-16T17:30:31.382594Z",
            "yes_price": 14,
            "no_price": 86,
            "taker_side": "no"
        },
        {
            "trade_id": "6857707b-f5cc-469d-897e-1689ab5dd30b",
            "ticker": "HIGHAUS-24SEP16-B95.5",
            "count": 4,
            "created_time": "2024-09-16T17:30:31.382594Z",
            "yes_price": 21,
            "no_price": 79,
            "taker_side": "no"
        },
        {
            "trade_id": "609c2a77-3599-4511-acd3-443bf6c5445a",
            "ticker": "HIGHAUS-24SEP16-B95.5",
            "count": 33,
            "created_time": "2024-09-16T17:14:17.181157Z",
            "yes_price": 35,
            "no_price": 65,
            "taker_side": "yes"
        },
        {
            "trade_id": "4c89d254-a5fd-4a52-ae3a-54130a5892c0",
            "ticker": "HIGHAUS-24SEP16-B95.5",
            "count": 60,
            "created_time": "2024-09-16T17:14:17.181157Z",
            "yes_price": 35,
            "no_price": 65,
            "taker_side": "yes"
        },
        {
            "trade_id": "0c28a756-300e-4d36-b2c4-a459c7fdb65e",
            "ticker": "HIGHAUS-24SEP16-B95.5",
            "count": 170,
            "created_time": "2024-09-16T17:14:17.181157Z",
            "yes_price": 37,
            "no_price": 63,
            "taker_side": "yes"
        },
        {
            "trade_id": "583e95de-a4f0-45c6-bad2-75063931eca1",
            "ticker": "HIGHAUS-24SEP16-B95.5",
            "count": 25,
            "created_time": "2024-09-16T17:00:28.92288Z",
            "yes_price": 30,
            "no_price": 70,
            "taker_side": "yes"
        },
        {
            "trade_id": "eddb77f9-3d0e-4e74-90aa-a9c1d35fa93c",
            "ticker": "HIGHAUS-24SEP16-B95.5",
            "count": 120,
            "created_time": "2024-09-16T16:31:58.142929Z",
            "yes_price": 28,
            "no_price": 72,
            "taker_side": "no"
        },
        {
            "trade_id": "362e6b19-81d7-4656-b3e4-e2d48b75e4be",
            "ticker": "HIGHAUS-24SEP16-B95.5",
            "count": 200,
            "created_time": "2024-09-16T16:31:58.142929Z",
            "yes_price": 26,
            "no_price": 74,
            "taker_side": "no"
        },
        {
            "trade_id": "2401b159-47aa-40c7-9f0d-286edb39fa8e",
            "ticker": "HIGHAUS-24SEP16-B95.5",
            "count": 20,
            "created_time": "2024-09-16T16:26:12.592632Z",
            "yes_price": 28,
            "no_price": 72,
            "taker_side": "no"
        },
        {
            "trade_id": "d0fb8d33-5b67-4208-a196-2ffe65d2dd16",
            "ticker": "HIGHAUS-24SEP16-B95.5",
            "count": 30,
            "created_time": "2024-09-16T16:25:48.975418Z",
            "yes_price": 28,
            "no_price": 72,
            "taker_side": "no"
        },
        {
            "trade_id": "67897992-a5ae-4315-955c-4a029dd4b7c1",
            "ticker": "HIGHAUS-24SEP16-B95.5",
            "count": 20,
            "created_time": "2024-09-16T16:18:58.930616Z",
            "yes_price": 32,
            "no_price": 68,
            "taker_side": "no"
        },
        {
            "trade_id": "1a834d29-70c4-4443-b397-dac0c2f59a67",
            "ticker": "HIGHAUS-24SEP16-B95.5",
            "count": 90,
            "created_time": "2024-09-16T16:18:58.930616Z",
            "yes_price": 30,
            "no_price": 70,
            "taker_side": "no"
        },
        {
            "trade_id": "18f226b1-78b3-4ae1-a4b5-18973758c286",
            "ticker": "HIGHAUS-24SEP16-B95.5",
            "count": 7,
            "created_time": "2024-09-16T16:16:15.975044Z",
            "yes_price": 32,
            "no_price": 68,
            "taker_side": "no"
        },
        {
            "trade_id": "534ab14f-9f3c-4656-aafa-36e396daa661",
            "ticker": "HIGHAUS-24SEP16-B95.5",
            "count": 20,
            "created_time": "2024-09-16T16:05:38.619533Z",
            "yes_price": 33,
            "no_price": 67,
            "taker_side": "no"
        },
        {
            "trade_id": "ef12a9bc-b79a-4a41-995c-70e6ca308d01",
            "ticker": "HIGHAUS-24SEP16-B95.5",
            "count": 20,
            "created_time": "2024-09-16T15:58:43.347003Z",
            "yes_price": 31,
            "no_price": 69,
            "taker_side": "yes"
        },
        {
            "trade_id": "56b8aa6a-badc-4207-ae77-eff3fa401fcf",
            "ticker": "HIGHAUS-24SEP16-B95.5",
            "count": 200,
            "created_time": "2024-09-16T15:58:43.347003Z",
            "yes_price": 35,
            "no_price": 65,
            "taker_side": "yes"
        },
        {
            "trade_id": "4bba45c8-3b14-493d-be5c-b2fc1a54abc6",
            "ticker": "HIGHAUS-24SEP16-B95.5",
            "count": 25,
            "created_time": "2024-09-16T15:58:43.347003Z",
            "yes_price": 33,
            "no_price": 67,
            "taker_side": "yes"
        },
        {
            "trade_id": "279642ff-61b5-462c-93e4-8feafae33c1c",
            "ticker": "HIGHAUS-24SEP16-B95.5",
            "count": 20,
            "created_time": "2024-09-16T15:58:43.347003Z",
            "yes_price": 31,
            "no_price": 69,
            "taker_side": "yes"
        },
        {
            "trade_id": "0541cbc5-cea6-4fce-89b7-07f4267fb8ec",
            "ticker": "HIGHAUS-24SEP16-B95.5",
            "count": 200,
            "created_time": "2024-09-16T15:58:43.347003Z",
            "yes_price": 33,
            "no_price": 67,
            "taker_side": "yes"
        },
        {
            "trade_id": "e65564fb-e080-4df6-83e3-ed36f9b53eef",
            "ticker": "HIGHAUS-24SEP16-B95.5",
            "count": 80,
            "created_time": "2024-09-16T15:38:46.034096Z",
            "yes_price": 26,
            "no_price": 74,
            "taker_side": "no"
        },
        {
            "trade_id": "7b473e7b-d4c5-45f1-9a42-5510b8fcd19f",
            "ticker": "HIGHAUS-24SEP16-B95.5",
            "count": 49,
            "created_time": "2024-09-16T15:38:46.034096Z",
            "yes_price": 24,
            "no_price": 76,
            "taker_side": "no"
        },
        {
            "trade_id": "420a6c6f-7d08-4070-8d6d-4799c7dd0d8c",
            "ticker": "HIGHAUS-24SEP16-B95.5",
            "count": 2,
            "created_time": "2024-09-16T15:38:46.034096Z",
            "yes_price": 30,
            "no_price": 70,
            "taker_side": "no"
        },
        {
            "trade_id": "0aa07d20-c2f9-43cf-aa9c-28dc1b2f4eb4",
            "ticker": "HIGHAUS-24SEP16-B95.5",
            "count": 2,
            "created_time": "2024-09-16T15:09:44.071819Z",
            "yes_price": 34,
            "no_price": 66,
            "taker_side": "yes"
        },
        {
            "trade_id": "ccf46ce1-f91c-45cc-a658-316fa040f7e1",
            "ticker": "HIGHAUS-24SEP16-B95.5",
            "count": 50,
            "created_time": "2024-09-16T15:04:07.958898Z",
            "yes_price": 33,
            "no_price": 67,
            "taker_side": "yes"
        },
        {
            "trade_id": "25f09ca2-41b6-4d81-9562-b18abfe2a95d",
            "ticker": "HIGHAUS-24SEP16-B95.5",
            "count": 20,
            "created_time": "2024-09-16T15:03:29.515392Z",
            "yes_price": 32,
            "no_price": 68,
            "taker_side": "yes"
        },
        {
            "trade_id": "48777e48-44c5-43cf-8761-b769f168b935",
            "ticker": "HIGHAUS-24SEP16-B95.5",
            "count": 10,
            "created_time": "2024-09-16T14:44:22.830341Z",
            "yes_price": 24,
            "no_price": 76,
            "taker_side": "no"
        },
        {
            "trade_id": "b3866b7b-dfc2-4b64-b702-aaa2718abaf7",
            "ticker": "HIGHAUS-24SEP16-B95.5",
            "count": 10,
            "created_time": "2024-09-16T14:30:55.882197Z",
            "yes_price": 23,
            "no_price": 77,
            "taker_side": "no"
        },
        {
            "trade_id": "c0fcbeee-daf3-4a1b-bc18-1be9678400dc",
            "ticker": "HIGHAUS-24SEP16-B95.5",
            "count": 20,
            "created_time": "2024-09-16T14:30:33.312334Z",
            "yes_price": 24,
            "no_price": 76,
            "taker_side": "no"
        },
        {
            "trade_id": "f54ad7fd-e306-4711-b450-4ffa4f3da8ed",
            "ticker": "HIGHAUS-24SEP16-B95.5",
            "count": 100,
            "created_time": "2024-09-16T14:21:02.739689Z",
            "yes_price": 25,
            "no_price": 75,
            "taker_side": "no"
        },
        {
            "trade_id": "f01ccfb5-1c4e-4901-a98c-1327772b8671",
            "ticker": "HIGHAUS-24SEP16-B95.5",
            "count": 18,
            "created_time": "2024-09-16T14:21:02.739689Z",
            "yes_price": 25,
            "no_price": 75,
            "taker_side": "no"
        },
        {
            "trade_id": "73dea05d-e894-4281-9b0d-cd10e70a7834",
            "ticker": "HIGHAUS-24SEP16-B95.5",
            "count": 30,
            "created_time": "2024-09-16T14:18:12.569961Z",
            "yes_price": 30,
            "no_price": 70,
            "taker_side": "no"
        },
        {
            "trade_id": "56ba9614-7aa8-406c-9699-8e40a2ad2756",
            "ticker": "HIGHAUS-24SEP16-B95.5",
            "count": 50,
            "created_time": "2024-09-16T14:18:12.569961Z",
            "yes_price": 28,
            "no_price": 72,
            "taker_side": "no"
        },
        {
            "trade_id": "a39c2af5-08f8-441d-93ba-1c755e82caea",
            "ticker": "HIGHAUS-24SEP16-B95.5",
            "count": 32,
            "created_time": "2024-09-16T13:17:13.544906Z",
            "yes_price": 25,
            "no_price": 75,
            "taker_side": "no"
        },
        {
            "trade_id": "a050bce1-dd28-47c8-a4fc-5258cc690543",
            "ticker": "HIGHAUS-24SEP16-B95.5",
            "count": 100,
            "created_time": "2024-09-16T13:17:13.544906Z",
            "yes_price": 26,
            "no_price": 74,
            "taker_side": "no"
        },
        {
            "trade_id": "c8b1aef0-871d-4d4e-9256-e72d167ea848",
            "ticker": "HIGHAUS-24SEP16-B95.5",
            "count": 50,
            "created_time": "2024-09-16T13:16:33.61111Z",
            "yes_price": 27,
            "no_price": 73,
            "taker_side": "no"
        },
        {
            "trade_id": "d53945f7-bc2f-446f-bec5-9dab849917de",
            "ticker": "HIGHAUS-24SEP16-B95.5",
            "count": 20,
            "created_time": "2024-09-16T13:10:27.985842Z",
            "yes_price": 28,
            "no_price": 72,
            "taker_side": "no"
        },
        {
            "trade_id": "ccf28b24-960f-4057-9619-eb1efb187447",
            "ticker": "HIGHAUS-24SEP16-B95.5",
            "count": 18,
            "created_time": "2024-09-16T13:09:08.789363Z",
            "yes_price": 35,
            "no_price": 65,
            "taker_side": "no"
        },
        {
            "trade_id": "28ce7ed5-9cbb-4a5c-a6a5-f5ae8e9d3817",
            "ticker": "HIGHAUS-24SEP16-B95.5",
            "count": 7,
            "created_time": "2024-09-16T13:08:46.979408Z",
            "yes_price": 35,
            "no_price": 65,
            "taker_side": "no"
        },
        {
            "trade_id": "0b82f452-6812-4142-99c5-f8f81d5b281a",
            "ticker": "HIGHAUS-24SEP16-B95.5",
            "count": 25,
            "created_time": "2024-09-16T13:06:54.330344Z",
            "yes_price": 37,
            "no_price": 63,
            "taker_side": "no"
        },
        {
            "trade_id": "d61a0ff2-2bb4-4f1b-858a-b4d18ddb9ea7",
            "ticker": "HIGHAUS-24SEP16-B95.5",
            "count": 60,
            "created_time": "2024-09-16T12:37:33.650052Z",
            "yes_price": 40,
            "no_price": 60,
            "taker_side": "no"
        },
        {
            "trade_id": "aff24566-66ae-4966-99a6-cfcdb25e84c2",
            "ticker": "HIGHAUS-24SEP16-B95.5",
            "count": 200,
            "created_time": "2024-09-16T12:37:33.650052Z",
            "yes_price": 38,
            "no_price": 62,
            "taker_side": "no"
        },
        {
            "trade_id": "a8504f49-7c4f-4507-b1e5-dccf40a905ee",
            "ticker": "HIGHAUS-24SEP16-B95.5",
            "count": 4,
            "created_time": "2024-09-16T12:30:52.253359Z",
            "yes_price": 43,
            "no_price": 57,
            "taker_side": "yes"
        },
        {
            "trade_id": "40cd234d-951d-4abf-a64c-f5859578da90",
            "ticker": "HIGHAUS-24SEP16-B95.5",
            "count": 2,
            "created_time": "2024-09-16T12:17:02.099691Z",
            "yes_price": 43,
            "no_price": 57,
            "taker_side": "yes"
        },
        {
            "trade_id": "f48e034f-d099-4fc2-acef-3bce9d125769",
            "ticker": "HIGHAUS-24SEP16-B95.5",
            "count": 7,
            "created_time": "2024-09-16T12:16:41.260168Z",
            "yes_price": 43,
            "no_price": 57,
            "taker_side": "yes"
        },
        {
            "trade_id": "9672c8d5-f6c4-4658-8de8-b8971d046574",
            "ticker": "HIGHAUS-24SEP16-B95.5",
            "count": 1,
            "created_time": "2024-09-16T12:14:37.200919Z",
            "yes_price": 43,
            "no_price": 57,
            "taker_side": "no"
        },
        {
            "trade_id": "b0adbdd5-5124-4d76-871b-4c61691197ad",
            "ticker": "HIGHAUS-24SEP16-B95.5",
            "count": 14,
            "created_time": "2024-09-16T12:10:23.55087Z",
            "yes_price": 43,
            "no_price": 57,
            "taker_side": "yes"
        },
        {
            "trade_id": "529f67ea-f3b7-44fe-8599-8bbfcb4e277c",
            "ticker": "HIGHAUS-24SEP16-B95.5",
            "count": 1,
            "created_time": "2024-09-16T12:00:28.347984Z",
            "yes_price": 24,
            "no_price": 76,
            "taker_side": "yes"
        },
        {
            "trade_id": "3828255a-73f2-4e27-a863-18465fbb17d4",
            "ticker": "HIGHAUS-24SEP16-B95.5",
            "count": 60,
            "created_time": "2024-09-16T12:00:28.347984Z",
            "yes_price": 26,
            "no_price": 74,
            "taker_side": "yes"
        },
        {
            "trade_id": "0f36c631-395d-4ff4-81db-f276539934f8",
            "ticker": "HIGHAUS-24SEP16-B95.5",
            "count": 80,
            "created_time": "2024-09-16T03:50:12.433119Z",
            "yes_price": 22,
            "no_price": 78,
            "taker_side": "no"
        },
        {
            "trade_id": "c56180d5-eee3-4839-9b38-62d9f7ab3e35",
            "ticker": "HIGHAUS-24SEP16-B95.5",
            "count": 120,
            "created_time": "2024-09-16T02:31:52.323465Z",
            "yes_price": 24,
            "no_price": 76,
            "taker_side": "yes"
        },
        {
            "trade_id": "f2c4837c-01f1-4726-8221-acc0ec1fdd8d",
            "ticker": "HIGHAUS-24SEP16-B95.5",
            "count": 1,
            "created_time": "2024-09-16T02:12:21.090336Z",
            "yes_price": 23,
            "no_price": 77,
            "taker_side": "yes"
        },
        {
            "trade_id": "d16cf362-3b62-47e8-be10-b308ec93bbeb",
            "ticker": "HIGHAUS-24SEP16-B95.5",
            "count": 200,
            "created_time": "2024-09-16T02:02:15.471915Z",
            "yes_price": 21,
            "no_price": 79,
            "taker_side": "yes"
        },
        {
            "trade_id": "33f54227-2782-423a-a45f-0a08a4acafc7",
            "ticker": "HIGHAUS-24SEP16-B95.5",
            "count": 160,
            "created_time": "2024-09-16T02:02:15.471915Z",
            "yes_price": 20,
            "no_price": 80,
            "taker_side": "yes"
        },
        {
            "trade_id": "81794936-6cba-4069-83bc-7c7199cd689d",
            "ticker": "HIGHAUS-24SEP16-B95.5",
            "count": 200,
            "created_time": "2024-09-16T01:40:50.47057Z",
            "yes_price": 18,
            "no_price": 82,
            "taker_side": "yes"
        },
        {
            "trade_id": "2c5d379b-bc9a-4ae6-8fe5-b760e898b6c8",
            "ticker": "HIGHAUS-24SEP16-B95.5",
            "count": 120,
            "created_time": "2024-09-16T01:40:46.802958Z",
            "yes_price": 17,
            "no_price": 83,
            "taker_side": "yes"
        },
        {
            "trade_id": "c6d71b84-886b-462a-8474-a4cc4cf79ab2",
            "ticker": "HIGHAUS-24SEP16-B95.5",
            "count": 16,
            "created_time": "2024-09-15T22:46:04.256626Z",
            "yes_price": 14,
            "no_price": 86,
            "taker_side": "no"
        },
        {
            "trade_id": "b9fe17e9-ef1c-421f-89f4-7494506f2b7b",
            "ticker": "HIGHAUS-24SEP16-B95.5",
            "count": 100,
            "created_time": "2024-09-15T22:46:04.256626Z",
            "yes_price": 15,
            "no_price": 85,
            "taker_side": "no"
        },
        {
            "trade_id": "e5fe2fa1-9b66-40b8-8ecb-17140054df11",
            "ticker": "HIGHAUS-24SEP16-B95.5",
            "count": 60,
            "created_time": "2024-09-15T22:24:23.446992Z",
            "yes_price": 17,
            "no_price": 83,
            "taker_side": "yes"
        },
        {
            "trade_id": "67fb359d-4961-46a4-96fe-ef5cf37e5b0d",
            "ticker": "HIGHAUS-24SEP16-B95.5",
            "count": 200,
            "created_time": "2024-09-15T22:24:23.446992Z",
            "yes_price": 18,
            "no_price": 82,
            "taker_side": "yes"
        },
        {
            "trade_id": "3e1614dc-824a-484c-adb4-ee1bba6243ab",
            "ticker": "HIGHAUS-24SEP16-B95.5",
            "count": 200,
            "created_time": "2024-09-15T22:24:23.446992Z",
            "yes_price": 20,
            "no_price": 80,
            "taker_side": "yes"
        },
        {
            "trade_id": "52c64777-5fb2-430b-828f-2072dccd3e90",
            "ticker": "HIGHAUS-24SEP16-B95.5",
            "count": 9,
            "created_time": "2024-09-15T21:46:28.828328Z",
            "yes_price": 21,
            "no_price": 79,
            "taker_side": "yes"
        },
        {
            "trade_id": "a6742537-d51f-4389-adc9-247b718aa330",
            "ticker": "HIGHAUS-24SEP16-B95.5",
            "count": 140,
            "created_time": "2024-09-15T21:40:50.872511Z",
            "yes_price": 20,
            "no_price": 80,
            "taker_side": "no"
        },
        {
            "trade_id": "6bb33fa2-e8b5-4640-bf17-55687435223d",
            "ticker": "HIGHAUS-24SEP16-B95.5",
            "count": 20,
            "created_time": "2024-09-15T21:40:42.947307Z",
            "yes_price": 20,
            "no_price": 80,
            "taker_side": "no"
        },
        {
            "trade_id": "8d35913f-6160-4d2e-aab1-1121be85d34b",
            "ticker": "HIGHAUS-24SEP16-B95.5",
            "count": 20,
            "created_time": "2024-09-15T21:36:32.627758Z",
            "yes_price": 20,
            "no_price": 80,
            "taker_side": "no"
        },
        {
            "trade_id": "96b5bbcb-f626-49f4-a8a1-40d7c8364dcd",
            "ticker": "HIGHAUS-24SEP16-B95.5",
            "count": 58,
            "created_time": "2024-09-15T21:04:34.302786Z",
            "yes_price": 25,
            "no_price": 75,
            "taker_side": "no"
        },
        {
            "trade_id": "151b23c9-ee3e-48cd-a034-3488f3dbcdcc",
            "ticker": "HIGHAUS-24SEP16-B95.5",
            "count": 1,
            "created_time": "2024-09-15T21:04:34.302786Z",
            "yes_price": 25,
            "no_price": 75,
            "taker_side": "no"
        },
        {
            "trade_id": "1348c75d-db15-4684-87ac-b0d6c423d973",
            "ticker": "HIGHAUS-24SEP16-B95.5",
            "count": 20,
            "created_time": "2024-09-15T21:04:34.302786Z",
            "yes_price": 25,
            "no_price": 75,
            "taker_side": "no"
        },
        {
            "trade_id": "ed6be09b-f783-46c4-98dd-6997d90f2a6b",
            "ticker": "HIGHAUS-24SEP16-B95.5",
            "count": 140,
            "created_time": "2024-09-15T19:57:40.713116Z",
            "yes_price": 25,
            "no_price": 75,
            "taker_side": "no"
        },
        {
            "trade_id": "06bfe3d8-eea4-47b1-a016-61226e138d08",
            "ticker": "HIGHAUS-24SEP16-B95.5",
            "count": 10,
            "created_time": "2024-09-15T19:57:31.611523Z",
            "yes_price": 25,
            "no_price": 75,
            "taker_side": "no"
        },
        {
            "trade_id": "b2832734-5ca7-4343-ac2e-16a4aa0216ec",
            "ticker": "HIGHAUS-24SEP16-B95.5",
            "count": 80,
            "created_time": "2024-09-15T19:57:31.309285Z",
            "yes_price": 24,
            "no_price": 76,
            "taker_side": "yes"
        },
        {
            "trade_id": "5e62faae-8edd-4ee3-a631-b48f793c963d",
            "ticker": "HIGHAUS-24SEP16-B95.5",
            "count": 2,
            "created_time": "2024-09-15T19:57:31.309285Z",
            "yes_price": 23,
            "no_price": 77,
            "taker_side": "yes"
        },
        {
            "trade_id": "5d31205a-1b88-4c61-b6b8-1694e2ffece9",
            "ticker": "HIGHAUS-24SEP16-B95.5",
            "count": 10,
            "created_time": "2024-09-15T19:57:31.309285Z",
            "yes_price": 23,
            "no_price": 77,
            "taker_side": "yes"
        },
        {
            "trade_id": "83656e15-92ed-40e8-8a63-235645d8c4c7",
            "ticker": "HIGHAUS-24SEP16-B95.5",
            "count": 1,
            "created_time": "2024-09-15T17:30:38.946231Z",
            "yes_price": 20,
            "no_price": 80,
            "taker_side": "no"
        },
        {
            "trade_id": "9170c7e4-c65d-4bb3-a0c6-8ab97e9d1295",
            "ticker": "HIGHAUS-24SEP16-B95.5",
            "count": 20,
            "created_time": "2024-09-15T15:31:27.333304Z",
            "yes_price": 22,
            "no_price": 78,
            "taker_side": "no"
        },
        {
            "trade_id": "4a4e56fc-dda0-4ab6-ae20-09c4288da576",
            "ticker": "HIGHAUS-24SEP16-B95.5",
            "count": 22,
            "created_time": "2024-09-15T14:37:12.594629Z",
            "yes_price": 20,
            "no_price": 80,
            "taker_side": "no"
        }
    ],
    "HIGHAUS-24SEP16-B97.5": [
        {
            "trade_id": "963d5277-bd65-4bfd-a622-7d26d7a76fe8",
            "ticker": "HIGHAUS-24SEP16-B97.5",
            "count": 300,
            "created_time": "2024-09-17T02:59:52.652628Z",
            "yes_price": 99,
            "no_price": 1,
            "taker_side": "no"
        },
        {
            "trade_id": "82c2c1b3-7ecc-4ede-95ef-5d6bd9c51853",
            "ticker": "HIGHAUS-24SEP16-B97.5",
            "count": 5,
            "created_time": "2024-09-16T23:07:31.132848Z",
            "yes_price": 99,
            "no_price": 1,
            "taker_side": "yes"
        },
        {
            "trade_id": "17731bc5-75a6-46a4-aba4-3e892fbd59f0",
            "ticker": "HIGHAUS-24SEP16-B97.5",
            "count": 50,
            "created_time": "2024-09-16T22:57:56.172243Z",
            "yes_price": 99,
            "no_price": 1,
            "taker_side": "yes"
        },
        {
            "trade_id": "f666c19e-6075-4e20-8c2a-15f196feccdb",
            "ticker": "HIGHAUS-24SEP16-B97.5",
            "count": 1,
            "created_time": "2024-09-16T22:57:45.238105Z",
            "yes_price": 97,
            "no_price": 3,
            "taker_side": "yes"
        },
        {
            "trade_id": "5ccb8514-f80c-47f3-9a28-cde4ebc9a1ee",
            "ticker": "HIGHAUS-24SEP16-B97.5",
            "count": 25,
            "created_time": "2024-09-16T22:57:45.238105Z",
            "yes_price": 97,
            "no_price": 3,
            "taker_side": "yes"
        },
        {
            "trade_id": "56f1783f-afba-41d2-9c3e-15c908a1066a",
            "ticker": "HIGHAUS-24SEP16-B97.5",
            "count": 2,
            "created_time": "2024-09-16T21:56:58.750233Z",
            "yes_price": 96,
            "no_price": 4,
            "taker_side": "yes"
        },
        {
            "trade_id": "7ee029e0-ba3c-42e1-87c9-bf4a9e99a88d",
            "ticker": "HIGHAUS-24SEP16-B97.5",
            "count": 22,
            "created_time": "2024-09-16T21:51:16.276057Z",
            "yes_price": 96,
            "no_price": 4,
            "taker_side": "yes"
        },
        {
            "trade_id": "12a58fea-ffbf-4cc0-90ee-020b6f18ac15",
            "ticker": "HIGHAUS-24SEP16-B97.5",
            "count": 261,
            "created_time": "2024-09-16T21:29:38.803775Z",
            "yes_price": 89,
            "no_price": 11,
            "taker_side": "yes"
        },
        {
            "trade_id": "70728432-0c9c-434b-9057-6a060cc26bec",
            "ticker": "HIGHAUS-24SEP16-B97.5",
            "count": 39,
            "created_time": "2024-09-16T21:17:11.150259Z",
            "yes_price": 89,
            "no_price": 11,
            "taker_side": "yes"
        },
        {
            "trade_id": "380bb400-e384-45fd-b1be-b98914970cef",
            "ticker": "HIGHAUS-24SEP16-B97.5",
            "count": 10,
            "created_time": "2024-09-16T20:56:52.01728Z",
            "yes_price": 34,
            "no_price": 66,
            "taker_side": "no"
        },
        {
            "trade_id": "99a571f2-2245-4d0b-a1dc-fe84da6c50b2",
            "ticker": "HIGHAUS-24SEP16-B97.5",
            "count": 9,
            "created_time": "2024-09-16T19:47:26.565191Z",
            "yes_price": 58,
            "no_price": 42,
            "taker_side": "no"
        },
        {
            "trade_id": "3177cb65-e54a-4805-84d5-eeeab0f7d6fe",
            "ticker": "HIGHAUS-24SEP16-B97.5",
            "count": 1,
            "created_time": "2024-09-16T19:47:26.565191Z",
            "yes_price": 33,
            "no_price": 67,
            "taker_side": "no"
        },
        {
            "trade_id": "84c3929a-8be8-4a54-8365-ba4d500a7410",
            "ticker": "HIGHAUS-24SEP16-B97.5",
            "count": 33,
            "created_time": "2024-09-16T17:14:17.290937Z",
            "yes_price": 60,
            "no_price": 40,
            "taker_side": "no"
        },
        {
            "trade_id": "20952c6c-6993-40fa-9e75-34f0e0e2ffb6",
            "ticker": "HIGHAUS-24SEP16-B97.5",
            "count": 7,
            "created_time": "2024-09-16T16:16:15.918408Z",
            "yes_price": 63,
            "no_price": 37,
            "taker_side": "yes"
        },
        {
            "trade_id": "742a2458-0be8-44d6-9a67-02b99ce31d71",
            "ticker": "HIGHAUS-24SEP16-B97.5",
            "count": 29,
            "created_time": "2024-09-16T16:05:38.534273Z",
            "yes_price": 63,
            "no_price": 37,
            "taker_side": "yes"
        },
        {
            "trade_id": "4f4b81a4-e97a-480b-beb5-bc6339976be5",
            "ticker": "HIGHAUS-24SEP16-B97.5",
            "count": 20,
            "created_time": "2024-09-16T16:05:38.534273Z",
            "yes_price": 62,
            "no_price": 38,
            "taker_side": "yes"
        },
        {
            "trade_id": "4a8bedc3-a49e-415a-b7d7-d7ccad48f80e",
            "ticker": "HIGHAUS-24SEP16-B97.5",
            "count": 20,
            "created_time": "2024-09-16T15:58:43.478351Z",
            "yes_price": 62,
            "no_price": 38,
            "taker_side": "no"
        },
        {
            "trade_id": "8b56eb6a-6787-4f1e-a94b-a65b017c63b6",
            "ticker": "HIGHAUS-24SEP16-B97.5",
            "count": 58,
            "created_time": "2024-09-16T15:58:40.050007Z",
            "yes_price": 62,
            "no_price": 38,
            "taker_side": "no"
        },
        {
            "trade_id": "50b052f0-cac5-4648-954b-8e40ecb1eefc",
            "ticker": "HIGHAUS-24SEP16-B97.5",
            "count": 40,
            "created_time": "2024-09-16T15:58:40.050007Z",
            "yes_price": 64,
            "no_price": 36,
            "taker_side": "no"
        },
        {
            "trade_id": "120d2e70-fb27-4077-9555-d33ff9a7831b",
            "ticker": "HIGHAUS-24SEP16-B97.5",
            "count": 14,
            "created_time": "2024-09-16T15:34:31.593393Z",
            "yes_price": 68,
            "no_price": 32,
            "taker_side": "yes"
        },
        {
            "trade_id": "7f2afbea-20e3-4892-8929-f41fc4d33442",
            "ticker": "HIGHAUS-24SEP16-B97.5",
            "count": 20,
            "created_time": "2024-09-16T15:12:59.697879Z",
            "yes_price": 62,
            "no_price": 38,
            "taker_side": "no"
        },
        {
            "trade_id": "c4465f75-cec4-4814-beb5-4dbca53dd954",
            "ticker": "HIGHAUS-24SEP16-B97.5",
            "count": 31,
            "created_time": "2024-09-16T15:03:07.818633Z",
            "yes_price": 63,
            "no_price": 37,
            "taker_side": "no"
        },
        {
            "trade_id": "d255ffd7-414b-472f-820e-e21c48e149b3",
            "ticker": "HIGHAUS-24SEP16-B97.5",
            "count": 11,
            "created_time": "2024-09-16T13:10:24.623041Z",
            "yes_price": 67,
            "no_price": 33,
            "taker_side": "yes"
        },
        {
            "trade_id": "c90d9032-3d59-4bc9-850b-4d7a593e4e30",
            "ticker": "HIGHAUS-24SEP16-B97.5",
            "count": 18,
            "created_time": "2024-09-16T13:09:08.657633Z",
            "yes_price": 65,
            "no_price": 35,
            "taker_side": "yes"
        },
        {
            "trade_id": "ad882203-6eb9-4a36-952e-f6813495596a",
            "ticker": "HIGHAUS-24SEP16-B97.5",
            "count": 40,
            "created_time": "2024-09-16T13:09:08.657633Z",
            "yes_price": 66,
            "no_price": 34,
            "taker_side": "yes"
        },
        {
            "trade_id": "74c182cc-e96c-49a6-9642-d5a0e84da91a",
            "ticker": "HIGHAUS-24SEP16-B97.5",
            "count": 87,
            "created_time": "2024-09-16T13:09:08.657633Z",
            "yes_price": 68,
            "no_price": 32,
            "taker_side": "yes"
        },
        {
            "trade_id": "f21638de-41dd-4ad0-b9f1-30570312ca7c",
            "ticker": "HIGHAUS-24SEP16-B97.5",
            "count": 7,
            "created_time": "2024-09-16T13:08:46.894148Z",
            "yes_price": 65,
            "no_price": 35,
            "taker_side": "yes"
        },
        {
            "trade_id": "e0161f00-7a3a-4963-a65c-7c7a01cc2211",
            "ticker": "HIGHAUS-24SEP16-B97.5",
            "count": 85,
            "created_time": "2024-09-16T13:06:54.230603Z",
            "yes_price": 63,
            "no_price": 37,
            "taker_side": "yes"
        },
        {
            "trade_id": "a84a2d97-e315-4d14-9b38-2af7dc7e5401",
            "ticker": "HIGHAUS-24SEP16-B97.5",
            "count": 25,
            "created_time": "2024-09-16T13:06:54.230603Z",
            "yes_price": 59,
            "no_price": 41,
            "taker_side": "yes"
        },
        {
            "trade_id": "4ffd4df6-9939-4d3e-81b2-ce6bea83c8c5",
            "ticker": "HIGHAUS-24SEP16-B97.5",
            "count": 80,
            "created_time": "2024-09-16T13:06:54.230603Z",
            "yes_price": 60,
            "no_price": 40,
            "taker_side": "yes"
        },
        {
            "trade_id": "ff861110-641a-4a2c-bf8c-d0027b0de643",
            "ticker": "HIGHAUS-24SEP16-B97.5",
            "count": 1,
            "created_time": "2024-09-16T13:05:50.874974Z",
            "yes_price": 80,
            "no_price": 20,
            "taker_side": "yes"
        },
        {
            "trade_id": "de72772b-1337-49f0-bec8-2da196031cd9",
            "ticker": "HIGHAUS-24SEP16-B97.5",
            "count": 253,
            "created_time": "2024-09-16T13:05:50.874974Z",
            "yes_price": 53,
            "no_price": 47,
            "taker_side": "yes"
        },
        {
            "trade_id": "adb19f47-87e2-4e2a-9584-1aacd68e7328",
            "ticker": "HIGHAUS-24SEP16-B97.5",
            "count": 200,
            "created_time": "2024-09-16T13:05:50.874974Z",
            "yes_price": 60,
            "no_price": 40,
            "taker_side": "yes"
        },
        {
            "trade_id": "9cb4ef57-fcd9-4ac5-a2e1-d0fefc23ed24",
            "ticker": "HIGHAUS-24SEP16-B97.5",
            "count": 200,
            "created_time": "2024-09-16T13:05:50.874974Z",
            "yes_price": 58,
            "no_price": 42,
            "taker_side": "yes"
        },
        {
            "trade_id": "94538ee8-7cf7-45d1-83b3-91abda686525",
            "ticker": "HIGHAUS-24SEP16-B97.5",
            "count": 7,
            "created_time": "2024-09-16T13:05:50.874974Z",
            "yes_price": 54,
            "no_price": 46,
            "taker_side": "yes"
        },
        {
            "trade_id": "4a286437-2203-47b2-afa4-f4aff964071b",
            "ticker": "HIGHAUS-24SEP16-B97.5",
            "count": 1,
            "created_time": "2024-09-16T13:05:50.874974Z",
            "yes_price": 57,
            "no_price": 43,
            "taker_side": "yes"
        },
        {
            "trade_id": "2ec497fe-e069-4e90-bad0-8b3a995b834b",
            "ticker": "HIGHAUS-24SEP16-B97.5",
            "count": 20,
            "created_time": "2024-09-16T13:05:50.874974Z",
            "yes_price": 55,
            "no_price": 45,
            "taker_side": "yes"
        },
        {
            "trade_id": "05f3cf7e-125b-4f8b-aef3-0f111b4b4a6b",
            "ticker": "HIGHAUS-24SEP16-B97.5",
            "count": 2,
            "created_time": "2024-09-16T13:05:50.874974Z",
            "yes_price": 95,
            "no_price": 5,
            "taker_side": "yes"
        },
        {
            "trade_id": "afe7fc86-6cfb-4f9d-91c8-8ac43e54ba41",
            "ticker": "HIGHAUS-24SEP16-B97.5",
            "count": 44,
            "created_time": "2024-09-16T12:56:27.058867Z",
            "yes_price": 50,
            "no_price": 50,
            "taker_side": "no"
        },
        {
            "trade_id": "9cd4a8ed-4c73-498d-b9a7-21650af63343",
            "ticker": "HIGHAUS-24SEP16-B97.5",
            "count": 98,
            "created_time": "2024-09-16T12:56:27.058867Z",
            "yes_price": 51,
            "no_price": 49,
            "taker_side": "no"
        },
        {
            "trade_id": "234c9b3d-0961-412a-bc3c-200a01c32886",
            "ticker": "HIGHAUS-24SEP16-B97.5",
            "count": 100,
            "created_time": "2024-09-16T12:56:27.058867Z",
            "yes_price": 50,
            "no_price": 50,
            "taker_side": "no"
        },
        {
            "trade_id": "03e60f93-4223-4995-b071-1742b525ae27",
            "ticker": "HIGHAUS-24SEP16-B97.5",
            "count": 1,
            "created_time": "2024-09-16T12:56:27.058867Z",
            "yes_price": 51,
            "no_price": 49,
            "taker_side": "no"
        },
        {
            "trade_id": "05723149-5cb4-49ae-aacf-3ca4a1066b88",
            "ticker": "HIGHAUS-24SEP16-B97.5",
            "count": 15,
            "created_time": "2024-09-16T12:36:35.817873Z",
            "yes_price": 52,
            "no_price": 48,
            "taker_side": "no"
        },
        {
            "trade_id": "4e6c44a8-54d8-4929-b981-666dd69e79ba",
            "ticker": "HIGHAUS-24SEP16-B97.5",
            "count": 1,
            "created_time": "2024-09-16T12:36:27.015097Z",
            "yes_price": 53,
            "no_price": 47,
            "taker_side": "no"
        },
        {
            "trade_id": "13f46d06-0d66-48bc-8f93-8ad264e60108",
            "ticker": "HIGHAUS-24SEP16-B97.5",
            "count": 80,
            "created_time": "2024-09-16T12:33:29.117942Z",
            "yes_price": 53,
            "no_price": 47,
            "taker_side": "yes"
        },
        {
            "trade_id": "c83a3790-0c67-473c-b161-eb9b4fc075e3",
            "ticker": "HIGHAUS-24SEP16-B97.5",
            "count": 8,
            "created_time": "2024-09-16T12:10:23.653766Z",
            "yes_price": 54,
            "no_price": 46,
            "taker_side": "no"
        },
        {
            "trade_id": "0feca5fc-f00a-42d5-bad4-0d76610ff555",
            "ticker": "HIGHAUS-24SEP16-B97.5",
            "count": 6,
            "created_time": "2024-09-16T12:10:23.653766Z",
            "yes_price": 50,
            "no_price": 50,
            "taker_side": "no"
        },
        {
            "trade_id": "39cf9e29-4d37-4e7e-b88c-2266ad8ef82b",
            "ticker": "HIGHAUS-24SEP16-B97.5",
            "count": 8,
            "created_time": "2024-09-16T12:06:08.408353Z",
            "yes_price": 55,
            "no_price": 45,
            "taker_side": "no"
        },
        {
            "trade_id": "81b9586c-9374-4d04-a6c0-8729047fc9ad",
            "ticker": "HIGHAUS-24SEP16-B97.5",
            "count": 10,
            "created_time": "2024-09-16T12:05:20.85687Z",
            "yes_price": 57,
            "no_price": 43,
            "taker_side": "yes"
        },
        {
            "trade_id": "1dadb28a-81a0-4096-964d-685fddb0fb60",
            "ticker": "HIGHAUS-24SEP16-B97.5",
            "count": 1,
            "created_time": "2024-09-16T12:02:23.473344Z",
            "yes_price": 55,
            "no_price": 45,
            "taker_side": "no"
        },
        {
            "trade_id": "f4504cec-6303-4437-a4cc-e42214cc3b2f",
            "ticker": "HIGHAUS-24SEP16-B97.5",
            "count": 2,
            "created_time": "2024-09-16T12:02:10.599584Z",
            "yes_price": 55,
            "no_price": 45,
            "taker_side": "yes"
        },
        {
            "trade_id": "9ad5b5dc-3393-450e-8ebe-63b6fa6c66ff",
            "ticker": "HIGHAUS-24SEP16-B97.5",
            "count": 5,
            "created_time": "2024-09-16T12:00:50.168791Z",
            "yes_price": 56,
            "no_price": 44,
            "taker_side": "yes"
        },
        {
            "trade_id": "20fc9266-c4d9-47a9-a137-3a5b26ba18ce",
            "ticker": "HIGHAUS-24SEP16-B97.5",
            "count": 5,
            "created_time": "2024-09-16T12:00:50.168791Z",
            "yes_price": 56,
            "no_price": 44,
            "taker_side": "yes"
        },
        {
            "trade_id": "98894cc9-f802-4753-be02-7823faf55891",
            "ticker": "HIGHAUS-24SEP16-B97.5",
            "count": 1,
            "created_time": "2024-09-16T03:52:12.733494Z",
            "yes_price": 59,
            "no_price": 41,
            "taker_side": "yes"
        },
        {
            "trade_id": "502d9dc3-9166-4521-bee0-cbf00247235d",
            "ticker": "HIGHAUS-24SEP16-B97.5",
            "count": 27,
            "created_time": "2024-09-16T03:52:12.733494Z",
            "yes_price": 61,
            "no_price": 39,
            "taker_side": "yes"
        },
        {
            "trade_id": "c954987c-1fd4-45f2-8546-91534c49eee9",
            "ticker": "HIGHAUS-24SEP16-B97.5",
            "count": 60,
            "created_time": "2024-09-16T03:41:35.614925Z",
            "yes_price": 57,
            "no_price": 43,
            "taker_side": "no"
        },
        {
            "trade_id": "5a3e090a-1c6c-4eaa-acb4-3928afe60953",
            "ticker": "HIGHAUS-24SEP16-B97.5",
            "count": 20,
            "created_time": "2024-09-16T03:41:35.614925Z",
            "yes_price": 56,
            "no_price": 44,
            "taker_side": "no"
        },
        {
            "trade_id": "5fad6827-1ef5-4f66-b6b1-b3f345e0f2ec",
            "ticker": "HIGHAUS-24SEP16-B97.5",
            "count": 30,
            "created_time": "2024-09-16T02:46:16.083287Z",
            "yes_price": 57,
            "no_price": 43,
            "taker_side": "no"
        },
        {
            "trade_id": "794ee402-05e6-45c8-af2d-e30777b1af3d",
            "ticker": "HIGHAUS-24SEP16-B97.5",
            "count": 10,
            "created_time": "2024-09-16T02:44:00.72156Z",
            "yes_price": 57,
            "no_price": 43,
            "taker_side": "no"
        },
        {
            "trade_id": "968b00c9-3e10-4156-a78a-722842b0e936",
            "ticker": "HIGHAUS-24SEP16-B97.5",
            "count": 10,
            "created_time": "2024-09-16T02:11:52.915193Z",
            "yes_price": 60,
            "no_price": 40,
            "taker_side": "yes"
        },
        {
            "trade_id": "c4315e8a-d73a-447c-9328-6683f2f4778e",
            "ticker": "HIGHAUS-24SEP16-B97.5",
            "count": 300,
            "created_time": "2024-09-16T01:41:26.121997Z",
            "yes_price": 60,
            "no_price": 40,
            "taker_side": "yes"
        },
        {
            "trade_id": "f8f6df2b-1e09-4bef-a11a-28045d755410",
            "ticker": "HIGHAUS-24SEP16-B97.5",
            "count": 200,
            "created_time": "2024-09-16T01:33:19.535938Z",
            "yes_price": 61,
            "no_price": 39,
            "taker_side": "yes"
        },
        {
            "trade_id": "3b43536d-6188-4083-a7a3-36f109767ec4",
            "ticker": "HIGHAUS-24SEP16-B97.5",
            "count": 20,
            "created_time": "2024-09-16T01:33:19.535938Z",
            "yes_price": 59,
            "no_price": 41,
            "taker_side": "yes"
        },
        {
            "trade_id": "3832da41-ecc0-404a-a105-df222691fa8c",
            "ticker": "HIGHAUS-24SEP16-B97.5",
            "count": 80,
            "created_time": "2024-09-16T01:31:57.518413Z",
            "yes_price": 56,
            "no_price": 44,
            "taker_side": "yes"
        },
        {
            "trade_id": "fa1be387-0374-4aa4-ab8b-2621d2172584",
            "ticker": "HIGHAUS-24SEP16-B97.5",
            "count": 2,
            "created_time": "2024-09-16T01:29:01.85903Z",
            "yes_price": 54,
            "no_price": 46,
            "taker_side": "yes"
        },
        {
            "trade_id": "b301734c-ecea-4c02-bd2d-999507c18cd0",
            "ticker": "HIGHAUS-24SEP16-B97.5",
            "count": 200,
            "created_time": "2024-09-16T01:29:01.85903Z",
            "yes_price": 55,
            "no_price": 45,
            "taker_side": "yes"
        },
        {
            "trade_id": "23f100ea-3114-44be-a400-590d6ed3af6d",
            "ticker": "HIGHAUS-24SEP16-B97.5",
            "count": 40,
            "created_time": "2024-09-16T01:29:01.85903Z",
            "yes_price": 53,
            "no_price": 47,
            "taker_side": "yes"
        },
        {
            "trade_id": "e820c903-50a8-45f5-a078-49cf8c4cfbfc",
            "ticker": "HIGHAUS-24SEP16-B97.5",
            "count": 20,
            "created_time": "2024-09-16T01:24:17.55712Z",
            "yes_price": 47,
            "no_price": 53,
            "taker_side": "yes"
        },
        {
            "trade_id": "bd931099-1efe-470d-b19b-4df61a5dd7bd",
            "ticker": "HIGHAUS-24SEP16-B97.5",
            "count": 10,
            "created_time": "2024-09-16T01:24:17.55712Z",
            "yes_price": 53,
            "no_price": 47,
            "taker_side": "yes"
        },
        {
            "trade_id": "71bea884-a638-4281-a297-70a8c2460413",
            "ticker": "HIGHAUS-24SEP16-B97.5",
            "count": 60,
            "created_time": "2024-09-16T01:24:17.55712Z",
            "yes_price": 48,
            "no_price": 52,
            "taker_side": "yes"
        },
        {
            "trade_id": "4b37b824-24f8-4f23-86e2-509224bc5509",
            "ticker": "HIGHAUS-24SEP16-B97.5",
            "count": 200,
            "created_time": "2024-09-16T01:24:17.55712Z",
            "yes_price": 51,
            "no_price": 49,
            "taker_side": "yes"
        },
        {
            "trade_id": "c4d95db3-2caa-432c-b8da-e9157a3ab00b",
            "ticker": "HIGHAUS-24SEP16-B97.5",
            "count": 10,
            "created_time": "2024-09-15T23:29:30.427052Z",
            "yes_price": 42,
            "no_price": 58,
            "taker_side": "no"
        },
        {
            "trade_id": "dabdd4bb-2a4c-4349-8fee-645d66fc973a",
            "ticker": "HIGHAUS-24SEP16-B97.5",
            "count": 58,
            "created_time": "2024-09-15T22:08:41.100184Z",
            "yes_price": 47,
            "no_price": 53,
            "taker_side": "no"
        },
        {
            "trade_id": "3e1623eb-5051-4dfd-af19-3112d96ba9e1",
            "ticker": "HIGHAUS-24SEP16-B97.5",
            "count": 1,
            "created_time": "2024-09-15T22:08:41.100184Z",
            "yes_price": 47,
            "no_price": 53,
            "taker_side": "no"
        },
        {
            "trade_id": "0f93d7d2-66ed-421c-9322-64896f06257a",
            "ticker": "HIGHAUS-24SEP16-B97.5",
            "count": 20,
            "created_time": "2024-09-15T22:08:33.817789Z",
            "yes_price": 47,
            "no_price": 53,
            "taker_side": "no"
        },
        {
            "trade_id": "1eaf1d53-1f03-4bb6-9977-44ab67365789",
            "ticker": "HIGHAUS-24SEP16-B97.5",
            "count": 200,
            "created_time": "2024-09-15T22:08:33.802175Z",
            "yes_price": 47,
            "no_price": 53,
            "taker_side": "no"
        },
        {
            "trade_id": "d8b9c399-2da1-4778-b488-b9d0eb0f51f0",
            "ticker": "HIGHAUS-24SEP16-B97.5",
            "count": 20,
            "created_time": "2024-09-15T21:36:32.66899Z",
            "yes_price": 49,
            "no_price": 51,
            "taker_side": "no"
        },
        {
            "trade_id": "c0bc925d-3093-4896-a12b-441174642b99",
            "ticker": "HIGHAUS-24SEP16-B97.5",
            "count": 7,
            "created_time": "2024-09-15T21:36:32.66899Z",
            "yes_price": 49,
            "no_price": 51,
            "taker_side": "no"
        },
        {
            "trade_id": "a2de1388-459b-47c0-a2d3-d8fdd3dd54bd",
            "ticker": "HIGHAUS-24SEP16-B97.5",
            "count": 1,
            "created_time": "2024-09-15T21:36:32.66899Z",
            "yes_price": 49,
            "no_price": 51,
            "taker_side": "no"
        },
        {
            "trade_id": "4a8ffa70-8fc8-4f56-a4db-6fa38c7d9b58",
            "ticker": "HIGHAUS-24SEP16-B97.5",
            "count": 100,
            "created_time": "2024-09-15T21:03:07.799285Z",
            "yes_price": 49,
            "no_price": 51,
            "taker_side": "yes"
        },
        {
            "trade_id": "f5a12471-4e33-44db-bd68-ecb2326059ab",
            "ticker": "HIGHAUS-24SEP16-B97.5",
            "count": 80,
            "created_time": "2024-09-15T21:02:09.544966Z",
            "yes_price": 48,
            "no_price": 52,
            "taker_side": "yes"
        },
        {
            "trade_id": "7a3e4037-d5a0-4de4-81f4-526b04a1b447",
            "ticker": "HIGHAUS-24SEP16-B97.5",
            "count": 1,
            "created_time": "2024-09-15T21:02:09.544966Z",
            "yes_price": 48,
            "no_price": 52,
            "taker_side": "yes"
        },
        {
            "trade_id": "1fa49c5f-3458-4a79-bfe1-3643260195bf",
            "ticker": "HIGHAUS-24SEP16-B97.5",
            "count": 22,
            "created_time": "2024-09-15T21:02:09.544966Z",
            "yes_price": 49,
            "no_price": 51,
            "taker_side": "yes"
        },
        {
            "trade_id": "69de4e1e-6330-44df-80ad-a7ec6ea8beab",
            "ticker": "HIGHAUS-24SEP16-B97.5",
            "count": 10,
            "created_time": "2024-09-15T20:40:39.327849Z",
            "yes_price": 48,
            "no_price": 52,
            "taker_side": "yes"
        },
        {
            "trade_id": "2a82f9b3-087f-4200-8941-7c366bcf4b0b",
            "ticker": "HIGHAUS-24SEP16-B97.5",
            "count": 80,
            "created_time": "2024-09-15T20:06:05.386975Z",
            "yes_price": 46,
            "no_price": 54,
            "taker_side": "yes"
        },
        {
            "trade_id": "05efc4f3-f5b0-4e43-b260-74cdb4b807c7",
            "ticker": "HIGHAUS-24SEP16-B97.5",
            "count": 20,
            "created_time": "2024-09-15T20:00:44.108798Z",
            "yes_price": 45,
            "no_price": 55,
            "taker_side": "no"
        },
        {
            "trade_id": "daa433eb-a67c-45a2-91ea-36a51c308272",
            "ticker": "HIGHAUS-24SEP16-B97.5",
            "count": 10,
            "created_time": "2024-09-15T19:07:52.204196Z",
            "yes_price": 46,
            "no_price": 54,
            "taker_side": "yes"
        },
        {
            "trade_id": "09268060-618d-475e-b8c8-239c679182d7",
            "ticker": "HIGHAUS-24SEP16-B97.5",
            "count": 60,
            "created_time": "2024-09-15T19:07:52.204196Z",
            "yes_price": 46,
            "no_price": 54,
            "taker_side": "yes"
        },
        {
            "trade_id": "cfb07d7a-fb89-48b9-b9e0-5efb9c4b57b6",
            "ticker": "HIGHAUS-24SEP16-B97.5",
            "count": 30,
            "created_time": "2024-09-15T17:27:49.757377Z",
            "yes_price": 40,
            "no_price": 60,
            "taker_side": "no"
        },
        {
            "trade_id": "b6ec805b-6995-43b1-90b3-15420bb8891a",
            "ticker": "HIGHAUS-24SEP16-B97.5",
            "count": 60,
            "created_time": "2024-09-15T17:27:18.20524Z",
            "yes_price": 41,
            "no_price": 59,
            "taker_side": "no"
        },
        {
            "trade_id": "497900da-dea3-4fbf-9282-0c91fc8342ad",
            "ticker": "HIGHAUS-24SEP16-B97.5",
            "count": 200,
            "created_time": "2024-09-15T17:27:01.96095Z",
            "yes_price": 42,
            "no_price": 58,
            "taker_side": "no"
        },
        {
            "trade_id": "5b2c59b1-cd0c-45b1-a42e-302686ca3c47",
            "ticker": "HIGHAUS-24SEP16-B97.5",
            "count": 20,
            "created_time": "2024-09-15T16:03:14.626989Z",
            "yes_price": 45,
            "no_price": 55,
            "taker_side": "no"
        },
        {
            "trade_id": "32d3b878-5c89-4686-ae74-a6b69de64b55",
            "ticker": "HIGHAUS-24SEP16-B97.5",
            "count": 2,
            "created_time": "2024-09-15T14:28:24.907709Z",
            "yes_price": 44,
            "no_price": 56,
            "taker_side": "yes"
        }
    ],
    "HIGHAUS-24SEP16-B99.5": [
        {
            "trade_id": "f6055ee3-60e8-4145-94f6-08f6a86d85b3",
            "ticker": "HIGHAUS-24SEP16-B99.5",
            "count": 39,
            "created_time": "2024-09-17T01:18:11.608498Z",
            "yes_price": 1,
            "no_price": 99,
            "taker_side": "yes"
        },
        {
            "trade_id": "16d042e8-2ece-4cff-8bcf-1757d8dbb08f",
            "ticker": "HIGHAUS-24SEP16-B99.5",
            "count": 14,
            "created_time": "2024-09-16T23:59:26.218776Z",
            "yes_price": 3,
            "no_price": 97,
            "taker_side": "yes"
        },
        {
            "trade_id": "03ac2452-814e-46a1-add4-57c4bb5f89cf",
            "ticker": "HIGHAUS-24SEP16-B99.5",
            "count": 50,
            "created_time": "2024-09-16T23:56:18.769288Z",
            "yes_price": 1,
            "no_price": 99,
            "taker_side": "no"
        },
        {
            "trade_id": "8ce03568-ca8d-4199-b2b3-e48418e6bf42",
            "ticker": "HIGHAUS-24SEP16-B99.5",
            "count": 2,
            "created_time": "2024-09-16T21:56:58.852763Z",
            "yes_price": 5,
            "no_price": 95,
            "taker_side": "no"
        },
        {
            "trade_id": "8302b77c-79ec-4116-8aeb-6370685d2aaa",
            "ticker": "HIGHAUS-24SEP16-B99.5",
            "count": 22,
            "created_time": "2024-09-16T21:51:16.374482Z",
            "yes_price": 5,
            "no_price": 95,
            "taker_side": "no"
        },
        {
            "trade_id": "e2859b1e-a790-43b4-9a23-a2c853edfe58",
            "ticker": "HIGHAUS-24SEP16-B99.5",
            "count": 39,
            "created_time": "2024-09-16T21:17:28.122985Z",
            "yes_price": 10,
            "no_price": 90,
            "taker_side": "yes"
        },
        {
            "trade_id": "519c6636-3df9-4428-94d6-4e4e8081199c",
            "ticker": "HIGHAUS-24SEP16-B99.5",
            "count": 33,
            "created_time": "2024-09-16T17:14:17.29882Z",
            "yes_price": 6,
            "no_price": 94,
            "taker_side": "no"
        },
        {
            "trade_id": "f3deeff0-d3c7-48ab-a306-1c6386b12c57",
            "ticker": "HIGHAUS-24SEP16-B99.5",
            "count": 60,
            "created_time": "2024-09-16T16:24:39.158942Z",
            "yes_price": 9,
            "no_price": 91,
            "taker_side": "yes"
        },
        {
            "trade_id": "e610d7ee-1336-4031-a522-25339104d291",
            "ticker": "HIGHAUS-24SEP16-B99.5",
            "count": 7,
            "created_time": "2024-09-16T16:16:15.974455Z",
            "yes_price": 6,
            "no_price": 94,
            "taker_side": "no"
        },
        {
            "trade_id": "933be810-675b-43bd-aae4-ad70f629aec1",
            "ticker": "HIGHAUS-24SEP16-B99.5",
            "count": 70,
            "created_time": "2024-09-16T16:07:54.617557Z",
            "yes_price": 6,
            "no_price": 94,
            "taker_side": "no"
        },
        {
            "trade_id": "c5a4cb9d-4f73-4503-8669-a8d40ba28960",
            "ticker": "HIGHAUS-24SEP16-B99.5",
            "count": 20,
            "created_time": "2024-09-16T16:05:38.627344Z",
            "yes_price": 6,
            "no_price": 94,
            "taker_side": "no"
        },
        {
            "trade_id": "eae4783e-e1ee-4cc9-b562-b1f6f041a375",
            "ticker": "HIGHAUS-24SEP16-B99.5",
            "count": 20,
            "created_time": "2024-09-16T15:58:43.457925Z",
            "yes_price": 7,
            "no_price": 93,
            "taker_side": "no"
        },
        {
            "trade_id": "978a924d-fa18-45ca-b821-ccdc87a2952e",
            "ticker": "HIGHAUS-24SEP16-B99.5",
            "count": 80,
            "created_time": "2024-09-16T15:42:30.811718Z",
            "yes_price": 9,
            "no_price": 91,
            "taker_side": "yes"
        },
        {
            "trade_id": "655f4a1a-d737-4a5c-a876-4dc608ed2b02",
            "ticker": "HIGHAUS-24SEP16-B99.5",
            "count": 40,
            "created_time": "2024-09-16T15:42:30.811718Z",
            "yes_price": 8,
            "no_price": 92,
            "taker_side": "yes"
        },
        {
            "trade_id": "c9425555-45cf-4083-abda-cfc4391044b6",
            "ticker": "HIGHAUS-24SEP16-B99.5",
            "count": 52,
            "created_time": "2024-09-16T13:09:09.422447Z",
            "yes_price": 9,
            "no_price": 91,
            "taker_side": "yes"
        },
        {
            "trade_id": "464cf62d-d244-4d7c-902b-9305c124513a",
            "ticker": "HIGHAUS-24SEP16-B99.5",
            "count": 18,
            "created_time": "2024-09-16T13:09:08.789906Z",
            "yes_price": 4,
            "no_price": 96,
            "taker_side": "no"
        },
        {
            "trade_id": "ae74602a-64e4-4ef2-a053-65cd07d19c34",
            "ticker": "HIGHAUS-24SEP16-B99.5",
            "count": 7,
            "created_time": "2024-09-16T13:08:46.97306Z",
            "yes_price": 4,
            "no_price": 96,
            "taker_side": "no"
        },
        {
            "trade_id": "a9cba2b6-0729-4890-8e43-47360e909600",
            "ticker": "HIGHAUS-24SEP16-B99.5",
            "count": 25,
            "created_time": "2024-09-16T13:06:54.300046Z",
            "yes_price": 4,
            "no_price": 96,
            "taker_side": "no"
        },
        {
            "trade_id": "901c4e75-41d7-4bc1-89c9-081eb8444977",
            "ticker": "HIGHAUS-24SEP16-B99.5",
            "count": 25,
            "created_time": "2024-09-16T12:30:25.516492Z",
            "yes_price": 4,
            "no_price": 96,
            "taker_side": "no"
        },
        {
            "trade_id": "2889c903-ad3d-42d8-9b9b-e6e16e7264b6",
            "ticker": "HIGHAUS-24SEP16-B99.5",
            "count": 2,
            "created_time": "2024-09-16T12:30:12.3748Z",
            "yes_price": 4,
            "no_price": 96,
            "taker_side": "no"
        },
        {
            "trade_id": "63693514-1c56-417c-8d9a-1cee725efe22",
            "ticker": "HIGHAUS-24SEP16-B99.5",
            "count": 200,
            "created_time": "2024-09-16T12:19:14.726006Z",
            "yes_price": 10,
            "no_price": 90,
            "taker_side": "yes"
        },
        {
            "trade_id": "3d82a44b-ca37-4ad7-9d0b-50e464bbbf32",
            "ticker": "HIGHAUS-24SEP16-B99.5",
            "count": 200,
            "created_time": "2024-09-16T12:19:14.726006Z",
            "yes_price": 9,
            "no_price": 91,
            "taker_side": "yes"
        },
        {
            "trade_id": "279aee6d-615f-4b22-ac46-f88ecfb2c4ad",
            "ticker": "HIGHAUS-24SEP16-B99.5",
            "count": 200,
            "created_time": "2024-09-16T12:19:14.726006Z",
            "yes_price": 8,
            "no_price": 92,
            "taker_side": "yes"
        },
        {
            "trade_id": "03498506-794d-457d-8fc9-18b5c6b6d7d8",
            "ticker": "HIGHAUS-24SEP16-B99.5",
            "count": 14,
            "created_time": "2024-09-16T12:10:23.653368Z",
            "yes_price": 4,
            "no_price": 96,
            "taker_side": "no"
        },
        {
            "trade_id": "15258a7c-b48f-484d-b88c-3db7b33a7d3a",
            "ticker": "HIGHAUS-24SEP16-B99.5",
            "count": 168,
            "created_time": "2024-09-16T03:51:24.196792Z",
            "yes_price": 14,
            "no_price": 86,
            "taker_side": "yes"
        },
        {
            "trade_id": "79b1334b-9a3d-4171-aacc-0c42644b7456",
            "ticker": "HIGHAUS-24SEP16-B99.5",
            "count": 30,
            "created_time": "2024-09-16T02:46:01.179273Z",
            "yes_price": 12,
            "no_price": 88,
            "taker_side": "no"
        },
        {
            "trade_id": "40c01a4d-7b2d-476e-8fec-d0d68fad73d7",
            "ticker": "HIGHAUS-24SEP16-B99.5",
            "count": 160,
            "created_time": "2024-09-16T02:32:06.072334Z",
            "yes_price": 14,
            "no_price": 86,
            "taker_side": "no"
        },
        {
            "trade_id": "8d5b5e37-ef63-4d9b-b038-5c93748ea5c0",
            "ticker": "HIGHAUS-24SEP16-B99.5",
            "count": 30,
            "created_time": "2024-09-16T02:21:39.374595Z",
            "yes_price": 15,
            "no_price": 85,
            "taker_side": "no"
        },
        {
            "trade_id": "160effcb-0dc5-4a1a-a329-b9f8a4ec7f04",
            "ticker": "HIGHAUS-24SEP16-B99.5",
            "count": 100,
            "created_time": "2024-09-16T02:19:50.110167Z",
            "yes_price": 16,
            "no_price": 84,
            "taker_side": "no"
        },
        {
            "trade_id": "0bcd6950-2b5c-4bb6-9f77-61af61dc0354",
            "ticker": "HIGHAUS-24SEP16-B99.5",
            "count": 2,
            "created_time": "2024-09-16T02:12:12.158841Z",
            "yes_price": 19,
            "no_price": 81,
            "taker_side": "yes"
        },
        {
            "trade_id": "117fcded-c333-48bc-9b15-2fffe8a3597b",
            "ticker": "HIGHAUS-24SEP16-B99.5",
            "count": 4,
            "created_time": "2024-09-16T01:38:41.353212Z",
            "yes_price": 21,
            "no_price": 79,
            "taker_side": "no"
        },
        {
            "trade_id": "9864526c-360a-4596-a78a-93adf9d0f189",
            "ticker": "HIGHAUS-24SEP16-B99.5",
            "count": 19,
            "created_time": "2024-09-15T23:28:52.316781Z",
            "yes_price": 25,
            "no_price": 75,
            "taker_side": "no"
        },
        {
            "trade_id": "30df9af8-e513-44e4-800f-5752e0aefa95",
            "ticker": "HIGHAUS-24SEP16-B99.5",
            "count": 1,
            "created_time": "2024-09-15T23:28:52.316781Z",
            "yes_price": 25,
            "no_price": 75,
            "taker_side": "no"
        },
        {
            "trade_id": "c88459eb-ab42-45ac-b360-19d0055ff2e2",
            "ticker": "HIGHAUS-24SEP16-B99.5",
            "count": 1,
            "created_time": "2024-09-15T21:40:43.036708Z",
            "yes_price": 26,
            "no_price": 74,
            "taker_side": "yes"
        },
        {
            "trade_id": "8a227c0c-ed8f-4212-8e18-1a592480999e",
            "ticker": "HIGHAUS-24SEP16-B99.5",
            "count": 20,
            "created_time": "2024-09-15T21:40:43.036708Z",
            "yes_price": 26,
            "no_price": 74,
            "taker_side": "yes"
        },
        {
            "trade_id": "56aedc60-a827-4574-88d5-52dc0738387a",
            "ticker": "HIGHAUS-24SEP16-B99.5",
            "count": 4,
            "created_time": "2024-09-15T20:21:22.608123Z",
            "yes_price": 21,
            "no_price": 79,
            "taker_side": "no"
        },
        {
            "trade_id": "9889185a-10b7-46ef-b94b-d0ad9506157f",
            "ticker": "HIGHAUS-24SEP16-B99.5",
            "count": 1,
            "created_time": "2024-09-15T20:19:31.3565Z",
            "yes_price": 22,
            "no_price": 78,
            "taker_side": "no"
        },
        {
            "trade_id": "70bd0d08-a454-46e8-91e6-e3d46f837862",
            "ticker": "HIGHAUS-24SEP16-B99.5",
            "count": 26,
            "created_time": "2024-09-15T20:19:31.3565Z",
            "yes_price": 20,
            "no_price": 80,
            "taker_side": "no"
        },
        {
            "trade_id": "6a7ae6cc-e73d-4710-8f28-5ad1d5a3e4dd",
            "ticker": "HIGHAUS-24SEP16-B99.5",
            "count": 10,
            "created_time": "2024-09-15T20:19:31.3565Z",
            "yes_price": 22,
            "no_price": 78,
            "taker_side": "no"
        },
        {
            "trade_id": "588cd138-b353-4daf-9b68-a4be33d939dd",
            "ticker": "HIGHAUS-24SEP16-B99.5",
            "count": 5,
            "created_time": "2024-09-15T20:19:31.3565Z",
            "yes_price": 22,
            "no_price": 78,
            "taker_side": "no"
        },
        {
            "trade_id": "353e2999-1fbf-4c9f-bb71-3e0b8e789016",
            "ticker": "HIGHAUS-24SEP16-B99.5",
            "count": 20,
            "created_time": "2024-09-15T20:19:31.3565Z",
            "yes_price": 22,
            "no_price": 78,
            "taker_side": "no"
        },
        {
            "trade_id": "45454e8d-d4dd-4fb0-b8fe-c35e050d6d98",
            "ticker": "HIGHAUS-24SEP16-B99.5",
            "count": 1,
            "created_time": "2024-09-15T18:34:23.513883Z",
            "yes_price": 24,
            "no_price": 76,
            "taker_side": "no"
        },
        {
            "trade_id": "37e9b1b6-8f41-4d8f-8cf8-4094eb0ec3ad",
            "ticker": "HIGHAUS-24SEP16-B99.5",
            "count": 4,
            "created_time": "2024-09-15T18:32:46.870635Z",
            "yes_price": 24,
            "no_price": 76,
            "taker_side": "no"
        },
        {
            "trade_id": "c18efaa5-007d-4adc-827b-e0a67578fea7",
            "ticker": "HIGHAUS-24SEP16-B99.5",
            "count": 14,
            "created_time": "2024-09-15T18:13:24.772998Z",
            "yes_price": 24,
            "no_price": 76,
            "taker_side": "no"
        },
        {
            "trade_id": "2166efb0-e125-4b38-86a9-5063a696365c",
            "ticker": "HIGHAUS-24SEP16-B99.5",
            "count": 20,
            "created_time": "2024-09-15T16:03:46.565938Z",
            "yes_price": 27,
            "no_price": 73,
            "taker_side": "no"
        }
    ],
    "HIGHAUS-24SEP16-T100": [
        {
            "trade_id": "6dce80f4-a623-4aaf-941d-eafb763583c8",
            "ticker": "HIGHAUS-24SEP16-T100",
            "count": 20,
            "created_time": "2024-09-16T15:58:43.454511Z",
            "yes_price": 1,
            "no_price": 99,
            "taker_side": "no"
        },
        {
            "trade_id": "068b7e00-4df5-46ac-b61d-c993d49f947f",
            "ticker": "HIGHAUS-24SEP16-T100",
            "count": 40,
            "created_time": "2024-09-16T15:46:36.693133Z",
            "yes_price": 1,
            "no_price": 99,
            "taker_side": "no"
        },
        {
            "trade_id": "a1aa2220-cdbb-4fcc-9394-c897065abe41",
            "ticker": "HIGHAUS-24SEP16-T100",
            "count": 5,
            "created_time": "2024-09-16T13:09:08.770063Z",
            "yes_price": 1,
            "no_price": 99,
            "taker_side": "no"
        },
        {
            "trade_id": "84c0b59c-0e0c-4fa2-96ee-f2403e64af10",
            "ticker": "HIGHAUS-24SEP16-T100",
            "count": 13,
            "created_time": "2024-09-16T13:09:08.770063Z",
            "yes_price": 1,
            "no_price": 99,
            "taker_side": "no"
        },
        {
            "trade_id": "7dcbaca7-a03c-431a-8a24-dd699cf59e1d",
            "ticker": "HIGHAUS-24SEP16-T100",
            "count": 7,
            "created_time": "2024-09-16T13:08:46.953698Z",
            "yes_price": 1,
            "no_price": 99,
            "taker_side": "no"
        },
        {
            "trade_id": "c346b629-e8eb-4f90-acdd-a57af78a3e6e",
            "ticker": "HIGHAUS-24SEP16-T100",
            "count": 25,
            "created_time": "2024-09-16T13:06:54.305682Z",
            "yes_price": 1,
            "no_price": 99,
            "taker_side": "no"
        },
        {
            "trade_id": "c3569bd2-de7c-4601-8a91-38a6fd303dd0",
            "ticker": "HIGHAUS-24SEP16-T100",
            "count": 13,
            "created_time": "2024-09-16T12:10:23.624767Z",
            "yes_price": 1,
            "no_price": 99,
            "taker_side": "no"
        },
        {
            "trade_id": "40c5b2fc-2af9-49ad-9d15-67f0c9498e74",
            "ticker": "HIGHAUS-24SEP16-T100",
            "count": 1,
            "created_time": "2024-09-16T12:10:23.624767Z",
            "yes_price": 2,
            "no_price": 98,
            "taker_side": "no"
        },
        {
            "trade_id": "8c26e753-e108-4359-b4a1-ca205268c30c",
            "ticker": "HIGHAUS-24SEP16-T100",
            "count": 10,
            "created_time": "2024-09-16T02:12:40.229388Z",
            "yes_price": 2,
            "no_price": 98,
            "taker_side": "no"
        },
        {
            "trade_id": "d29a1207-c04f-4fc0-b729-79af8321ddfb",
            "ticker": "HIGHAUS-24SEP16-T100",
            "count": 60,
            "created_time": "2024-09-16T02:10:58.126101Z",
            "yes_price": 2,
            "no_price": 98,
            "taker_side": "no"
        },
        {
            "trade_id": "6d77e5cd-48dc-4c99-a835-d68b33379b7c",
            "ticker": "HIGHAUS-24SEP16-T100",
            "count": 40,
            "created_time": "2024-09-16T02:10:58.126101Z",
            "yes_price": 3,
            "no_price": 97,
            "taker_side": "no"
        },
        {
            "trade_id": "f3b21899-b203-4294-932e-fbcc27e3f671",
            "ticker": "HIGHAUS-24SEP16-T100",
            "count": 80,
            "created_time": "2024-09-15T23:08:18.682494Z",
            "yes_price": 7,
            "no_price": 93,
            "taker_side": "no"
        },
        {
            "trade_id": "82e8f003-dc2f-4a27-adfe-26d1469cc216",
            "ticker": "HIGHAUS-24SEP16-T100",
            "count": 20,
            "created_time": "2024-09-15T23:04:35.788259Z",
            "yes_price": 7,
            "no_price": 93,
            "taker_side": "no"
        }
    ]
}