{
    "KXHIGHAUS-24DEC11-T59": [
        {
            "trade_id": "fb273d11-d839-415b-b954-b215197a50ff",
            "ticker": "KXHIGHAUS-24DEC11-T59",
            "count": 500,
            "created_time": "2024-12-11T17:38:01.811654Z",
            "yes_price": 1,
            "no_price": 99,
            "taker_side": "yes"
        },
        {
            "trade_id": "e3a7d55a-63e8-42fd-8e06-ceb7b5e29b05",
            "ticker": "KXHIGHAUS-24DEC11-T59",
            "count": 400,
            "created_time": "2024-12-11T17:35:56.583484Z",
            "yes_price": 1,
            "no_price": 99,
            "taker_side": "yes"
        },
        {
            "trade_id": "7383c27d-ca2f-4d7a-a4b2-84ed0f7cfee7",
            "ticker": "KXHIGHAUS-24DEC11-T59",
            "count": 281,
            "created_time": "2024-12-11T17:27:02.985262Z",
            "yes_price": 1,
            "no_price": 99,
            "taker_side": "yes"
        },
        {
            "trade_id": "635356f9-5a77-49ab-a4e6-b3661db592a5",
            "ticker": "KXHIGHAUS-24DEC11-T59",
            "count": 219,
            "created_time": "2024-12-11T17:27:02.985262Z",
            "yes_price": 1,
            "no_price": 99,
            "taker_side": "yes"
        },
        {
            "trade_id": "54b4ca3b-7f4f-4e7f-b6dc-4fc430a7fd26",
            "ticker": "KXHIGHAUS-24DEC11-T59",
            "count": 500,
            "created_time": "2024-12-11T17:24:07.522122Z",
            "yes_price": 1,
            "no_price": 99,
            "taker_side": "yes"
        },
        {
            "trade_id": "1fbce27d-1cd0-457d-ab9e-a8d6cd4400c9",
            "ticker": "KXHIGHAUS-24DEC11-T59",
            "count": 6,
            "created_time": "2024-12-11T17:11:18.479222Z",
            "yes_price": 2,
            "no_price": 98,
            "taker_side": "no"
        },
        {
            "trade_id": "00255c5e-4596-4c9b-aff0-5d9aec128a3d",
            "ticker": "KXHIGHAUS-24DEC11-T59",
            "count": 100,
            "created_time": "2024-12-11T17:08:15.864161Z",
            "yes_price": 3,
            "no_price": 97,
            "taker_side": "yes"
        },
        {
            "trade_id": "1584828a-c663-475d-84b7-408a2ba0b5cb",
            "ticker": "KXHIGHAUS-24DEC11-T59",
            "count": 25,
            "created_time": "2024-12-11T17:07:46.941157Z",
            "yes_price": 2,
            "no_price": 98,
            "taker_side": "no"
        },
        {
            "trade_id": "6caa974e-8234-4f74-bd3c-abdbd3b9c3f8",
            "ticker": "KXHIGHAUS-24DEC11-T59",
            "count": 1,
            "created_time": "2024-12-11T17:05:03.925884Z",
            "yes_price": 1,
            "no_price": 99,
            "taker_side": "no"
        },
        {
            "trade_id": "5d084c2c-c93e-478d-a0b7-c2c7dc55e0ad",
            "ticker": "KXHIGHAUS-24DEC11-T59",
            "count": 31,
            "created_time": "2024-12-11T16:27:51.765192Z",
            "yes_price": 3,
            "no_price": 97,
            "taker_side": "yes"
        },
        {
            "trade_id": "e10c8d2d-9823-46f6-addf-20a33276b337",
            "ticker": "KXHIGHAUS-24DEC11-T59",
            "count": 38,
            "created_time": "2024-12-11T02:41:18.369815Z",
            "yes_price": 1,
            "no_price": 99,
            "taker_side": "no"
        },
        {
            "trade_id": "4cdb38b4-d531-4da8-90be-3884734d5f54",
            "ticker": "KXHIGHAUS-24DEC11-T59",
            "count": 12,
            "created_time": "2024-12-10T22:26:49.876173Z",
            "yes_price": 1,
            "no_price": 99,
            "taker_side": "no"
        }
    ],
    "KXHIGHAUS-24DEC11-B59.5": [
        {
            "trade_id": "794f2f75-47cc-44f9-ae5c-4ee03a49999d",
            "ticker": "KXHIGHAUS-24DEC11-B59.5",
            "count": 93,
            "created_time": "2024-12-12T04:27:58.647037Z",
            "yes_price": 1,
            "no_price": 99,
            "taker_side": "yes"
        },
        {
            "trade_id": "ed191f0b-3208-46a5-a6c3-aebc6d8d10ed",
            "ticker": "KXHIGHAUS-24DEC11-B59.5",
            "count": 200,
            "created_time": "2024-12-11T17:58:18.957328Z",
            "yes_price": 1,
            "no_price": 99,
            "taker_side": "yes"
        },
        {
            "trade_id": "65da7e26-9725-444c-ae67-a8709ea65ac3",
            "ticker": "KXHIGHAUS-24DEC11-B59.5",
            "count": 300,
            "created_time": "2024-12-11T17:58:18.957328Z",
            "yes_price": 1,
            "no_price": 99,
            "taker_side": "yes"
        },
        {
            "trade_id": "98911574-f102-4b3c-9276-e92d1a85429a",
            "ticker": "KXHIGHAUS-24DEC11-B59.5",
            "count": 300,
            "created_time": "2024-12-11T17:46:03.64867Z",
            "yes_price": 1,
            "no_price": 99,
            "taker_side": "no"
        },
        {
            "trade_id": "c3259b32-4239-4ae3-ab73-1e521e21ff94",
            "ticker": "KXHIGHAUS-24DEC11-B59.5",
            "count": 100,
            "created_time": "2024-12-11T17:37:41.012185Z",
            "yes_price": 1,
            "no_price": 99,
            "taker_side": "no"
        },
        {
            "trade_id": "9f95986a-e2e7-43e8-984e-d8e9f152d555",
            "ticker": "KXHIGHAUS-24DEC11-B59.5",
            "count": 1,
            "created_time": "2024-12-11T17:37:10.382035Z",
            "yes_price": 2,
            "no_price": 98,
            "taker_side": "yes"
        },
        {
            "trade_id": "ecca21cd-87a1-4fd5-b9c2-64715be14512",
            "ticker": "KXHIGHAUS-24DEC11-B59.5",
            "count": 500,
            "created_time": "2024-12-11T17:36:47.889664Z",
            "yes_price": 1,
            "no_price": 99,
            "taker_side": "no"
        },
        {
            "trade_id": "38e93f28-4742-4db2-85df-58c16fed5d59",
            "ticker": "KXHIGHAUS-24DEC11-B59.5",
            "count": 1,
            "created_time": "2024-12-11T17:21:00.735797Z",
            "yes_price": 2,
            "no_price": 98,
            "taker_side": "no"
        },
        {
            "trade_id": "18bdd269-1a4a-447b-8390-57c50f06dc4f",
            "ticker": "KXHIGHAUS-24DEC11-B59.5",
            "count": 37,
            "created_time": "2024-12-11T17:12:31.205547Z",
            "yes_price": 2,
            "no_price": 98,
            "taker_side": "no"
        },
        {
            "trade_id": "2f8e8b59-3676-4d72-9e50-7cddfd0d131b",
            "ticker": "KXHIGHAUS-24DEC11-B59.5",
            "count": 63,
            "created_time": "2024-12-11T17:12:31.104632Z",
            "yes_price": 2,
            "no_price": 98,
            "taker_side": "no"
        },
        {
            "trade_id": "ae4f55c6-db79-428b-a5e5-14500a05fcb7",
            "ticker": "KXHIGHAUS-24DEC11-B59.5",
            "count": 6,
            "created_time": "2024-12-11T17:11:18.474394Z",
            "yes_price": 3,
            "no_price": 97,
            "taker_side": "no"
        },
        {
            "trade_id": "16678401-6187-4c75-a2aa-956590b4b82d",
            "ticker": "KXHIGHAUS-24DEC11-B59.5",
            "count": 25,
            "created_time": "2024-12-11T17:07:46.936441Z",
            "yes_price": 3,
            "no_price": 97,
            "taker_side": "no"
        },
        {
            "trade_id": "4886f8ae-b4b5-47f0-a7d5-1e00bd57c5ce",
            "ticker": "KXHIGHAUS-24DEC11-B59.5",
            "count": 1,
            "created_time": "2024-12-11T17:05:03.892648Z",
            "yes_price": 3,
            "no_price": 97,
            "taker_side": "no"
        },
        {
            "trade_id": "ebf3a4d8-4c03-4932-a876-5e3e01c4d6f4",
            "ticker": "KXHIGHAUS-24DEC11-B59.5",
            "count": 100,
            "created_time": "2024-12-11T17:03:42.136201Z",
            "yes_price": 5,
            "no_price": 95,
            "taker_side": "yes"
        },
        {
            "trade_id": "bfc548f3-dd61-44a7-beb7-019b819afa1c",
            "ticker": "KXHIGHAUS-24DEC11-B59.5",
            "count": 90,
            "created_time": "2024-12-11T17:02:24.583089Z",
            "yes_price": 5,
            "no_price": 95,
            "taker_side": "yes"
        },
        {
            "trade_id": "1513a8e0-3d64-48fa-a00d-64632b71f7d9",
            "ticker": "KXHIGHAUS-24DEC11-B59.5",
            "count": 60,
            "created_time": "2024-12-11T17:02:24.583089Z",
            "yes_price": 5,
            "no_price": 95,
            "taker_side": "yes"
        },
        {
            "trade_id": "8ef5d71e-b891-4d44-bc64-c4ddf1efa894",
            "ticker": "KXHIGHAUS-24DEC11-B59.5",
            "count": 5,
            "created_time": "2024-12-11T16:36:21.655735Z",
            "yes_price": 2,
            "no_price": 98,
            "taker_side": "no"
        },
        {
            "trade_id": "76c359fd-c759-4241-a214-604b9fc4f69d",
            "ticker": "KXHIGHAUS-24DEC11-B59.5",
            "count": 200,
            "created_time": "2024-12-11T16:35:55.843079Z",
            "yes_price": 5,
            "no_price": 95,
            "taker_side": "yes"
        },
        {
            "trade_id": "f9cf797e-481a-431a-9d24-23d03193a048",
            "ticker": "KXHIGHAUS-24DEC11-B59.5",
            "count": 100,
            "created_time": "2024-12-11T16:34:10.424898Z",
            "yes_price": 5,
            "no_price": 95,
            "taker_side": "yes"
        },
        {
            "trade_id": "db99048e-8cec-4579-b6ad-20c2c115bc32",
            "ticker": "KXHIGHAUS-24DEC11-B59.5",
            "count": 15,
            "created_time": "2024-12-11T16:28:33.664916Z",
            "yes_price": 5,
            "no_price": 95,
            "taker_side": "yes"
        },
        {
            "trade_id": "482f3c43-5e63-4e33-91be-b65325987017",
            "ticker": "KXHIGHAUS-24DEC11-B59.5",
            "count": 10,
            "created_time": "2024-12-11T16:28:33.664916Z",
            "yes_price": 2,
            "no_price": 98,
            "taker_side": "yes"
        },
        {
            "trade_id": "b195687e-a66b-46ec-b1ed-89c6790bab0e",
            "ticker": "KXHIGHAUS-24DEC11-B59.5",
            "count": 10,
            "created_time": "2024-12-11T15:40:04.634013Z",
            "yes_price": 1,
            "no_price": 99,
            "taker_side": "no"
        },
        {
            "trade_id": "71733818-b814-44c2-a22e-d539dbbb82f2",
            "ticker": "KXHIGHAUS-24DEC11-B59.5",
            "count": 50,
            "created_time": "2024-12-11T14:28:58.140509Z",
            "yes_price": 1,
            "no_price": 99,
            "taker_side": "no"
        },
        {
            "trade_id": "793fd354-d42d-43b9-8f7f-4ef8179bed85",
            "ticker": "KXHIGHAUS-24DEC11-B59.5",
            "count": 55,
            "created_time": "2024-12-11T14:28:58.139268Z",
            "yes_price": 1,
            "no_price": 99,
            "taker_side": "no"
        },
        {
            "trade_id": "c34a7337-f8cb-4365-97d5-d915196e82c7",
            "ticker": "KXHIGHAUS-24DEC11-B59.5",
            "count": 10,
            "created_time": "2024-12-11T14:11:26.043525Z",
            "yes_price": 1,
            "no_price": 99,
            "taker_side": "no"
        },
        {
            "trade_id": "ad74f222-5906-4969-b772-a60bb76d5156",
            "ticker": "KXHIGHAUS-24DEC11-B59.5",
            "count": 67,
            "created_time": "2024-12-11T14:09:25.22033Z",
            "yes_price": 1,
            "no_price": 99,
            "taker_side": "no"
        },
        {
            "trade_id": "6d08fb78-a73a-4339-8079-44f1f261afe0",
            "ticker": "KXHIGHAUS-24DEC11-B59.5",
            "count": 50,
            "created_time": "2024-12-11T14:08:33.634573Z",
            "yes_price": 1,
            "no_price": 99,
            "taker_side": "no"
        },
        {
            "trade_id": "c4eaead3-8edb-46dd-8d88-5f54cce9e969",
            "ticker": "KXHIGHAUS-24DEC11-B59.5",
            "count": 70,
            "created_time": "2024-12-11T13:52:30.101351Z",
            "yes_price": 1,
            "no_price": 99,
            "taker_side": "no"
        },
        {
            "trade_id": "17a6ed04-cb7c-4de5-baa4-82457ba5e854",
            "ticker": "KXHIGHAUS-24DEC11-B59.5",
            "count": 4,
            "created_time": "2024-12-11T13:46:21.886582Z",
            "yes_price": 1,
            "no_price": 99,
            "taker_side": "no"
        },
        {
            "trade_id": "c163f669-48b3-4df5-ab58-6e0d1c8cc926",
            "ticker": "KXHIGHAUS-24DEC11-B59.5",
            "count": 40,
            "created_time": "2024-12-11T13:45:55.289183Z",
            "yes_price": 1,
            "no_price": 99,
            "taker_side": "no"
        },
        {
            "trade_id": "9c5a56c4-ba46-42b7-8511-1918058c79c5",
            "ticker": "KXHIGHAUS-24DEC11-B59.5",
            "count": 15,
            "created_time": "2024-12-11T13:42:07.488971Z",
            "yes_price": 2,
            "no_price": 98,
            "taker_side": "no"
        },
        {
            "trade_id": "521e86d9-8766-4771-8841-26bb32a48bc5",
            "ticker": "KXHIGHAUS-24DEC11-B59.5",
            "count": 3,
            "created_time": "2024-12-11T13:32:26.943343Z",
            "yes_price": 2,
            "no_price": 98,
            "taker_side": "no"
        },
        {
            "trade_id": "c7f34540-61e3-4126-8e3d-e8964c7fca50",
            "ticker": "KXHIGHAUS-24DEC11-B59.5",
            "count": 34,
            "created_time": "2024-12-11T13:30:34.411106Z",
            "yes_price": 1,
            "no_price": 99,
            "taker_side": "no"
        },
        {
            "trade_id": "0994f346-9fa2-41ad-b996-7653c9a51787",
            "ticker": "KXHIGHAUS-24DEC11-B59.5",
            "count": 1,
            "created_time": "2024-12-11T13:24:16.062566Z",
            "yes_price": 1,
            "no_price": 99,
            "taker_side": "no"
        },
        {
            "trade_id": "68a48f26-ad2d-48ad-bcb9-65cd4c8ae429",
            "ticker": "KXHIGHAUS-24DEC11-B59.5",
            "count": 42,
            "created_time": "2024-12-11T13:20:34.356582Z",
            "yes_price": 1,
            "no_price": 99,
            "taker_side": "no"
        },
        {
            "trade_id": "49987955-bcc1-4ae4-8b19-3e6caa03a3dc",
            "ticker": "KXHIGHAUS-24DEC11-B59.5",
            "count": 10,
            "created_time": "2024-12-11T13:20:19.905279Z",
            "yes_price": 1,
            "no_price": 99,
            "taker_side": "no"
        },
        {
            "trade_id": "f0333755-6ff7-455e-959c-faebad299d0d",
            "ticker": "KXHIGHAUS-24DEC11-B59.5",
            "count": 8,
            "created_time": "2024-12-11T13:17:04.768174Z",
            "yes_price": 1,
            "no_price": 99,
            "taker_side": "no"
        },
        {
            "trade_id": "db084baa-fbfc-4586-a617-7c10be6114c2",
            "ticker": "KXHIGHAUS-24DEC11-B59.5",
            "count": 14,
            "created_time": "2024-12-11T13:01:31.538782Z",
            "yes_price": 1,
            "no_price": 99,
            "taker_side": "no"
        },
        {
            "trade_id": "bb73d868-ee52-4dcd-bbdb-79b99b17e7cf",
            "ticker": "KXHIGHAUS-24DEC11-B59.5",
            "count": 10,
            "created_time": "2024-12-11T02:41:36.102878Z",
            "yes_price": 1,
            "no_price": 99,
            "taker_side": "no"
        },
        {
            "trade_id": "b1263a08-d63b-4eb4-b3e3-f1d001ad77f3",
            "ticker": "KXHIGHAUS-24DEC11-B59.5",
            "count": 12,
            "created_time": "2024-12-11T02:41:36.102878Z",
            "yes_price": 1,
            "no_price": 99,
            "taker_side": "no"
        },
        {
            "trade_id": "f38df0ad-394d-4744-a69e-4379df3f02b1",
            "ticker": "KXHIGHAUS-24DEC11-B59.5",
            "count": 38,
            "created_time": "2024-12-11T02:41:18.324052Z",
            "yes_price": 1,
            "no_price": 99,
            "taker_side": "no"
        },
        {
            "trade_id": "4b37afeb-65b1-4eec-87c8-79b8670b7468",
            "ticker": "KXHIGHAUS-24DEC11-B59.5",
            "count": 1,
            "created_time": "2024-12-11T01:22:42.483698Z",
            "yes_price": 5,
            "no_price": 95,
            "taker_side": "yes"
        },
        {
            "trade_id": "d0c76e88-e746-44f8-a4e7-23ed14710841",
            "ticker": "KXHIGHAUS-24DEC11-B59.5",
            "count": 37,
            "created_time": "2024-12-10T22:54:15.300207Z",
            "yes_price": 5,
            "no_price": 95,
            "taker_side": "yes"
        }
    ],
    "KXHIGHAUS-24DEC11-B61.5": [
        {
            "trade_id": "0ca638a4-c70f-45cd-a8e1-195c56d4106d",
            "ticker": "KXHIGHAUS-24DEC11-B61.5",
            "count": 178,
            "created_time": "2024-12-12T00:56:05.87695Z",
            "yes_price": 1,
            "no_price": 99,
            "taker_side": "yes"
        },
        {
            "trade_id": "6b408557-33b5-4742-8150-92aeaddd0551",
            "ticker": "KXHIGHAUS-24DEC11-B61.5",
            "count": 689,
            "created_time": "2024-12-11T22:50:40.190615Z",
            "yes_price": 1,
            "no_price": 99,
            "taker_side": "yes"
        },
        {
            "trade_id": "32b518f2-764b-4e68-b7bc-b16fa7154e16",
            "ticker": "KXHIGHAUS-24DEC11-B61.5",
            "count": 350,
            "created_time": "2024-12-11T22:50:40.190615Z",
            "yes_price": 1,
            "no_price": 99,
            "taker_side": "yes"
        },
        {
            "trade_id": "2fc161c1-70b3-4040-94a2-59b70b2d086e",
            "ticker": "KXHIGHAUS-24DEC11-B61.5",
            "count": 173,
            "created_time": "2024-12-11T22:50:40.190615Z",
            "yes_price": 1,
            "no_price": 99,
            "taker_side": "yes"
        },
        {
            "trade_id": "21cddbfd-8aab-4ed6-8e30-c6df08649a62",
            "ticker": "KXHIGHAUS-24DEC11-B61.5",
            "count": 1125,
            "created_time": "2024-12-11T22:50:40.190615Z",
            "yes_price": 1,
            "no_price": 99,
            "taker_side": "yes"
        },
        {
            "trade_id": "fc25f6f3-742f-4d2e-bfa0-d1c2b0721917",
            "ticker": "KXHIGHAUS-24DEC11-B61.5",
            "count": 467,
            "created_time": "2024-12-11T21:04:25.942878Z",
            "yes_price": 1,
            "no_price": 99,
            "taker_side": "yes"
        },
        {
            "trade_id": "65f7eabd-c211-45ea-8f1d-23a965871f5c",
            "ticker": "KXHIGHAUS-24DEC11-B61.5",
            "count": 662,
            "created_time": "2024-12-11T20:19:56.025067Z",
            "yes_price": 1,
            "no_price": 99,
            "taker_side": "yes"
        },
        {
            "trade_id": "160681ac-1207-4b61-9a50-fdb3f60d25c8",
            "ticker": "KXHIGHAUS-24DEC11-B61.5",
            "count": 9351,
            "created_time": "2024-12-11T19:38:25.30215Z",
            "yes_price": 1,
            "no_price": 99,
            "taker_side": "yes"
        },
        {
            "trade_id": "04a97029-e997-4fbf-8e35-5ab4e36b99e6",
            "ticker": "KXHIGHAUS-24DEC11-B61.5",
            "count": 935,
            "created_time": "2024-12-11T19:28:46.541704Z",
            "yes_price": 1,
            "no_price": 99,
            "taker_side": "yes"
        },
        {
            "trade_id": "e25583aa-7702-4347-aae8-9d866a26fc02",
            "ticker": "KXHIGHAUS-24DEC11-B61.5",
            "count": 427,
            "created_time": "2024-12-11T18:58:25.618574Z",
            "yes_price": 1,
            "no_price": 99,
            "taker_side": "no"
        },
        {
            "trade_id": "dfa60505-eb57-4d50-8724-628ceb34317e",
            "ticker": "KXHIGHAUS-24DEC11-B61.5",
            "count": 40,
            "created_time": "2024-12-11T18:58:25.618574Z",
            "yes_price": 1,
            "no_price": 99,
            "taker_side": "no"
        },
        {
            "trade_id": "c6590969-c290-42cc-95e0-0e61e792444b",
            "ticker": "KXHIGHAUS-24DEC11-B61.5",
            "count": 40,
            "created_time": "2024-12-11T18:58:25.618574Z",
            "yes_price": 1,
            "no_price": 99,
            "taker_side": "no"
        },
        {
            "trade_id": "c0da7ebb-a5ef-41d2-ab62-92c3f27ab84e",
            "ticker": "KXHIGHAUS-24DEC11-B61.5",
            "count": 40,
            "created_time": "2024-12-11T18:58:25.618574Z",
            "yes_price": 1,
            "no_price": 99,
            "taker_side": "no"
        },
        {
            "trade_id": "b69b1310-20d8-46fb-83fb-ed396ca3b380",
            "ticker": "KXHIGHAUS-24DEC11-B61.5",
            "count": 100,
            "created_time": "2024-12-11T18:58:25.618574Z",
            "yes_price": 1,
            "no_price": 99,
            "taker_side": "no"
        },
        {
            "trade_id": "9d910bbc-0a7d-401d-b2ff-7b8ebf47f6aa",
            "ticker": "KXHIGHAUS-24DEC11-B61.5",
            "count": 40,
            "created_time": "2024-12-11T18:58:25.618574Z",
            "yes_price": 1,
            "no_price": 99,
            "taker_side": "no"
        },
        {
            "trade_id": "8bc5217f-cb36-4944-a6ba-76f0a235c5f6",
            "ticker": "KXHIGHAUS-24DEC11-B61.5",
            "count": 40,
            "created_time": "2024-12-11T18:58:25.618574Z",
            "yes_price": 1,
            "no_price": 99,
            "taker_side": "no"
        },
        {
            "trade_id": "88c577d9-c73e-46f8-9588-cb58272de5c7",
            "ticker": "KXHIGHAUS-24DEC11-B61.5",
            "count": 40,
            "created_time": "2024-12-11T18:58:25.618574Z",
            "yes_price": 1,
            "no_price": 99,
            "taker_side": "no"
        },
        {
            "trade_id": "4ffab5f1-f8ed-4598-a429-3fbfebc24cc5",
            "ticker": "KXHIGHAUS-24DEC11-B61.5",
            "count": 40,
            "created_time": "2024-12-11T18:58:25.618574Z",
            "yes_price": 1,
            "no_price": 99,
            "taker_side": "no"
        },
        {
            "trade_id": "301e87bf-9338-4d4e-938e-3f20c2532420",
            "ticker": "KXHIGHAUS-24DEC11-B61.5",
            "count": 5,
            "created_time": "2024-12-11T18:58:25.618574Z",
            "yes_price": 1,
            "no_price": 99,
            "taker_side": "no"
        },
        {
            "trade_id": "1cdddbb4-318d-4e43-a208-8a5f79805ef1",
            "ticker": "KXHIGHAUS-24DEC11-B61.5",
            "count": 40,
            "created_time": "2024-12-11T18:58:25.618574Z",
            "yes_price": 1,
            "no_price": 99,
            "taker_side": "no"
        },
        {
            "trade_id": "d80d9688-9672-44fc-bc1b-b0d6d4a674d3",
            "ticker": "KXHIGHAUS-24DEC11-B61.5",
            "count": 1,
            "created_time": "2024-12-11T18:53:49.034893Z",
            "yes_price": 5,
            "no_price": 95,
            "taker_side": "yes"
        },
        {
            "trade_id": "e94beda4-241b-4da8-a9d1-464b2a2f50ca",
            "ticker": "KXHIGHAUS-24DEC11-B61.5",
            "count": 5,
            "created_time": "2024-12-11T18:49:21.244241Z",
            "yes_price": 3,
            "no_price": 97,
            "taker_side": "no"
        },
        {
            "trade_id": "e218441d-787d-45bf-bf49-703dc16fd7f7",
            "ticker": "KXHIGHAUS-24DEC11-B61.5",
            "count": 73,
            "created_time": "2024-12-11T18:49:21.244241Z",
            "yes_price": 1,
            "no_price": 99,
            "taker_side": "no"
        },
        {
            "trade_id": "90c9cad0-bd5b-4137-9df5-a3fb25cc6217",
            "ticker": "KXHIGHAUS-24DEC11-B61.5",
            "count": 26,
            "created_time": "2024-12-11T18:49:21.244241Z",
            "yes_price": 1,
            "no_price": 99,
            "taker_side": "no"
        },
        {
            "trade_id": "34c77277-3625-4cf0-be36-28256f435526",
            "ticker": "KXHIGHAUS-24DEC11-B61.5",
            "count": 200,
            "created_time": "2024-12-11T18:33:50.606703Z",
            "yes_price": 1,
            "no_price": 99,
            "taker_side": "no"
        },
        {
            "trade_id": "762d32e8-4211-4b96-8f0d-47d055f2f68f",
            "ticker": "KXHIGHAUS-24DEC11-B61.5",
            "count": 40,
            "created_time": "2024-12-11T18:33:12.208169Z",
            "yes_price": 1,
            "no_price": 99,
            "taker_side": "no"
        },
        {
            "trade_id": "2720c76f-f674-4056-9ad0-56c956d8b135",
            "ticker": "KXHIGHAUS-24DEC11-B61.5",
            "count": 5,
            "created_time": "2024-12-11T18:33:12.208169Z",
            "yes_price": 1,
            "no_price": 99,
            "taker_side": "no"
        },
        {
            "trade_id": "6a1441e7-9093-4439-8ae5-b7c0766b6c81",
            "ticker": "KXHIGHAUS-24DEC11-B61.5",
            "count": 100,
            "created_time": "2024-12-11T18:25:39.479981Z",
            "yes_price": 1,
            "no_price": 99,
            "taker_side": "no"
        },
        {
            "trade_id": "c9d8de57-4253-4ead-b542-ab5298dfefae",
            "ticker": "KXHIGHAUS-24DEC11-B61.5",
            "count": 500,
            "created_time": "2024-12-11T18:22:45.03912Z",
            "yes_price": 2,
            "no_price": 98,
            "taker_side": "yes"
        },
        {
            "trade_id": "3a770855-c05a-4fa1-90e4-f16c4d000508",
            "ticker": "KXHIGHAUS-24DEC11-B61.5",
            "count": 5,
            "created_time": "2024-12-11T18:21:56.185543Z",
            "yes_price": 2,
            "no_price": 98,
            "taker_side": "no"
        },
        {
            "trade_id": "b9afad53-5a71-43cf-8b3e-93d84de2ce70",
            "ticker": "KXHIGHAUS-24DEC11-B61.5",
            "count": 150,
            "created_time": "2024-12-11T18:10:25.071861Z",
            "yes_price": 2,
            "no_price": 98,
            "taker_side": "no"
        },
        {
            "trade_id": "b6b3425e-697b-403d-88c2-01a708df1d1f",
            "ticker": "KXHIGHAUS-24DEC11-B61.5",
            "count": 150,
            "created_time": "2024-12-11T18:10:25.071861Z",
            "yes_price": 2,
            "no_price": 98,
            "taker_side": "no"
        },
        {
            "trade_id": "b4e237df-eed8-4712-8307-2074b49c9224",
            "ticker": "KXHIGHAUS-24DEC11-B61.5",
            "count": 5,
            "created_time": "2024-12-11T18:10:25.071861Z",
            "yes_price": 2,
            "no_price": 98,
            "taker_side": "no"
        },
        {
            "trade_id": "36f04f59-d989-4f16-9649-134521b35cab",
            "ticker": "KXHIGHAUS-24DEC11-B61.5",
            "count": 29,
            "created_time": "2024-12-11T18:10:20.611853Z",
            "yes_price": 3,
            "no_price": 97,
            "taker_side": "no"
        },
        {
            "trade_id": "1417c933-37ee-4ea0-aef8-4c75cfd4ebbf",
            "ticker": "KXHIGHAUS-24DEC11-B61.5",
            "count": 20,
            "created_time": "2024-12-11T18:05:06.126312Z",
            "yes_price": 3,
            "no_price": 97,
            "taker_side": "no"
        },
        {
            "trade_id": "10e235db-107c-4795-8bab-d04e5e1778ad",
            "ticker": "KXHIGHAUS-24DEC11-B61.5",
            "count": 1,
            "created_time": "2024-12-11T17:58:38.648619Z",
            "yes_price": 3,
            "no_price": 97,
            "taker_side": "yes"
        },
        {
            "trade_id": "e539e679-1816-41a7-a6b1-c33d8200213e",
            "ticker": "KXHIGHAUS-24DEC11-B61.5",
            "count": 5,
            "created_time": "2024-12-11T17:49:01.462804Z",
            "yes_price": 6,
            "no_price": 94,
            "taker_side": "yes"
        },
        {
            "trade_id": "263463ee-98da-470f-9fd4-2997e100a420",
            "ticker": "KXHIGHAUS-24DEC11-B61.5",
            "count": 20,
            "created_time": "2024-12-11T17:48:54.973479Z",
            "yes_price": 6,
            "no_price": 94,
            "taker_side": "yes"
        },
        {
            "trade_id": "e85eb735-cb45-42c3-adbc-e30823968106",
            "ticker": "KXHIGHAUS-24DEC11-B61.5",
            "count": 100,
            "created_time": "2024-12-11T17:47:28.460472Z",
            "yes_price": 9,
            "no_price": 91,
            "taker_side": "yes"
        },
        {
            "trade_id": "9c63566f-4ea5-4598-a061-327b354c5c95",
            "ticker": "KXHIGHAUS-24DEC11-B61.5",
            "count": 32,
            "created_time": "2024-12-11T17:47:28.460472Z",
            "yes_price": 6,
            "no_price": 94,
            "taker_side": "yes"
        },
        {
            "trade_id": "911c3d96-cd11-45c3-bb3f-8b2fd72c7cc2",
            "ticker": "KXHIGHAUS-24DEC11-B61.5",
            "count": 387,
            "created_time": "2024-12-11T17:47:28.460472Z",
            "yes_price": 6,
            "no_price": 94,
            "taker_side": "yes"
        },
        {
            "trade_id": "706fa0ad-f7dd-4dc9-8e13-756f9456c6f9",
            "ticker": "KXHIGHAUS-24DEC11-B61.5",
            "count": 80,
            "created_time": "2024-12-11T17:47:28.460472Z",
            "yes_price": 7,
            "no_price": 93,
            "taker_side": "yes"
        },
        {
            "trade_id": "595ae1a6-c3db-4d5b-bc2e-34c0da8f393c",
            "ticker": "KXHIGHAUS-24DEC11-B61.5",
            "count": 24,
            "created_time": "2024-12-11T17:47:28.460472Z",
            "yes_price": 11,
            "no_price": 89,
            "taker_side": "yes"
        },
        {
            "trade_id": "08b2e265-973d-40b5-864c-17b61b9504ba",
            "ticker": "KXHIGHAUS-24DEC11-B61.5",
            "count": 60,
            "created_time": "2024-12-11T17:47:28.460472Z",
            "yes_price": 6,
            "no_price": 94,
            "taker_side": "yes"
        },
        {
            "trade_id": "2e734419-1805-4290-a035-1602696b1b61",
            "ticker": "KXHIGHAUS-24DEC11-B61.5",
            "count": 17,
            "created_time": "2024-12-11T17:43:41.420077Z",
            "yes_price": 5,
            "no_price": 95,
            "taker_side": "yes"
        },
        {
            "trade_id": "2cf425f1-9087-46f0-bac5-31a5bb6887a3",
            "ticker": "KXHIGHAUS-24DEC11-B61.5",
            "count": 1,
            "created_time": "2024-12-11T17:43:41.420077Z",
            "yes_price": 5,
            "no_price": 95,
            "taker_side": "yes"
        },
        {
            "trade_id": "974e4631-e447-4981-98ab-f3cc89a55d06",
            "ticker": "KXHIGHAUS-24DEC11-B61.5",
            "count": 60,
            "created_time": "2024-12-11T17:41:53.089562Z",
            "yes_price": 2,
            "no_price": 98,
            "taker_side": "no"
        },
        {
            "trade_id": "3a728459-def8-4c48-84c0-d502abc61b2c",
            "ticker": "KXHIGHAUS-24DEC11-B61.5",
            "count": 857,
            "created_time": "2024-12-11T17:41:53.089562Z",
            "yes_price": 1,
            "no_price": 99,
            "taker_side": "no"
        },
        {
            "trade_id": "b4b08e4c-7559-48cb-86d2-0ff8491dfbf7",
            "ticker": "KXHIGHAUS-24DEC11-B61.5",
            "count": 18,
            "created_time": "2024-12-11T17:41:40.876947Z",
            "yes_price": 5,
            "no_price": 95,
            "taker_side": "yes"
        },
        {
            "trade_id": "ab6357fa-601d-4bb3-a159-803c5a2ffafc",
            "ticker": "KXHIGHAUS-24DEC11-B61.5",
            "count": 38,
            "created_time": "2024-12-11T17:39:57.743108Z",
            "yes_price": 2,
            "no_price": 98,
            "taker_side": "no"
        },
        {
            "trade_id": "0f7889f4-7ac2-4e85-927d-01ac1cae37c1",
            "ticker": "KXHIGHAUS-24DEC11-B61.5",
            "count": 290,
            "created_time": "2024-12-11T17:39:47.82453Z",
            "yes_price": 2,
            "no_price": 98,
            "taker_side": "no"
        },
        {
            "trade_id": "f92a3513-5238-4a4e-aff6-59cab94390a9",
            "ticker": "KXHIGHAUS-24DEC11-B61.5",
            "count": 35,
            "created_time": "2024-12-11T17:37:16.69172Z",
            "yes_price": 3,
            "no_price": 97,
            "taker_side": "no"
        },
        {
            "trade_id": "6fcde643-e743-4fbb-83b3-70da6c6b9646",
            "ticker": "KXHIGHAUS-24DEC11-B61.5",
            "count": 64,
            "created_time": "2024-12-11T17:34:50.1134Z",
            "yes_price": 3,
            "no_price": 97,
            "taker_side": "no"
        },
        {
            "trade_id": "62df1ea6-b449-4331-bce9-72594c1141f2",
            "ticker": "KXHIGHAUS-24DEC11-B61.5",
            "count": 3,
            "created_time": "2024-12-11T17:34:50.1134Z",
            "yes_price": 3,
            "no_price": 97,
            "taker_side": "no"
        },
        {
            "trade_id": "1053e101-8540-42d3-8b0e-ac4cf3e549d8",
            "ticker": "KXHIGHAUS-24DEC11-B61.5",
            "count": 5,
            "created_time": "2024-12-11T17:34:50.1134Z",
            "yes_price": 4,
            "no_price": 96,
            "taker_side": "no"
        },
        {
            "trade_id": "c9abf3ab-67dc-464b-a1f9-4dc72f76e294",
            "ticker": "KXHIGHAUS-24DEC11-B61.5",
            "count": 67,
            "created_time": "2024-12-11T17:22:08.738711Z",
            "yes_price": 7,
            "no_price": 93,
            "taker_side": "yes"
        },
        {
            "trade_id": "e2c4cd4f-a078-487a-8ae9-0217fb35356d",
            "ticker": "KXHIGHAUS-24DEC11-B61.5",
            "count": 1,
            "created_time": "2024-12-11T17:21:00.591386Z",
            "yes_price": 5,
            "no_price": 95,
            "taker_side": "no"
        },
        {
            "trade_id": "4433bda8-6403-4faf-9d2e-4dff9149d43f",
            "ticker": "KXHIGHAUS-24DEC11-B61.5",
            "count": 78,
            "created_time": "2024-12-11T17:19:44.434144Z",
            "yes_price": 2,
            "no_price": 98,
            "taker_side": "no"
        },
        {
            "trade_id": "41430ff0-a29b-4448-a7e9-0e1dbc9a8280",
            "ticker": "KXHIGHAUS-24DEC11-B61.5",
            "count": 5,
            "created_time": "2024-12-11T17:19:37.965173Z",
            "yes_price": 6,
            "no_price": 94,
            "taker_side": "no"
        },
        {
            "trade_id": "f04f6eb9-b60c-44b7-88ad-509c9b782694",
            "ticker": "KXHIGHAUS-24DEC11-B61.5",
            "count": 139,
            "created_time": "2024-12-11T17:16:07.471573Z",
            "yes_price": 2,
            "no_price": 98,
            "taker_side": "no"
        },
        {
            "trade_id": "dfaf68bc-82ac-4310-9dbc-6421cb889a64",
            "ticker": "KXHIGHAUS-24DEC11-B61.5",
            "count": 166,
            "created_time": "2024-12-11T17:16:07.471573Z",
            "yes_price": 6,
            "no_price": 94,
            "taker_side": "no"
        },
        {
            "trade_id": "c76ebd26-931d-4c41-9f9a-cee1a03234b5",
            "ticker": "KXHIGHAUS-24DEC11-B61.5",
            "count": 200,
            "created_time": "2024-12-11T17:16:07.471573Z",
            "yes_price": 2,
            "no_price": 98,
            "taker_side": "no"
        },
        {
            "trade_id": "84d2222e-f62e-4144-8a98-ebbbfcfc8eb8",
            "ticker": "KXHIGHAUS-24DEC11-B61.5",
            "count": 60,
            "created_time": "2024-12-11T17:16:07.471573Z",
            "yes_price": 6,
            "no_price": 94,
            "taker_side": "no"
        },
        {
            "trade_id": "76f15e2b-2d39-4a65-9f18-3d115e472521",
            "ticker": "KXHIGHAUS-24DEC11-B61.5",
            "count": 80,
            "created_time": "2024-12-11T17:16:07.471573Z",
            "yes_price": 5,
            "no_price": 95,
            "taker_side": "no"
        },
        {
            "trade_id": "68b82841-4b87-465d-bcc8-c837b3232ba7",
            "ticker": "KXHIGHAUS-24DEC11-B61.5",
            "count": 35,
            "created_time": "2024-12-11T17:16:07.471573Z",
            "yes_price": 2,
            "no_price": 98,
            "taker_side": "no"
        },
        {
            "trade_id": "2f64f0b3-663f-49bb-ad4a-1dce75707103",
            "ticker": "KXHIGHAUS-24DEC11-B61.5",
            "count": 250,
            "created_time": "2024-12-11T17:16:07.471573Z",
            "yes_price": 3,
            "no_price": 97,
            "taker_side": "no"
        },
        {
            "trade_id": "f1ea6db4-b35f-4f2e-8182-9512df05bcca",
            "ticker": "KXHIGHAUS-24DEC11-B61.5",
            "count": 5,
            "created_time": "2024-12-11T17:13:20.194035Z",
            "yes_price": 10,
            "no_price": 90,
            "taker_side": "yes"
        },
        {
            "trade_id": "53f3e98a-24f3-4a32-88ff-db08a0ba9635",
            "ticker": "KXHIGHAUS-24DEC11-B61.5",
            "count": 295,
            "created_time": "2024-12-11T17:13:20.194035Z",
            "yes_price": 9,
            "no_price": 91,
            "taker_side": "yes"
        },
        {
            "trade_id": "870c7ac2-d84d-4b6b-bcec-63892ccb8219",
            "ticker": "KXHIGHAUS-24DEC11-B61.5",
            "count": 37,
            "created_time": "2024-12-11T17:12:31.215566Z",
            "yes_price": 8,
            "no_price": 92,
            "taker_side": "no"
        },
        {
            "trade_id": "c3b00ed2-cc3d-4b60-8976-1f8324515bd2",
            "ticker": "KXHIGHAUS-24DEC11-B61.5",
            "count": 63,
            "created_time": "2024-12-11T17:12:31.098665Z",
            "yes_price": 8,
            "no_price": 92,
            "taker_side": "no"
        },
        {
            "trade_id": "b6e80a48-f9b7-4388-88a5-c2bfbc555684",
            "ticker": "KXHIGHAUS-24DEC11-B61.5",
            "count": 37,
            "created_time": "2024-12-11T17:11:23.73348Z",
            "yes_price": 9,
            "no_price": 91,
            "taker_side": "no"
        },
        {
            "trade_id": "623465de-af83-4609-9eff-3b063f6ff176",
            "ticker": "KXHIGHAUS-24DEC11-B61.5",
            "count": 53,
            "created_time": "2024-12-11T17:11:23.73348Z",
            "yes_price": 9,
            "no_price": 91,
            "taker_side": "no"
        },
        {
            "trade_id": "06570a6a-e163-4f2c-9011-7303e716a3c0",
            "ticker": "KXHIGHAUS-24DEC11-B61.5",
            "count": 6,
            "created_time": "2024-12-11T17:11:18.483762Z",
            "yes_price": 9,
            "no_price": 91,
            "taker_side": "no"
        },
        {
            "trade_id": "b9adc07e-59a6-423b-993c-7de95c69116a",
            "ticker": "KXHIGHAUS-24DEC11-B61.5",
            "count": 25,
            "created_time": "2024-12-11T17:07:46.754426Z",
            "yes_price": 11,
            "no_price": 89,
            "taker_side": "yes"
        },
        {
            "trade_id": "0c824e48-9c6f-4cad-a8b6-cda3ddcb8892",
            "ticker": "KXHIGHAUS-24DEC11-B61.5",
            "count": 60,
            "created_time": "2024-12-11T17:07:46.754426Z",
            "yes_price": 11,
            "no_price": 89,
            "taker_side": "yes"
        },
        {
            "trade_id": "ce800b98-2623-48db-b721-1f19775ebc82",
            "ticker": "KXHIGHAUS-24DEC11-B61.5",
            "count": 300,
            "created_time": "2024-12-11T17:07:38.206736Z",
            "yes_price": 8,
            "no_price": 92,
            "taker_side": "no"
        },
        {
            "trade_id": "fe31f46f-5123-4d77-ac74-22359e69074a",
            "ticker": "KXHIGHAUS-24DEC11-B61.5",
            "count": 40,
            "created_time": "2024-12-11T17:05:51.757012Z",
            "yes_price": 8,
            "no_price": 92,
            "taker_side": "no"
        },
        {
            "trade_id": "2e9ca74f-06a2-4018-9a6d-521a8a5e96bc",
            "ticker": "KXHIGHAUS-24DEC11-B61.5",
            "count": 60,
            "created_time": "2024-12-11T17:05:51.757012Z",
            "yes_price": 8,
            "no_price": 92,
            "taker_side": "no"
        },
        {
            "trade_id": "3604079c-1b6f-4133-aa0f-a9c97d9a0b75",
            "ticker": "KXHIGHAUS-24DEC11-B61.5",
            "count": 119,
            "created_time": "2024-12-11T17:05:43.700709Z",
            "yes_price": 8,
            "no_price": 92,
            "taker_side": "no"
        },
        {
            "trade_id": "f9d49675-b227-415a-b7a2-c4d430adeb68",
            "ticker": "KXHIGHAUS-24DEC11-B61.5",
            "count": 1,
            "created_time": "2024-12-11T17:05:03.816795Z",
            "yes_price": 13,
            "no_price": 87,
            "taker_side": "yes"
        },
        {
            "trade_id": "169b5d7a-8ed2-41b5-9bb8-79bd69f32df1",
            "ticker": "KXHIGHAUS-24DEC11-B61.5",
            "count": 37,
            "created_time": "2024-12-11T17:05:03.816795Z",
            "yes_price": 13,
            "no_price": 87,
            "taker_side": "yes"
        },
        {
            "trade_id": "c04323d5-cdeb-48a5-a7bb-39a6afa203db",
            "ticker": "KXHIGHAUS-24DEC11-B61.5",
            "count": 21,
            "created_time": "2024-12-11T17:03:05.707819Z",
            "yes_price": 8,
            "no_price": 92,
            "taker_side": "yes"
        },
        {
            "trade_id": "a871bd09-3d09-4bbf-964e-30f512ec3026",
            "ticker": "KXHIGHAUS-24DEC11-B61.5",
            "count": 341,
            "created_time": "2024-12-11T17:03:05.707819Z",
            "yes_price": 16,
            "no_price": 84,
            "taker_side": "yes"
        },
        {
            "trade_id": "4b10adf1-924d-4a12-9673-5d61a0296f1d",
            "ticker": "KXHIGHAUS-24DEC11-B61.5",
            "count": 200,
            "created_time": "2024-12-11T17:03:05.707819Z",
            "yes_price": 10,
            "no_price": 90,
            "taker_side": "yes"
        },
        {
            "trade_id": "428eb9a0-ca49-47c2-a60a-27b0ca5dca21",
            "ticker": "KXHIGHAUS-24DEC11-B61.5",
            "count": 200,
            "created_time": "2024-12-11T17:03:05.707819Z",
            "yes_price": 9,
            "no_price": 91,
            "taker_side": "yes"
        },
        {
            "trade_id": "e62bbada-47f4-4e8d-93c0-124d78266f31",
            "ticker": "KXHIGHAUS-24DEC11-B61.5",
            "count": 99,
            "created_time": "2024-12-11T17:00:54.890369Z",
            "yes_price": 13,
            "no_price": 87,
            "taker_side": "yes"
        },
        {
            "trade_id": "da401b0f-7f5d-43cb-a255-72afb5884140",
            "ticker": "KXHIGHAUS-24DEC11-B61.5",
            "count": 100,
            "created_time": "2024-12-11T17:00:54.890369Z",
            "yes_price": 11,
            "no_price": 89,
            "taker_side": "yes"
        },
        {
            "trade_id": "d1f5a9e0-be59-4d79-b74f-102a39c0f717",
            "ticker": "KXHIGHAUS-24DEC11-B61.5",
            "count": 59,
            "created_time": "2024-12-11T17:00:54.890369Z",
            "yes_price": 6,
            "no_price": 94,
            "taker_side": "yes"
        },
        {
            "trade_id": "cbe324c7-fb5d-467e-94a0-58aa5d524bb0",
            "ticker": "KXHIGHAUS-24DEC11-B61.5",
            "count": 80,
            "created_time": "2024-12-11T17:00:54.890369Z",
            "yes_price": 8,
            "no_price": 92,
            "taker_side": "yes"
        },
        {
            "trade_id": "b5047b27-0f4b-4d66-8b9c-512434196192",
            "ticker": "KXHIGHAUS-24DEC11-B61.5",
            "count": 500,
            "created_time": "2024-12-11T17:00:54.890369Z",
            "yes_price": 6,
            "no_price": 94,
            "taker_side": "yes"
        },
        {
            "trade_id": "2f5ce01d-4d00-488b-8172-fdacf31d7368",
            "ticker": "KXHIGHAUS-24DEC11-B61.5",
            "count": 100,
            "created_time": "2024-12-11T17:00:54.890369Z",
            "yes_price": 9,
            "no_price": 91,
            "taker_side": "yes"
        },
        {
            "trade_id": "22bb2286-55b1-4332-a4c7-88e2871ac30e",
            "ticker": "KXHIGHAUS-24DEC11-B61.5",
            "count": 38,
            "created_time": "2024-12-11T17:00:54.890369Z",
            "yes_price": 10,
            "no_price": 90,
            "taker_side": "yes"
        },
        {
            "trade_id": "169b06d9-201d-4142-88ba-469f675ad8f8",
            "ticker": "KXHIGHAUS-24DEC11-B61.5",
            "count": 29,
            "created_time": "2024-12-11T17:00:54.890369Z",
            "yes_price": 9,
            "no_price": 91,
            "taker_side": "yes"
        },
        {
            "trade_id": "108e2b25-59d6-4d3b-8448-18d04e135d84",
            "ticker": "KXHIGHAUS-24DEC11-B61.5",
            "count": 92,
            "created_time": "2024-12-11T17:00:54.890369Z",
            "yes_price": 16,
            "no_price": 84,
            "taker_side": "yes"
        },
        {
            "trade_id": "5024fcd7-68fa-4de5-a9c3-c5a1e78963b3",
            "ticker": "KXHIGHAUS-24DEC11-B61.5",
            "count": 1,
            "created_time": "2024-12-11T16:59:47.088504Z",
            "yes_price": 6,
            "no_price": 94,
            "taker_side": "yes"
        },
        {
            "trade_id": "c25ee40d-6d5b-4ef1-a559-6fcde863501b",
            "ticker": "KXHIGHAUS-24DEC11-B61.5",
            "count": 13,
            "created_time": "2024-12-11T16:44:31.0665Z",
            "yes_price": 6,
            "no_price": 94,
            "taker_side": "yes"
        },
        {
            "trade_id": "1a3fc13d-ccf8-4e18-975e-96028758f7fd",
            "ticker": "KXHIGHAUS-24DEC11-B61.5",
            "count": 60,
            "created_time": "2024-12-11T16:44:31.0665Z",
            "yes_price": 6,
            "no_price": 94,
            "taker_side": "yes"
        },
        {
            "trade_id": "1243c2d0-9e26-4ed4-a532-6b1097937d9f",
            "ticker": "KXHIGHAUS-24DEC11-B61.5",
            "count": 735,
            "created_time": "2024-12-11T16:42:14.172155Z",
            "yes_price": 4,
            "no_price": 96,
            "taker_side": "yes"
        },
        {
            "trade_id": "a123ea9e-611b-4a1d-b82e-d30c13e49a1d",
            "ticker": "KXHIGHAUS-24DEC11-B61.5",
            "count": 200,
            "created_time": "2024-12-11T16:37:33.329049Z",
            "yes_price": 4,
            "no_price": 96,
            "taker_side": "no"
        },
        {
            "trade_id": "731f46fd-da7a-4993-9f2e-e40fb445329a",
            "ticker": "KXHIGHAUS-24DEC11-B61.5",
            "count": 60,
            "created_time": "2024-12-11T16:37:33.329049Z",
            "yes_price": 5,
            "no_price": 95,
            "taker_side": "no"
        },
        {
            "trade_id": "e89d4c46-7ca0-48a3-b5d1-c7b0bd054110",
            "ticker": "KXHIGHAUS-24DEC11-B61.5",
            "count": 12,
            "created_time": "2024-12-11T16:36:29.846412Z",
            "yes_price": 7,
            "no_price": 93,
            "taker_side": "yes"
        },
        {
            "trade_id": "855f787a-cc61-4abd-afa4-e0a5c293bac0",
            "ticker": "KXHIGHAUS-24DEC11-B61.5",
            "count": 60,
            "created_time": "2024-12-11T16:36:29.846412Z",
            "yes_price": 7,
            "no_price": 93,
            "taker_side": "yes"
        },
        {
            "trade_id": "24ecf073-e20e-44d7-9a8e-c88ae6e0c722",
            "ticker": "KXHIGHAUS-24DEC11-B61.5",
            "count": 112,
            "created_time": "2024-12-11T16:36:29.846412Z",
            "yes_price": 8,
            "no_price": 92,
            "taker_side": "yes"
        },
        {
            "trade_id": "9868446f-3853-4ca0-bc12-e8fa60b85303",
            "ticker": "KXHIGHAUS-24DEC11-B61.5",
            "count": 5,
            "created_time": "2024-12-11T16:36:21.645859Z",
            "yes_price": 5,
            "no_price": 95,
            "taker_side": "no"
        },
        {
            "trade_id": "50acae63-62cf-4ea6-af88-9f25012e1c1a",
            "ticker": "KXHIGHAUS-24DEC11-B61.5",
            "count": 200,
            "created_time": "2024-12-11T16:35:47.696906Z",
            "yes_price": 8,
            "no_price": 92,
            "taker_side": "yes"
        },
        {
            "trade_id": "aa6fa87f-2427-4295-af1e-53f6f812e3ea",
            "ticker": "KXHIGHAUS-24DEC11-B61.5",
            "count": 100,
            "created_time": "2024-12-11T16:34:03.217498Z",
            "yes_price": 8,
            "no_price": 92,
            "taker_side": "yes"
        },
        {
            "trade_id": "2576bc2c-0e26-4646-a05a-497782d08aa4",
            "ticker": "KXHIGHAUS-24DEC11-B61.5",
            "count": 1435,
            "created_time": "2024-12-11T16:30:41.97901Z",
            "yes_price": 4,
            "no_price": 96,
            "taker_side": "yes"
        },
        {
            "trade_id": "ea309a45-b522-40d7-a127-d964742347e4",
            "ticker": "KXHIGHAUS-24DEC11-B61.5",
            "count": 500,
            "created_time": "2024-12-11T16:30:26.944586Z",
            "yes_price": 4,
            "no_price": 96,
            "taker_side": "no"
        },
        {
            "trade_id": "d950a39c-5cd2-494a-9574-9e4ab139fea8",
            "ticker": "KXHIGHAUS-24DEC11-B61.5",
            "count": 60,
            "created_time": "2024-12-11T16:30:26.944586Z",
            "yes_price": 5,
            "no_price": 95,
            "taker_side": "no"
        },
        {
            "trade_id": "98d77440-917b-4d9a-a9e8-968bfbcd128d",
            "ticker": "KXHIGHAUS-24DEC11-B61.5",
            "count": 5,
            "created_time": "2024-12-11T16:30:26.944586Z",
            "yes_price": 4,
            "no_price": 96,
            "taker_side": "no"
        },
        {
            "trade_id": "7cab146d-e863-4a78-8795-a5545dab1376",
            "ticker": "KXHIGHAUS-24DEC11-B61.5",
            "count": 56,
            "created_time": "2024-12-11T16:29:11.604453Z",
            "yes_price": 7,
            "no_price": 93,
            "taker_side": "yes"
        },
        {
            "trade_id": "52aa6956-5e47-4c69-8f77-4696c07f209c",
            "ticker": "KXHIGHAUS-24DEC11-B61.5",
            "count": 44,
            "created_time": "2024-12-11T16:29:11.604453Z",
            "yes_price": 7,
            "no_price": 93,
            "taker_side": "yes"
        },
        {
            "trade_id": "21386cae-b4ab-475d-91c4-b7ddc4619599",
            "ticker": "KXHIGHAUS-24DEC11-B61.5",
            "count": 5,
            "created_time": "2024-12-11T16:17:33.980287Z",
            "yes_price": 4,
            "no_price": 96,
            "taker_side": "no"
        },
        {
            "trade_id": "cda450ff-5e97-4096-a467-563e2ed7a6f5",
            "ticker": "KXHIGHAUS-24DEC11-B61.5",
            "count": 66,
            "created_time": "2024-12-11T16:13:21.072963Z",
            "yes_price": 6,
            "no_price": 94,
            "taker_side": "yes"
        },
        {
            "trade_id": "05aff2b6-26d8-4926-a450-6a168f6a7f9d",
            "ticker": "KXHIGHAUS-24DEC11-B61.5",
            "count": 34,
            "created_time": "2024-12-11T16:13:21.072963Z",
            "yes_price": 6,
            "no_price": 94,
            "taker_side": "yes"
        },
        {
            "trade_id": "a808cd0f-db48-4a6f-af72-b6b6cdb928d4",
            "ticker": "KXHIGHAUS-24DEC11-B61.5",
            "count": 34,
            "created_time": "2024-12-11T16:08:03.638913Z",
            "yes_price": 6,
            "no_price": 94,
            "taker_side": "yes"
        },
        {
            "trade_id": "45bd55ac-10b6-4300-9d6c-78856c449f07",
            "ticker": "KXHIGHAUS-24DEC11-B61.5",
            "count": 44,
            "created_time": "2024-12-11T16:08:03.638913Z",
            "yes_price": 6,
            "no_price": 94,
            "taker_side": "yes"
        },
        {
            "trade_id": "dd3e57f7-68c3-438c-8efa-537182066656",
            "ticker": "KXHIGHAUS-24DEC11-B61.5",
            "count": 240,
            "created_time": "2024-12-11T16:03:07.361711Z",
            "yes_price": 6,
            "no_price": 94,
            "taker_side": "yes"
        },
        {
            "trade_id": "fb9cdb03-f0a6-4fcc-933b-4d788a6e8d06",
            "ticker": "KXHIGHAUS-24DEC11-B61.5",
            "count": 10,
            "created_time": "2024-12-11T16:01:06.091062Z",
            "yes_price": 5,
            "no_price": 95,
            "taker_side": "yes"
        },
        {
            "trade_id": "c642d10f-d94d-4de0-9748-e83434fefa2a",
            "ticker": "KXHIGHAUS-24DEC11-B61.5",
            "count": 5,
            "created_time": "2024-12-11T15:54:52.648431Z",
            "yes_price": 2,
            "no_price": 98,
            "taker_side": "no"
        },
        {
            "trade_id": "929b7a59-2a52-438b-9242-49aa5938ea97",
            "ticker": "KXHIGHAUS-24DEC11-B61.5",
            "count": 5,
            "created_time": "2024-12-11T15:54:52.648431Z",
            "yes_price": 3,
            "no_price": 97,
            "taker_side": "no"
        },
        {
            "trade_id": "badf5413-b012-4148-87ea-f1aa2efb7ac9",
            "ticker": "KXHIGHAUS-24DEC11-B61.5",
            "count": 15,
            "created_time": "2024-12-11T15:50:20.155496Z",
            "yes_price": 3,
            "no_price": 97,
            "taker_side": "no"
        },
        {
            "trade_id": "a27e7d72-f754-49cd-95bb-3e2d4e94c96e",
            "ticker": "KXHIGHAUS-24DEC11-B61.5",
            "count": 10,
            "created_time": "2024-12-11T15:48:24.209261Z",
            "yes_price": 6,
            "no_price": 94,
            "taker_side": "yes"
        },
        {
            "trade_id": "54b0d00b-281e-48ca-96b5-29998be31265",
            "ticker": "KXHIGHAUS-24DEC11-B61.5",
            "count": 18,
            "created_time": "2024-12-11T15:46:45.637722Z",
            "yes_price": 5,
            "no_price": 95,
            "taker_side": "yes"
        },
        {
            "trade_id": "5e6606bd-c423-490f-bf9c-5fee5d4129aa",
            "ticker": "KXHIGHAUS-24DEC11-B61.5",
            "count": 10,
            "created_time": "2024-12-11T15:40:31.505839Z",
            "yes_price": 2,
            "no_price": 98,
            "taker_side": "no"
        },
        {
            "trade_id": "b7ca0584-beef-4045-91b7-d7b253d262bd",
            "ticker": "KXHIGHAUS-24DEC11-B61.5",
            "count": 9,
            "created_time": "2024-12-11T15:33:22.156428Z",
            "yes_price": 5,
            "no_price": 95,
            "taker_side": "yes"
        },
        {
            "trade_id": "a31ba443-bba1-4d49-a2f7-a7ad862f824a",
            "ticker": "KXHIGHAUS-24DEC11-B61.5",
            "count": 6,
            "created_time": "2024-12-11T15:13:56.434456Z",
            "yes_price": 6,
            "no_price": 94,
            "taker_side": "yes"
        },
        {
            "trade_id": "ce793944-18cf-4f93-9acc-495d3246906c",
            "ticker": "KXHIGHAUS-24DEC11-B61.5",
            "count": 12,
            "created_time": "2024-12-11T14:57:02.891167Z",
            "yes_price": 3,
            "no_price": 97,
            "taker_side": "no"
        },
        {
            "trade_id": "44dba308-ab13-4aa5-8800-81b3d3dc16ac",
            "ticker": "KXHIGHAUS-24DEC11-B61.5",
            "count": 100,
            "created_time": "2024-12-11T14:54:32.215241Z",
            "yes_price": 3,
            "no_price": 97,
            "taker_side": "no"
        },
        {
            "trade_id": "9302546e-b8cb-4930-a77d-a76acb41cfe8",
            "ticker": "KXHIGHAUS-24DEC11-B61.5",
            "count": 60,
            "created_time": "2024-12-11T14:54:15.41956Z",
            "yes_price": 6,
            "no_price": 94,
            "taker_side": "no"
        },
        {
            "trade_id": "27c26713-d954-4588-ac9f-74b6e9dd9954",
            "ticker": "KXHIGHAUS-24DEC11-B61.5",
            "count": 12,
            "created_time": "2024-12-11T14:54:15.41956Z",
            "yes_price": 6,
            "no_price": 94,
            "taker_side": "no"
        },
        {
            "trade_id": "5e8754f3-7c29-4e1f-8156-cd4b596d7669",
            "ticker": "KXHIGHAUS-24DEC11-B61.5",
            "count": 9,
            "created_time": "2024-12-11T14:33:58.339837Z",
            "yes_price": 9,
            "no_price": 91,
            "taker_side": "yes"
        },
        {
            "trade_id": "a1f92b49-17d5-4e9e-9f90-35f45da64d9b",
            "ticker": "KXHIGHAUS-24DEC11-B61.5",
            "count": 50,
            "created_time": "2024-12-11T14:28:58.148913Z",
            "yes_price": 6,
            "no_price": 94,
            "taker_side": "no"
        },
        {
            "trade_id": "0d8a4ce5-9e73-4428-bfe1-aec3b5b90990",
            "ticker": "KXHIGHAUS-24DEC11-B61.5",
            "count": 54,
            "created_time": "2024-12-11T14:28:58.096919Z",
            "yes_price": 6,
            "no_price": 94,
            "taker_side": "no"
        },
        {
            "trade_id": "04d969c4-47ac-44a7-97ec-5e02fdccc121",
            "ticker": "KXHIGHAUS-24DEC11-B61.5",
            "count": 1,
            "created_time": "2024-12-11T14:28:58.096919Z",
            "yes_price": 6,
            "no_price": 94,
            "taker_side": "no"
        },
        {
            "trade_id": "9ae28b5c-319c-4bdb-abcc-132f75b5cad8",
            "ticker": "KXHIGHAUS-24DEC11-B61.5",
            "count": 266,
            "created_time": "2024-12-11T14:17:38.51312Z",
            "yes_price": 14,
            "no_price": 86,
            "taker_side": "no"
        },
        {
            "trade_id": "f094d0ba-b549-4a36-84e0-5559ef7505e3",
            "ticker": "KXHIGHAUS-24DEC11-B61.5",
            "count": 652,
            "created_time": "2024-12-11T14:14:57.494373Z",
            "yes_price": 14,
            "no_price": 86,
            "taker_side": "yes"
        },
        {
            "trade_id": "894b451b-9e67-4236-b7f5-15e488c38d9d",
            "ticker": "KXHIGHAUS-24DEC11-B61.5",
            "count": 11,
            "created_time": "2024-12-11T14:14:57.494373Z",
            "yes_price": 14,
            "no_price": 86,
            "taker_side": "yes"
        },
        {
            "trade_id": "4e00326f-f39b-4050-8e13-aee104ee3ccd",
            "ticker": "KXHIGHAUS-24DEC11-B61.5",
            "count": 60,
            "created_time": "2024-12-11T14:14:57.494373Z",
            "yes_price": 14,
            "no_price": 86,
            "taker_side": "yes"
        },
        {
            "trade_id": "38aa8823-d4be-473f-99c2-3892d44af09e",
            "ticker": "KXHIGHAUS-24DEC11-B61.5",
            "count": 11,
            "created_time": "2024-12-11T14:14:57.494373Z",
            "yes_price": 14,
            "no_price": 86,
            "taker_side": "yes"
        },
        {
            "trade_id": "c42189a9-d4fb-40a8-8655-b076394e6377",
            "ticker": "KXHIGHAUS-24DEC11-B61.5",
            "count": 336,
            "created_time": "2024-12-11T14:11:20.225047Z",
            "yes_price": 14,
            "no_price": 86,
            "taker_side": "yes"
        },
        {
            "trade_id": "7a653381-f7e1-445d-adc4-8c49a49e063b",
            "ticker": "KXHIGHAUS-24DEC11-B61.5",
            "count": 67,
            "created_time": "2024-12-11T14:09:25.231963Z",
            "yes_price": 7,
            "no_price": 93,
            "taker_side": "no"
        },
        {
            "trade_id": "364224fc-28cd-4ee0-b3a7-713a43f50ae1",
            "ticker": "KXHIGHAUS-24DEC11-B61.5",
            "count": 5,
            "created_time": "2024-12-11T14:09:14.17473Z",
            "yes_price": 7,
            "no_price": 93,
            "taker_side": "no"
        },
        {
            "trade_id": "aff9d8b0-cf9e-4948-b360-8ec325ef8858",
            "ticker": "KXHIGHAUS-24DEC11-B61.5",
            "count": 6,
            "created_time": "2024-12-11T14:05:27.166059Z",
            "yes_price": 14,
            "no_price": 86,
            "taker_side": "yes"
        },
        {
            "trade_id": "267494f3-1602-4184-8a3a-01b83523368f",
            "ticker": "KXHIGHAUS-24DEC11-B61.5",
            "count": 6,
            "created_time": "2024-12-11T14:04:32.480749Z",
            "yes_price": 14,
            "no_price": 86,
            "taker_side": "yes"
        },
        {
            "trade_id": "210679da-4887-4ba1-a863-8e38a4b7d0db",
            "ticker": "KXHIGHAUS-24DEC11-B61.5",
            "count": 70,
            "created_time": "2024-12-11T13:52:30.121759Z",
            "yes_price": 6,
            "no_price": 94,
            "taker_side": "no"
        },
        {
            "trade_id": "6e0fff6b-bae2-40db-ab58-ffd3edff1a06",
            "ticker": "KXHIGHAUS-24DEC11-B61.5",
            "count": 4,
            "created_time": "2024-12-11T13:46:21.878757Z",
            "yes_price": 7,
            "no_price": 93,
            "taker_side": "no"
        },
        {
            "trade_id": "86c8eb31-f64c-4d90-a631-cb01f29585ce",
            "ticker": "KXHIGHAUS-24DEC11-B61.5",
            "count": 40,
            "created_time": "2024-12-11T13:45:55.292457Z",
            "yes_price": 7,
            "no_price": 93,
            "taker_side": "no"
        },
        {
            "trade_id": "84abf9c3-6739-4167-b969-64921fd7878f",
            "ticker": "KXHIGHAUS-24DEC11-B61.5",
            "count": 3,
            "created_time": "2024-12-11T13:32:26.937986Z",
            "yes_price": 7,
            "no_price": 93,
            "taker_side": "no"
        },
        {
            "trade_id": "403584d8-9298-4cc6-afc5-dbf7ac927f86",
            "ticker": "KXHIGHAUS-24DEC11-B61.5",
            "count": 34,
            "created_time": "2024-12-11T13:30:34.398693Z",
            "yes_price": 7,
            "no_price": 93,
            "taker_side": "no"
        },
        {
            "trade_id": "753a0e8c-3029-41fe-912e-c33f8ebe1c82",
            "ticker": "KXHIGHAUS-24DEC11-B61.5",
            "count": 1,
            "created_time": "2024-12-11T13:24:16.049998Z",
            "yes_price": 6,
            "no_price": 94,
            "taker_side": "no"
        },
        {
            "trade_id": "be417f86-62b8-4aa7-9b1c-871556a71caf",
            "ticker": "KXHIGHAUS-24DEC11-B61.5",
            "count": 500,
            "created_time": "2024-12-11T13:21:36.850061Z",
            "yes_price": 15,
            "no_price": 85,
            "taker_side": "yes"
        },
        {
            "trade_id": "a57ab78b-d0fd-4488-bc6a-e9d35a019dff",
            "ticker": "KXHIGHAUS-24DEC11-B61.5",
            "count": 72,
            "created_time": "2024-12-11T13:21:36.850061Z",
            "yes_price": 14,
            "no_price": 86,
            "taker_side": "yes"
        },
        {
            "trade_id": "5f671786-77cb-490d-85f4-e993a959437f",
            "ticker": "KXHIGHAUS-24DEC11-B61.5",
            "count": 51,
            "created_time": "2024-12-11T13:21:36.850061Z",
            "yes_price": 18,
            "no_price": 82,
            "taker_side": "yes"
        },
        {
            "trade_id": "145ca8dd-36c7-483e-80dd-74adc99e52ba",
            "ticker": "KXHIGHAUS-24DEC11-B61.5",
            "count": 42,
            "created_time": "2024-12-11T13:20:34.349252Z",
            "yes_price": 5,
            "no_price": 95,
            "taker_side": "no"
        },
        {
            "trade_id": "71817625-d07e-4182-9487-2935cd289eeb",
            "ticker": "KXHIGHAUS-24DEC11-B61.5",
            "count": 10,
            "created_time": "2024-12-11T13:20:19.920512Z",
            "yes_price": 5,
            "no_price": 95,
            "taker_side": "no"
        },
        {
            "trade_id": "6469b856-2e97-4b8c-abd9-3ea2aa43c398",
            "ticker": "KXHIGHAUS-24DEC11-B61.5",
            "count": 8,
            "created_time": "2024-12-11T13:17:04.773417Z",
            "yes_price": 5,
            "no_price": 95,
            "taker_side": "no"
        },
        {
            "trade_id": "215ae292-e348-4077-8e36-9779027800a9",
            "ticker": "KXHIGHAUS-24DEC11-B61.5",
            "count": 14,
            "created_time": "2024-12-11T13:01:31.566314Z",
            "yes_price": 9,
            "no_price": 91,
            "taker_side": "no"
        },
        {
            "trade_id": "dc257d7e-4b0c-478f-8823-26bffb6d6a8c",
            "ticker": "KXHIGHAUS-24DEC11-B61.5",
            "count": 100,
            "created_time": "2024-12-11T13:01:20.546735Z",
            "yes_price": 15,
            "no_price": 85,
            "taker_side": "yes"
        },
        {
            "trade_id": "c3186aeb-d49d-42e6-bbdb-de56c22391fc",
            "ticker": "KXHIGHAUS-24DEC11-B61.5",
            "count": 60,
            "created_time": "2024-12-11T13:01:20.546735Z",
            "yes_price": 14,
            "no_price": 86,
            "taker_side": "yes"
        },
        {
            "trade_id": "1ef4a10d-ccb2-444e-b8cb-fa0e208fb919",
            "ticker": "KXHIGHAUS-24DEC11-B61.5",
            "count": 140,
            "created_time": "2024-12-11T13:01:20.546735Z",
            "yes_price": 15,
            "no_price": 85,
            "taker_side": "yes"
        },
        {
            "trade_id": "542f6d29-7821-4265-b0f1-0e6ee80c8186",
            "ticker": "KXHIGHAUS-24DEC11-B61.5",
            "count": 4,
            "created_time": "2024-12-11T07:23:14.263343Z",
            "yes_price": 11,
            "no_price": 89,
            "taker_side": "no"
        },
        {
            "trade_id": "f7a0b92a-5460-4bf0-96ff-bed75178ff33",
            "ticker": "KXHIGHAUS-24DEC11-B61.5",
            "count": 400,
            "created_time": "2024-12-11T07:22:16.031533Z",
            "yes_price": 11,
            "no_price": 89,
            "taker_side": "no"
        },
        {
            "trade_id": "fdda7fb4-c8e1-42f0-b6f7-56d554af58ab",
            "ticker": "KXHIGHAUS-24DEC11-B61.5",
            "count": 100,
            "created_time": "2024-12-11T07:12:58.758618Z",
            "yes_price": 11,
            "no_price": 89,
            "taker_side": "no"
        },
        {
            "trade_id": "2ca67d25-9a9e-48e1-a256-849e113c19b5",
            "ticker": "KXHIGHAUS-24DEC11-B61.5",
            "count": 4,
            "created_time": "2024-12-11T06:54:08.873777Z",
            "yes_price": 14,
            "no_price": 86,
            "taker_side": "yes"
        },
        {
            "trade_id": "c69feec9-b55f-49f3-88a2-519d9343fb3f",
            "ticker": "KXHIGHAUS-24DEC11-B61.5",
            "count": 496,
            "created_time": "2024-12-11T06:27:26.20837Z",
            "yes_price": 11,
            "no_price": 89,
            "taker_side": "no"
        },
        {
            "trade_id": "b587f00e-75c6-4acf-88c0-e203438d9c5b",
            "ticker": "KXHIGHAUS-24DEC11-B61.5",
            "count": 62,
            "created_time": "2024-12-11T06:27:26.20837Z",
            "yes_price": 12,
            "no_price": 88,
            "taker_side": "no"
        },
        {
            "trade_id": "aee45835-48a7-4615-9147-96d1c6e04569",
            "ticker": "KXHIGHAUS-24DEC11-B61.5",
            "count": 500,
            "created_time": "2024-12-11T06:01:15.322532Z",
            "yes_price": 11,
            "no_price": 89,
            "taker_side": "no"
        },
        {
            "trade_id": "5c7255dd-f647-4068-8f1d-b4c51f80148c",
            "ticker": "KXHIGHAUS-24DEC11-B61.5",
            "count": 70,
            "created_time": "2024-12-11T04:21:26.583414Z",
            "yes_price": 15,
            "no_price": 85,
            "taker_side": "yes"
        },
        {
            "trade_id": "1378ef7a-ef26-49bb-b415-650e0a256c33",
            "ticker": "KXHIGHAUS-24DEC11-B61.5",
            "count": 200,
            "created_time": "2024-12-11T03:57:33.273354Z",
            "yes_price": 15,
            "no_price": 85,
            "taker_side": "yes"
        },
        {
            "trade_id": "605ccc9c-ff7f-43d3-87b8-6dfff5919401",
            "ticker": "KXHIGHAUS-24DEC11-B61.5",
            "count": 200,
            "created_time": "2024-12-11T03:57:33.183346Z",
            "yes_price": 15,
            "no_price": 85,
            "taker_side": "yes"
        },
        {
            "trade_id": "90665a71-3305-4efd-ab36-fd1308b5faa0",
            "ticker": "KXHIGHAUS-24DEC11-B61.5",
            "count": 100,
            "created_time": "2024-12-11T03:57:33.102758Z",
            "yes_price": 15,
            "no_price": 85,
            "taker_side": "yes"
        },
        {
            "trade_id": "e989091e-2794-4f2b-b93f-2e52987f4284",
            "ticker": "KXHIGHAUS-24DEC11-B61.5",
            "count": 200,
            "created_time": "2024-12-11T03:48:31.963355Z",
            "yes_price": 15,
            "no_price": 85,
            "taker_side": "yes"
        },
        {
            "trade_id": "d4258592-b899-4c7f-91e5-e874ad1b9bee",
            "ticker": "KXHIGHAUS-24DEC11-B61.5",
            "count": 78,
            "created_time": "2024-12-11T03:38:15.493055Z",
            "yes_price": 11,
            "no_price": 89,
            "taker_side": "no"
        },
        {
            "trade_id": "a0b892ea-ec0b-4042-98cc-8aab9a646bee",
            "ticker": "KXHIGHAUS-24DEC11-B61.5",
            "count": 100,
            "created_time": "2024-12-11T03:25:05.398496Z",
            "yes_price": 11,
            "no_price": 89,
            "taker_side": "no"
        },
        {
            "trade_id": "dc3a837f-580a-4bcd-8045-9bf0ec27e012",
            "ticker": "KXHIGHAUS-24DEC11-B61.5",
            "count": 5,
            "created_time": "2024-12-11T02:41:35.940513Z",
            "yes_price": 15,
            "no_price": 85,
            "taker_side": "yes"
        },
        {
            "trade_id": "af4b3df8-d041-406f-b3c0-d58acccef5da",
            "ticker": "KXHIGHAUS-24DEC11-B61.5",
            "count": 5,
            "created_time": "2024-12-11T02:41:35.940513Z",
            "yes_price": 15,
            "no_price": 85,
            "taker_side": "yes"
        },
        {
            "trade_id": "51a1e712-3f2b-444d-bf81-e47f36d2c946",
            "ticker": "KXHIGHAUS-24DEC11-B61.5",
            "count": 22,
            "created_time": "2024-12-11T02:41:35.940513Z",
            "yes_price": 15,
            "no_price": 85,
            "taker_side": "yes"
        },
        {
            "trade_id": "260a487f-fc64-4010-9242-823ae6281628",
            "ticker": "KXHIGHAUS-24DEC11-B61.5",
            "count": 200,
            "created_time": "2024-12-11T02:41:35.940513Z",
            "yes_price": 15,
            "no_price": 85,
            "taker_side": "yes"
        },
        {
            "trade_id": "ed38893b-9d58-445d-b4eb-339415fac516",
            "ticker": "KXHIGHAUS-24DEC11-B61.5",
            "count": 656,
            "created_time": "2024-12-11T02:41:18.165928Z",
            "yes_price": 14,
            "no_price": 86,
            "taker_side": "yes"
        },
        {
            "trade_id": "7b63c48a-688b-4e35-b937-3ae2add4a56a",
            "ticker": "KXHIGHAUS-24DEC11-B61.5",
            "count": 12,
            "created_time": "2024-12-11T02:41:18.165928Z",
            "yes_price": 14,
            "no_price": 86,
            "taker_side": "yes"
        },
        {
            "trade_id": "2a167758-9f1e-43e8-b056-198f95201ca5",
            "ticker": "KXHIGHAUS-24DEC11-B61.5",
            "count": 38,
            "created_time": "2024-12-11T02:41:18.165928Z",
            "yes_price": 14,
            "no_price": 86,
            "taker_side": "yes"
        },
        {
            "trade_id": "1777eedc-78b4-4769-be29-8d6b621fbe76",
            "ticker": "KXHIGHAUS-24DEC11-B61.5",
            "count": 100,
            "created_time": "2024-12-11T02:41:18.165928Z",
            "yes_price": 14,
            "no_price": 86,
            "taker_side": "yes"
        },
        {
            "trade_id": "a4a93598-c673-4493-90b0-c46bf3e900e2",
            "ticker": "KXHIGHAUS-24DEC11-B61.5",
            "count": 162,
            "created_time": "2024-12-11T02:31:53.383128Z",
            "yes_price": 10,
            "no_price": 90,
            "taker_side": "no"
        },
        {
            "trade_id": "6512b2bb-8d5e-4e03-a51f-08ceb81fe412",
            "ticker": "KXHIGHAUS-24DEC11-B61.5",
            "count": 500,
            "created_time": "2024-12-11T02:31:53.383128Z",
            "yes_price": 10,
            "no_price": 90,
            "taker_side": "no"
        },
        {
            "trade_id": "c743e441-4d02-4017-a26d-e345fcb42903",
            "ticker": "KXHIGHAUS-24DEC11-B61.5",
            "count": 100,
            "created_time": "2024-12-11T02:06:01.960106Z",
            "yes_price": 14,
            "no_price": 86,
            "taker_side": "yes"
        },
        {
            "trade_id": "835f6abd-dc02-4fb1-8de9-45ea498ad34e",
            "ticker": "KXHIGHAUS-24DEC11-B61.5",
            "count": 33,
            "created_time": "2024-12-11T01:30:39.996779Z",
            "yes_price": 14,
            "no_price": 86,
            "taker_side": "yes"
        },
        {
            "trade_id": "6e30bfbf-7ea8-4bd8-a58a-a6f157031855",
            "ticker": "KXHIGHAUS-24DEC11-B61.5",
            "count": 1,
            "created_time": "2024-12-11T01:22:46.607499Z",
            "yes_price": 14,
            "no_price": 86,
            "taker_side": "yes"
        },
        {
            "trade_id": "85f5a209-b015-44a4-8463-925e86fb3af5",
            "ticker": "KXHIGHAUS-24DEC11-B61.5",
            "count": 10,
            "created_time": "2024-12-11T00:49:13.571433Z",
            "yes_price": 14,
            "no_price": 86,
            "taker_side": "yes"
        },
        {
            "trade_id": "de2d69ff-329e-47e8-91f8-1f69d217f51a",
            "ticker": "KXHIGHAUS-24DEC11-B61.5",
            "count": 200,
            "created_time": "2024-12-10T22:38:45.294597Z",
            "yes_price": 14,
            "no_price": 86,
            "taker_side": "yes"
        },
        {
            "trade_id": "16f7e163-7e99-4709-b456-b11cb5f88cf1",
            "ticker": "KXHIGHAUS-24DEC11-B61.5",
            "count": 95,
            "created_time": "2024-12-10T22:06:43.096319Z",
            "yes_price": 18,
            "no_price": 82,
            "taker_side": "no"
        },
        {
            "trade_id": "2d6dd13a-a73a-4c4a-bb21-1fbfd209ee0e",
            "ticker": "KXHIGHAUS-24DEC11-B61.5",
            "count": 11,
            "created_time": "2024-12-10T20:45:43.410787Z",
            "yes_price": 15,
            "no_price": 85,
            "taker_side": "yes"
        },
        {
            "trade_id": "46bf198a-546d-4633-81df-ab61f2a7106c",
            "ticker": "KXHIGHAUS-24DEC11-B61.5",
            "count": 5,
            "created_time": "2024-12-10T20:43:11.643836Z",
            "yes_price": 14,
            "no_price": 86,
            "taker_side": "yes"
        },
        {
            "trade_id": "e9edb203-07ad-4774-8cd3-627556da972c",
            "ticker": "KXHIGHAUS-24DEC11-B61.5",
            "count": 8,
            "created_time": "2024-12-10T19:51:26.407095Z",
            "yes_price": 12,
            "no_price": 88,
            "taker_side": "yes"
        },
        {
            "trade_id": "d68df8a5-6f3c-4721-8eab-002086e4e925",
            "ticker": "KXHIGHAUS-24DEC11-B61.5",
            "count": 8,
            "created_time": "2024-12-10T19:51:26.407095Z",
            "yes_price": 12,
            "no_price": 88,
            "taker_side": "yes"
        },
        {
            "trade_id": "b9c00c91-731f-4537-bdf6-ef2dd1ce9b90",
            "ticker": "KXHIGHAUS-24DEC11-B61.5",
            "count": 8,
            "created_time": "2024-12-10T19:51:26.407095Z",
            "yes_price": 12,
            "no_price": 88,
            "taker_side": "yes"
        },
        {
            "trade_id": "5d04f9f5-6d40-4ba8-b0bd-43fb5f963fae",
            "ticker": "KXHIGHAUS-24DEC11-B61.5",
            "count": 100,
            "created_time": "2024-12-10T19:51:26.407095Z",
            "yes_price": 11,
            "no_price": 89,
            "taker_side": "yes"
        },
        {
            "trade_id": "2712c6c2-3aad-4303-8944-f4f4dafac749",
            "ticker": "KXHIGHAUS-24DEC11-B61.5",
            "count": 8,
            "created_time": "2024-12-10T19:51:26.407095Z",
            "yes_price": 12,
            "no_price": 88,
            "taker_side": "yes"
        }
    ],
    "KXHIGHAUS-24DEC11-B63.5": [
        {
            "trade_id": "e9d97c43-69a7-483c-9d04-d1f797ed7266",
            "ticker": "KXHIGHAUS-24DEC11-B63.5",
            "count": 100,
            "created_time": "2024-12-12T05:24:00.661671Z",
            "yes_price": 99,
            "no_price": 1,
            "taker_side": "no"
        },
        {
            "trade_id": "e524b4cd-1ab9-424a-8cb7-ed5653b1f89c",
            "ticker": "KXHIGHAUS-24DEC11-B63.5",
            "count": 13,
            "created_time": "2024-12-12T04:16:10.794598Z",
            "yes_price": 99,
            "no_price": 1,
            "taker_side": "no"
        },
        {
            "trade_id": "8e9e1c11-77fd-4f77-937d-a25da2008ea2",
            "ticker": "KXHIGHAUS-24DEC11-B63.5",
            "count": 5,
            "created_time": "2024-12-12T03:10:12.223919Z",
            "yes_price": 99,
            "no_price": 1,
            "taker_side": "no"
        },
        {
            "trade_id": "ce92ca0b-b876-4f4d-b778-9f1cc51f8147",
            "ticker": "KXHIGHAUS-24DEC11-B63.5",
            "count": 100,
            "created_time": "2024-12-12T02:28:29.208995Z",
            "yes_price": 99,
            "no_price": 1,
            "taker_side": "no"
        },
        {
            "trade_id": "42be3feb-28d2-484a-aa52-be9d6a004dde",
            "ticker": "KXHIGHAUS-24DEC11-B63.5",
            "count": 27,
            "created_time": "2024-12-12T02:17:38.051536Z",
            "yes_price": 99,
            "no_price": 1,
            "taker_side": "no"
        },
        {
            "trade_id": "49aafb51-a6cd-48eb-b807-3e6391f8540e",
            "ticker": "KXHIGHAUS-24DEC11-B63.5",
            "count": 49,
            "created_time": "2024-12-12T01:26:03.888851Z",
            "yes_price": 99,
            "no_price": 1,
            "taker_side": "no"
        },
        {
            "trade_id": "5febe2bf-9339-47a5-9f87-a4105d4461e2",
            "ticker": "KXHIGHAUS-24DEC11-B63.5",
            "count": 86,
            "created_time": "2024-12-12T00:52:38.52049Z",
            "yes_price": 99,
            "no_price": 1,
            "taker_side": "no"
        },
        {
            "trade_id": "f0cb4091-efa2-4afb-adce-7cf51a70f0e8",
            "ticker": "KXHIGHAUS-24DEC11-B63.5",
            "count": 18,
            "created_time": "2024-12-12T00:41:25.052378Z",
            "yes_price": 99,
            "no_price": 1,
            "taker_side": "no"
        },
        {
            "trade_id": "5f711701-9f4f-4ecc-b258-f3016e600cca",
            "ticker": "KXHIGHAUS-24DEC11-B63.5",
            "count": 50,
            "created_time": "2024-12-12T00:24:56.15329Z",
            "yes_price": 99,
            "no_price": 1,
            "taker_side": "no"
        },
        {
            "trade_id": "e2195cf2-6d41-4a20-b0ea-ea280921bba4",
            "ticker": "KXHIGHAUS-24DEC11-B63.5",
            "count": 200,
            "created_time": "2024-12-11T23:59:32.371276Z",
            "yes_price": 99,
            "no_price": 1,
            "taker_side": "no"
        },
        {
            "trade_id": "bb4a5726-e887-4a1f-89dc-d4edf2279c31",
            "ticker": "KXHIGHAUS-24DEC11-B63.5",
            "count": 27,
            "created_time": "2024-12-11T23:54:33.828235Z",
            "yes_price": 99,
            "no_price": 1,
            "taker_side": "no"
        },
        {
            "trade_id": "ac4fc052-cd60-48d7-80a1-23c801e5f1ed",
            "ticker": "KXHIGHAUS-24DEC11-B63.5",
            "count": 100,
            "created_time": "2024-12-11T23:35:57.928256Z",
            "yes_price": 99,
            "no_price": 1,
            "taker_side": "no"
        },
        {
            "trade_id": "5d188e71-5ba4-4a01-9ef2-4df154b011d2",
            "ticker": "KXHIGHAUS-24DEC11-B63.5",
            "count": 980,
            "created_time": "2024-12-11T23:20:21.051199Z",
            "yes_price": 99,
            "no_price": 1,
            "taker_side": "no"
        },
        {
            "trade_id": "f9ebb6b8-bc03-4d8a-9ed0-ff15365f1721",
            "ticker": "KXHIGHAUS-24DEC11-B63.5",
            "count": 40,
            "created_time": "2024-12-11T23:18:04.46943Z",
            "yes_price": 99,
            "no_price": 1,
            "taker_side": "yes"
        },
        {
            "trade_id": "f8aa2a8c-aea3-4ac0-8ce3-fdf9f99d0d2b",
            "ticker": "KXHIGHAUS-24DEC11-B63.5",
            "count": 545,
            "created_time": "2024-12-11T23:18:04.46943Z",
            "yes_price": 99,
            "no_price": 1,
            "taker_side": "yes"
        },
        {
            "trade_id": "e5a52269-5571-4cea-9fca-19bdc310ec84",
            "ticker": "KXHIGHAUS-24DEC11-B63.5",
            "count": 5,
            "created_time": "2024-12-11T23:18:04.46943Z",
            "yes_price": 99,
            "no_price": 1,
            "taker_side": "yes"
        },
        {
            "trade_id": "d366e94e-0cfb-4afe-b72a-3e3fafb28504",
            "ticker": "KXHIGHAUS-24DEC11-B63.5",
            "count": 628,
            "created_time": "2024-12-11T23:18:04.46943Z",
            "yes_price": 99,
            "no_price": 1,
            "taker_side": "yes"
        },
        {
            "trade_id": "9903585f-bf19-49a7-82c4-f85357c4cb49",
            "ticker": "KXHIGHAUS-24DEC11-B63.5",
            "count": 24,
            "created_time": "2024-12-11T23:18:04.46943Z",
            "yes_price": 99,
            "no_price": 1,
            "taker_side": "yes"
        },
        {
            "trade_id": "63540811-3b94-48f1-bec7-f4df5c87ace7",
            "ticker": "KXHIGHAUS-24DEC11-B63.5",
            "count": 15,
            "created_time": "2024-12-11T23:18:04.46943Z",
            "yes_price": 99,
            "no_price": 1,
            "taker_side": "yes"
        },
        {
            "trade_id": "3938821b-2259-4a4f-88ba-131eb5fd0135",
            "ticker": "KXHIGHAUS-24DEC11-B63.5",
            "count": 15,
            "created_time": "2024-12-11T23:18:04.46943Z",
            "yes_price": 99,
            "no_price": 1,
            "taker_side": "yes"
        },
        {
            "trade_id": "1073ef6a-b704-4f84-9609-65c547745856",
            "ticker": "KXHIGHAUS-24DEC11-B63.5",
            "count": 25,
            "created_time": "2024-12-11T23:18:04.46943Z",
            "yes_price": 99,
            "no_price": 1,
            "taker_side": "yes"
        },
        {
            "trade_id": "009374f1-8ac6-473c-b44b-ca4f9c77210b",
            "ticker": "KXHIGHAUS-24DEC11-B63.5",
            "count": 40,
            "created_time": "2024-12-11T23:18:04.46943Z",
            "yes_price": 99,
            "no_price": 1,
            "taker_side": "yes"
        },
        {
            "trade_id": "f68a26cd-4f80-4fe5-8eff-e9de4c4c1a17",
            "ticker": "KXHIGHAUS-24DEC11-B63.5",
            "count": 12,
            "created_time": "2024-12-11T23:15:20.703003Z",
            "yes_price": 99,
            "no_price": 1,
            "taker_side": "yes"
        },
        {
            "trade_id": "bed675bb-c347-4770-a44f-2de368586432",
            "ticker": "KXHIGHAUS-24DEC11-B63.5",
            "count": 5,
            "created_time": "2024-12-11T23:05:24.154641Z",
            "yes_price": 98,
            "no_price": 2,
            "taker_side": "no"
        },
        {
            "trade_id": "2b94b8a2-6189-4275-af06-f26e9303a3af",
            "ticker": "KXHIGHAUS-24DEC11-B63.5",
            "count": 411,
            "created_time": "2024-12-11T23:02:23.150165Z",
            "yes_price": 98,
            "no_price": 2,
            "taker_side": "yes"
        },
        {
            "trade_id": "e06fa83d-e433-47ec-aa81-c46451bdcbc5",
            "ticker": "KXHIGHAUS-24DEC11-B63.5",
            "count": 47,
            "created_time": "2024-12-11T22:59:35.242999Z",
            "yes_price": 96,
            "no_price": 4,
            "taker_side": "no"
        },
        {
            "trade_id": "efcdc37f-b1b4-4289-a525-92cab947b2c4",
            "ticker": "KXHIGHAUS-24DEC11-B63.5",
            "count": 80,
            "created_time": "2024-12-11T22:59:21.136469Z",
            "yes_price": 98,
            "no_price": 2,
            "taker_side": "yes"
        },
        {
            "trade_id": "1d9f130c-17e7-4689-9ecd-2d5e27e7e25a",
            "ticker": "KXHIGHAUS-24DEC11-B63.5",
            "count": 152,
            "created_time": "2024-12-11T22:59:18.522923Z",
            "yes_price": 96,
            "no_price": 4,
            "taker_side": "no"
        },
        {
            "trade_id": "3351ed43-5b1e-445d-83c2-6c3e58bf99df",
            "ticker": "KXHIGHAUS-24DEC11-B63.5",
            "count": 199,
            "created_time": "2024-12-11T22:58:56.265421Z",
            "yes_price": 95,
            "no_price": 5,
            "taker_side": "no"
        },
        {
            "trade_id": "ef458514-8796-415c-9dfd-6bc24e57937f",
            "ticker": "KXHIGHAUS-24DEC11-B63.5",
            "count": 5,
            "created_time": "2024-12-11T22:58:46.48589Z",
            "yes_price": 98,
            "no_price": 2,
            "taker_side": "yes"
        },
        {
            "trade_id": "ca1cd6b5-87e4-48fc-93b1-399910cf5c31",
            "ticker": "KXHIGHAUS-24DEC11-B63.5",
            "count": 150,
            "created_time": "2024-12-11T22:58:46.48589Z",
            "yes_price": 98,
            "no_price": 2,
            "taker_side": "yes"
        },
        {
            "trade_id": "7e26cdae-c8c7-47de-aca7-6886bd5d60fb",
            "ticker": "KXHIGHAUS-24DEC11-B63.5",
            "count": 34,
            "created_time": "2024-12-11T22:58:46.48589Z",
            "yes_price": 98,
            "no_price": 2,
            "taker_side": "yes"
        },
        {
            "trade_id": "54200e8f-b237-4d48-afd6-ad947a01dcd2",
            "ticker": "KXHIGHAUS-24DEC11-B63.5",
            "count": 120,
            "created_time": "2024-12-11T22:58:46.48589Z",
            "yes_price": 98,
            "no_price": 2,
            "taker_side": "yes"
        },
        {
            "trade_id": "aeaedf3a-560f-45e9-b185-c1c793770f61",
            "ticker": "KXHIGHAUS-24DEC11-B63.5",
            "count": 300,
            "created_time": "2024-12-11T22:58:24.652065Z",
            "yes_price": 97,
            "no_price": 3,
            "taker_side": "yes"
        },
        {
            "trade_id": "0d753ee5-84b3-43cf-af9f-6ddafd513789",
            "ticker": "KXHIGHAUS-24DEC11-B63.5",
            "count": 200,
            "created_time": "2024-12-11T22:57:08.816541Z",
            "yes_price": 96,
            "no_price": 4,
            "taker_side": "no"
        },
        {
            "trade_id": "728c5c88-8ca4-467f-9667-9045f8e17814",
            "ticker": "KXHIGHAUS-24DEC11-B63.5",
            "count": 11,
            "created_time": "2024-12-11T22:55:38.698466Z",
            "yes_price": 96,
            "no_price": 4,
            "taker_side": "no"
        },
        {
            "trade_id": "559f46c5-673b-450b-87b0-2c44c4f948f4",
            "ticker": "KXHIGHAUS-24DEC11-B63.5",
            "count": 200,
            "created_time": "2024-12-11T22:55:33.264419Z",
            "yes_price": 96,
            "no_price": 4,
            "taker_side": "no"
        },
        {
            "trade_id": "74918037-0788-4d66-b07b-f547f2b2af73",
            "ticker": "KXHIGHAUS-24DEC11-B63.5",
            "count": 196,
            "created_time": "2024-12-11T22:49:23.805374Z",
            "yes_price": 99,
            "no_price": 1,
            "taker_side": "yes"
        },
        {
            "trade_id": "d9007c4d-a68d-4205-9b8e-9af279087d59",
            "ticker": "KXHIGHAUS-24DEC11-B63.5",
            "count": 34,
            "created_time": "2024-12-11T22:49:17.159068Z",
            "yes_price": 98,
            "no_price": 2,
            "taker_side": "no"
        },
        {
            "trade_id": "a1c8e25d-8e48-45a2-a423-feae4146985e",
            "ticker": "KXHIGHAUS-24DEC11-B63.5",
            "count": 46,
            "created_time": "2024-12-11T22:46:53.149371Z",
            "yes_price": 98,
            "no_price": 2,
            "taker_side": "no"
        },
        {
            "trade_id": "2098c794-4d25-40f8-b3b9-033f41df1fb1",
            "ticker": "KXHIGHAUS-24DEC11-B63.5",
            "count": 247,
            "created_time": "2024-12-11T22:44:33.280075Z",
            "yes_price": 99,
            "no_price": 1,
            "taker_side": "yes"
        },
        {
            "trade_id": "ac381598-a8c2-4b47-a640-146e3cc1d08b",
            "ticker": "KXHIGHAUS-24DEC11-B63.5",
            "count": 23,
            "created_time": "2024-12-11T22:44:32.488647Z",
            "yes_price": 97,
            "no_price": 3,
            "taker_side": "no"
        },
        {
            "trade_id": "efa3545e-2cce-4640-9fda-c005093cd11d",
            "ticker": "KXHIGHAUS-24DEC11-B63.5",
            "count": 386,
            "created_time": "2024-12-11T22:41:39.718036Z",
            "yes_price": 95,
            "no_price": 5,
            "taker_side": "no"
        },
        {
            "trade_id": "b4fc590f-23b8-4d64-b53c-8124f2d6c16c",
            "ticker": "KXHIGHAUS-24DEC11-B63.5",
            "count": 100,
            "created_time": "2024-12-11T22:40:56.694115Z",
            "yes_price": 98,
            "no_price": 2,
            "taker_side": "yes"
        },
        {
            "trade_id": "5762fb22-9b7d-4143-9a94-5ab67665ff85",
            "ticker": "KXHIGHAUS-24DEC11-B63.5",
            "count": 400,
            "created_time": "2024-12-11T22:40:56.694115Z",
            "yes_price": 98,
            "no_price": 2,
            "taker_side": "yes"
        },
        {
            "trade_id": "c0f58256-e9f6-4cb6-a26f-295ab903992b",
            "ticker": "KXHIGHAUS-24DEC11-B63.5",
            "count": 34,
            "created_time": "2024-12-11T22:40:09.718446Z",
            "yes_price": 97,
            "no_price": 3,
            "taker_side": "yes"
        },
        {
            "trade_id": "e022613f-0eff-443e-89a7-a3b5041fc316",
            "ticker": "KXHIGHAUS-24DEC11-B63.5",
            "count": 10,
            "created_time": "2024-12-11T22:39:01.666196Z",
            "yes_price": 97,
            "no_price": 3,
            "taker_side": "yes"
        },
        {
            "trade_id": "9a622934-75a7-4ae0-8d68-cd6983e63866",
            "ticker": "KXHIGHAUS-24DEC11-B63.5",
            "count": 10,
            "created_time": "2024-12-11T22:38:36.171306Z",
            "yes_price": 96,
            "no_price": 4,
            "taker_side": "no"
        },
        {
            "trade_id": "4d36d8d8-caae-46b3-a99f-b9a8ad71a9fd",
            "ticker": "KXHIGHAUS-24DEC11-B63.5",
            "count": 10,
            "created_time": "2024-12-11T22:38:32.594916Z",
            "yes_price": 96,
            "no_price": 4,
            "taker_side": "no"
        },
        {
            "trade_id": "9fc6f23b-4511-4c80-898e-3e979cffa4e9",
            "ticker": "KXHIGHAUS-24DEC11-B63.5",
            "count": 111,
            "created_time": "2024-12-11T22:38:22.853276Z",
            "yes_price": 97,
            "no_price": 3,
            "taker_side": "yes"
        },
        {
            "trade_id": "dce9711c-4171-4824-ac4c-e07bf7331c94",
            "ticker": "KXHIGHAUS-24DEC11-B63.5",
            "count": 1,
            "created_time": "2024-12-11T22:37:27.546555Z",
            "yes_price": 97,
            "no_price": 3,
            "taker_side": "no"
        },
        {
            "trade_id": "7547e2cf-cddc-45ac-a133-fa16986019a8",
            "ticker": "KXHIGHAUS-24DEC11-B63.5",
            "count": 999,
            "created_time": "2024-12-11T22:36:48.177216Z",
            "yes_price": 97,
            "no_price": 3,
            "taker_side": "yes"
        },
        {
            "trade_id": "5a2c3fec-43f6-41b5-8617-ba52c5b7914b",
            "ticker": "KXHIGHAUS-24DEC11-B63.5",
            "count": 100,
            "created_time": "2024-12-11T22:36:48.177216Z",
            "yes_price": 97,
            "no_price": 3,
            "taker_side": "yes"
        },
        {
            "trade_id": "dd975c18-6edf-4a62-8f23-d4fa07f4de2b",
            "ticker": "KXHIGHAUS-24DEC11-B63.5",
            "count": 257,
            "created_time": "2024-12-11T22:36:18.819189Z",
            "yes_price": 96,
            "no_price": 4,
            "taker_side": "yes"
        },
        {
            "trade_id": "fa619b4d-5dc0-45c2-8581-6837b749e07c",
            "ticker": "KXHIGHAUS-24DEC11-B63.5",
            "count": 633,
            "created_time": "2024-12-11T22:36:13.362429Z",
            "yes_price": 95,
            "no_price": 5,
            "taker_side": "yes"
        },
        {
            "trade_id": "4aa474b2-66b4-4805-baa0-f7f8a4052325",
            "ticker": "KXHIGHAUS-24DEC11-B63.5",
            "count": 60,
            "created_time": "2024-12-11T22:36:13.362429Z",
            "yes_price": 95,
            "no_price": 5,
            "taker_side": "yes"
        },
        {
            "trade_id": "f43105be-30a6-4461-baff-bb4683b66f13",
            "ticker": "KXHIGHAUS-24DEC11-B63.5",
            "count": 50,
            "created_time": "2024-12-11T22:36:06.775193Z",
            "yes_price": 94,
            "no_price": 6,
            "taker_side": "yes"
        },
        {
            "trade_id": "a59ddd47-ee6f-4458-b851-c3b8e59f4a39",
            "ticker": "KXHIGHAUS-24DEC11-B63.5",
            "count": 60,
            "created_time": "2024-12-11T22:34:58.173349Z",
            "yes_price": 92,
            "no_price": 8,
            "taker_side": "yes"
        },
        {
            "trade_id": "79d6286f-41c9-4f56-981f-87c64f275c3c",
            "ticker": "KXHIGHAUS-24DEC11-B63.5",
            "count": 500,
            "created_time": "2024-12-11T22:34:58.173349Z",
            "yes_price": 92,
            "no_price": 8,
            "taker_side": "yes"
        },
        {
            "trade_id": "a15401be-da86-42f9-9821-8badde1579b8",
            "ticker": "KXHIGHAUS-24DEC11-B63.5",
            "count": 310,
            "created_time": "2024-12-11T22:33:13.010363Z",
            "yes_price": 84,
            "no_price": 16,
            "taker_side": "no"
        },
        {
            "trade_id": "880c9cc6-d655-403c-904e-5b01d1261434",
            "ticker": "KXHIGHAUS-24DEC11-B63.5",
            "count": 12,
            "created_time": "2024-12-11T22:33:13.010363Z",
            "yes_price": 85,
            "no_price": 15,
            "taker_side": "no"
        },
        {
            "trade_id": "5c484b70-fca3-4c76-998d-863921f1257e",
            "ticker": "KXHIGHAUS-24DEC11-B63.5",
            "count": 10,
            "created_time": "2024-12-11T22:33:13.010363Z",
            "yes_price": 86,
            "no_price": 14,
            "taker_side": "no"
        },
        {
            "trade_id": "df68f310-8465-48db-a7b3-a99363c2c435",
            "ticker": "KXHIGHAUS-24DEC11-B63.5",
            "count": 152,
            "created_time": "2024-12-11T22:32:04.17206Z",
            "yes_price": 89,
            "no_price": 11,
            "taker_side": "yes"
        },
        {
            "trade_id": "bb8a96a8-aa4a-4590-b582-6eb13344ad7c",
            "ticker": "KXHIGHAUS-24DEC11-B63.5",
            "count": 10,
            "created_time": "2024-12-11T22:32:02.678964Z",
            "yes_price": 88,
            "no_price": 12,
            "taker_side": "yes"
        },
        {
            "trade_id": "025c5f23-b5d7-47c9-b70f-125f8d49ce78",
            "ticker": "KXHIGHAUS-24DEC11-B63.5",
            "count": 19,
            "created_time": "2024-12-11T22:32:01.551832Z",
            "yes_price": 87,
            "no_price": 13,
            "taker_side": "yes"
        },
        {
            "trade_id": "c86f3c15-8b26-4344-9fc7-7f836e6b5c08",
            "ticker": "KXHIGHAUS-24DEC11-B63.5",
            "count": 60,
            "created_time": "2024-12-11T22:31:59.091586Z",
            "yes_price": 86,
            "no_price": 14,
            "taker_side": "yes"
        },
        {
            "trade_id": "28c53455-f362-4bff-9b7c-276958f4251f",
            "ticker": "KXHIGHAUS-24DEC11-B63.5",
            "count": 231,
            "created_time": "2024-12-11T22:31:59.091586Z",
            "yes_price": 86,
            "no_price": 14,
            "taker_side": "yes"
        },
        {
            "trade_id": "f155c828-ba3d-4df4-a9c5-fd76e6d243e1",
            "ticker": "KXHIGHAUS-24DEC11-B63.5",
            "count": 60,
            "created_time": "2024-12-11T22:31:18.346308Z",
            "yes_price": 82,
            "no_price": 18,
            "taker_side": "no"
        },
        {
            "trade_id": "1c7ec266-49d3-46fe-9fbb-6aa020dfc6a5",
            "ticker": "KXHIGHAUS-24DEC11-B63.5",
            "count": 540,
            "created_time": "2024-12-11T22:31:18.346308Z",
            "yes_price": 82,
            "no_price": 18,
            "taker_side": "no"
        },
        {
            "trade_id": "01b9a37e-73a9-45aa-9657-2c7ce400dc62",
            "ticker": "KXHIGHAUS-24DEC11-B63.5",
            "count": 33,
            "created_time": "2024-12-11T22:31:18.346308Z",
            "yes_price": 81,
            "no_price": 19,
            "taker_side": "no"
        },
        {
            "trade_id": "514a998f-0c33-4938-8c69-1d5cb519d651",
            "ticker": "KXHIGHAUS-24DEC11-B63.5",
            "count": 40,
            "created_time": "2024-12-11T22:30:29.720275Z",
            "yes_price": 82,
            "no_price": 18,
            "taker_side": "no"
        },
        {
            "trade_id": "984fc239-2de9-4081-aaee-651e45be36d7",
            "ticker": "KXHIGHAUS-24DEC11-B63.5",
            "count": 1,
            "created_time": "2024-12-11T22:30:14.406606Z",
            "yes_price": 81,
            "no_price": 19,
            "taker_side": "no"
        },
        {
            "trade_id": "f82eada0-d936-4a7c-bd4d-81f42695f713",
            "ticker": "KXHIGHAUS-24DEC11-B63.5",
            "count": 27,
            "created_time": "2024-12-11T22:29:54.944071Z",
            "yes_price": 83,
            "no_price": 17,
            "taker_side": "no"
        },
        {
            "trade_id": "2a0e4cfb-acb9-45d8-80e2-39f338edb626",
            "ticker": "KXHIGHAUS-24DEC11-B63.5",
            "count": 60,
