{
    "HIGHAUS-24OCT20-T83": [
        {
            "trade_id": "c0d9cb0c-132f-4393-85e3-859fd0fac5f3",
            "ticker": "HIGHAUS-24OCT20-T83",
            "count": 259,
            "created_time": "2024-10-20T22:41:58.6551Z",
            "yes_price": 1,
            "no_price": 99,
            "taker_side": "yes"
        },
        {
            "trade_id": "b482725f-38ff-40fa-b5f8-64675890a3e9",
            "ticker": "HIGHAUS-24OCT20-T83",
            "count": 259,
            "created_time": "2024-10-20T22:41:58.6551Z",
            "yes_price": 1,
            "no_price": 99,
            "taker_side": "yes"
        },
        {
            "trade_id": "6474fd24-1ef9-4b3f-9dea-6494d6b4c1c1",
            "ticker": "HIGHAUS-24OCT20-T83",
            "count": 417,
            "created_time": "2024-10-20T22:41:58.6551Z",
            "yes_price": 1,
            "no_price": 99,
            "taker_side": "yes"
        },
        {
            "trade_id": "0cf77e3a-ad76-4341-933e-947cb7125476",
            "ticker": "HIGHAUS-24OCT20-T83",
            "count": 50,
            "created_time": "2024-10-19T23:06:01.153818Z",
            "yes_price": 1,
            "no_price": 99,
            "taker_side": "no"
        }
    ],
    "HIGHAUS-24OCT20-B83.5": [
        {
            "trade_id": "91d9a2a4-0807-4d6b-a8d8-21d265b51041",
            "ticker": "HIGHAUS-24OCT20-B83.5",
            "count": 24,
            "created_time": "2024-10-20T23:24:43.119411Z",
            "yes_price": 1,
            "no_price": 99,
            "taker_side": "yes"
        },
        {
            "trade_id": "f469842b-a274-4a7a-a753-c9af72412102",
            "ticker": "HIGHAUS-24OCT20-B83.5",
            "count": 72,
            "created_time": "2024-10-20T22:24:08.789788Z",
            "yes_price": 1,
            "no_price": 99,
            "taker_side": "yes"
        },
        {
            "trade_id": "7db7884e-a260-4af7-b6b1-88be3b08a159",
            "ticker": "HIGHAUS-24OCT20-B83.5",
            "count": 114,
            "created_time": "2024-10-20T22:24:08.789788Z",
            "yes_price": 1,
            "no_price": 99,
            "taker_side": "yes"
        },
        {
            "trade_id": "f4206903-aa65-4215-9a4a-b6ba4923c87b",
            "ticker": "HIGHAUS-24OCT20-B83.5",
            "count": 100,
            "created_time": "2024-10-20T20:52:52.679755Z",
            "yes_price": 1,
            "no_price": 99,
            "taker_side": "yes"
        },
        {
            "trade_id": "6efcfeca-65c0-465b-9f70-b366d39f78be",
            "ticker": "HIGHAUS-24OCT20-B83.5",
            "count": 45,
            "created_time": "2024-10-20T19:55:34.865712Z",
            "yes_price": 1,
            "no_price": 99,
            "taker_side": "no"
        },
        {
            "trade_id": "a8f60707-1ca2-4431-b06e-08955d88caf7",
            "ticker": "HIGHAUS-24OCT20-B83.5",
            "count": 5,
            "created_time": "2024-10-20T19:29:23.167224Z",
            "yes_price": 1,
            "no_price": 99,
            "taker_side": "no"
        },
        {
            "trade_id": "781d3a06-0d6f-4bef-82d3-5b0e252dacd6",
            "ticker": "HIGHAUS-24OCT20-B83.5",
            "count": 10,
            "created_time": "2024-10-20T19:29:10.107366Z",
            "yes_price": 11,
            "no_price": 89,
            "taker_side": "yes"
        },
        {
            "trade_id": "e2d62cd9-2095-4960-b5bc-9cca4603a1d1",
            "ticker": "HIGHAUS-24OCT20-B83.5",
            "count": 1,
            "created_time": "2024-10-20T17:10:39.986605Z",
            "yes_price": 11,
            "no_price": 89,
            "taker_side": "yes"
        },
        {
            "trade_id": "a6c05cda-1b4b-40c8-b7a5-29b98bbe87b4",
            "ticker": "HIGHAUS-24OCT20-B83.5",
            "count": 2,
            "created_time": "2024-10-20T17:00:42.040458Z",
            "yes_price": 3,
            "no_price": 97,
            "taker_side": "no"
        },
        {
            "trade_id": "45b36edd-9973-4aad-8327-3d2fa2ce99ef",
            "ticker": "HIGHAUS-24OCT20-B83.5",
            "count": 72,
            "created_time": "2024-10-20T14:57:39.722535Z",
            "yes_price": 13,
            "no_price": 87,
            "taker_side": "yes"
        },
        {
            "trade_id": "0287b9ba-e7d1-4019-9d91-0258a575a656",
            "ticker": "HIGHAUS-24OCT20-B83.5",
            "count": 2,
            "created_time": "2024-10-20T14:33:24.279271Z",
            "yes_price": 13,
            "no_price": 87,
            "taker_side": "yes"
        },
        {
            "trade_id": "1c6be4d3-60b9-49c6-8400-d5d699c91579",
            "ticker": "HIGHAUS-24OCT20-B83.5",
            "count": 14,
            "created_time": "2024-10-20T14:20:14.203594Z",
            "yes_price": 13,
            "no_price": 87,
            "taker_side": "yes"
        },
        {
            "trade_id": "9c5b0aa4-9c5a-490e-bd1d-f6c429610cf6",
            "ticker": "HIGHAUS-24OCT20-B83.5",
            "count": 29,
            "created_time": "2024-10-20T14:14:49.631606Z",
            "yes_price": 13,
            "no_price": 87,
            "taker_side": "yes"
        },
        {
            "trade_id": "b5ff44ea-c5eb-4c7b-b14d-25d5873e0262",
            "ticker": "HIGHAUS-24OCT20-B83.5",
            "count": 1,
            "created_time": "2024-10-20T13:47:58.976854Z",
            "yes_price": 11,
            "no_price": 89,
            "taker_side": "yes"
        },
        {
            "trade_id": "4955d3b6-9428-4e98-9ca9-1cf7abffa9ac",
            "ticker": "HIGHAUS-24OCT20-B83.5",
            "count": 12,
            "created_time": "2024-10-20T12:56:44.005481Z",
            "yes_price": 6,
            "no_price": 94,
            "taker_side": "no"
        },
        {
            "trade_id": "cb6bacc2-ef95-4dae-a4ae-a5c3d9ad17d5",
            "ticker": "HIGHAUS-24OCT20-B83.5",
            "count": 104,
            "created_time": "2024-10-20T06:50:03.981246Z",
            "yes_price": 9,
            "no_price": 91,
            "taker_side": "yes"
        },
        {
            "trade_id": "559571a1-ba0c-4578-9d2d-25b64c79c1a2",
            "ticker": "HIGHAUS-24OCT20-B83.5",
            "count": 10,
            "created_time": "2024-10-20T05:24:19.512545Z",
            "yes_price": 9,
            "no_price": 91,
            "taker_side": "yes"
        },
        {
            "trade_id": "85fd889b-c87c-4c1b-8270-e116474b5594",
            "ticker": "HIGHAUS-24OCT20-B83.5",
            "count": 20,
            "created_time": "2024-10-20T02:23:52.772977Z",
            "yes_price": 9,
            "no_price": 91,
            "taker_side": "yes"
        },
        {
            "trade_id": "c8b86845-7344-4b33-8ce6-20a8f40744f7",
            "ticker": "HIGHAUS-24OCT20-B83.5",
            "count": 30,
            "created_time": "2024-10-20T01:53:21.796917Z",
            "yes_price": 4,
            "no_price": 96,
            "taker_side": "no"
        },
        {
            "trade_id": "e54940c8-613c-469d-82f8-9b0fba957000",
            "ticker": "HIGHAUS-24OCT20-B83.5",
            "count": 150,
            "created_time": "2024-10-20T01:52:52.245647Z",
            "yes_price": 4,
            "no_price": 96,
            "taker_side": "no"
        },
        {
            "trade_id": "66376c8f-97ce-4cbf-9eae-121775a3f1d0",
            "ticker": "HIGHAUS-24OCT20-B83.5",
            "count": 150,
            "created_time": "2024-10-20T01:52:52.245647Z",
            "yes_price": 5,
            "no_price": 95,
            "taker_side": "no"
        },
        {
            "trade_id": "bf24db3a-f735-4e4b-9c5e-b88555f4c47d",
            "ticker": "HIGHAUS-24OCT20-B83.5",
            "count": 15,
            "created_time": "2024-10-20T01:33:06.394654Z",
            "yes_price": 5,
            "no_price": 95,
            "taker_side": "no"
        },
        {
            "trade_id": "09b430e2-9e5f-41db-88af-3137dba5a42a",
            "ticker": "HIGHAUS-24OCT20-B83.5",
            "count": 135,
            "created_time": "2024-10-20T01:33:06.394654Z",
            "yes_price": 4,
            "no_price": 96,
            "taker_side": "no"
        },
        {
            "trade_id": "39151c88-7578-4a86-958c-78541b194248",
            "ticker": "HIGHAUS-24OCT20-B83.5",
            "count": 150,
            "created_time": "2024-10-20T01:32:52.723344Z",
            "yes_price": 5,
            "no_price": 95,
            "taker_side": "no"
        },
        {
            "trade_id": "f4a7faa7-9ccd-46f2-965a-6a717ecfe99b",
            "ticker": "HIGHAUS-24OCT20-B83.5",
            "count": 150,
            "created_time": "2024-10-20T01:32:48.55648Z",
            "yes_price": 6,
            "no_price": 94,
            "taker_side": "no"
        },
        {
            "trade_id": "c6c9ac24-c302-4dd5-b649-dbf4b2c2e6eb",
            "ticker": "HIGHAUS-24OCT20-B83.5",
            "count": 30,
            "created_time": "2024-10-20T00:23:08.162953Z",
            "yes_price": 11,
            "no_price": 89,
            "taker_side": "no"
        },
        {
            "trade_id": "5c5672f8-d992-4bea-953b-d5efaa5c2bd4",
            "ticker": "HIGHAUS-24OCT20-B83.5",
            "count": 150,
            "created_time": "2024-10-20T00:23:08.162953Z",
            "yes_price": 10,
            "no_price": 90,
            "taker_side": "no"
        },
        {
            "trade_id": "8d4a487c-b851-4ad9-bc49-4cbeaf98f077",
            "ticker": "HIGHAUS-24OCT20-B83.5",
            "count": 9,
            "created_time": "2024-10-19T23:30:59.806358Z",
            "yes_price": 20,
            "no_price": 80,
            "taker_side": "yes"
        },
        {
            "trade_id": "fea3b7b3-7bb8-43e7-90f5-e716da0be062",
            "ticker": "HIGHAUS-24OCT20-B83.5",
            "count": 1,
            "created_time": "2024-10-19T22:46:52.305484Z",
            "yes_price": 16,
            "no_price": 84,
            "taker_side": "no"
        },
        {
            "trade_id": "ffeb9def-7485-4122-a631-e29f9abf1eb4",
            "ticker": "HIGHAUS-24OCT20-B83.5",
            "count": 3,
            "created_time": "2024-10-19T21:38:35.226037Z",
            "yes_price": 21,
            "no_price": 79,
            "taker_side": "yes"
        },
        {
            "trade_id": "757f87d6-3044-4d49-b0e5-aff9c396f6c9",
            "ticker": "HIGHAUS-24OCT20-B83.5",
            "count": 30,
            "created_time": "2024-10-19T21:37:29.968597Z",
            "yes_price": 20,
            "no_price": 80,
            "taker_side": "yes"
        },
        {
            "trade_id": "4aef2202-17f3-40f9-a66b-51a8f03608ea",
            "ticker": "HIGHAUS-24OCT20-B83.5",
            "count": 78,
            "created_time": "2024-10-19T21:37:29.968597Z",
            "yes_price": 22,
            "no_price": 78,
            "taker_side": "yes"
        },
        {
            "trade_id": "11013a0e-b103-4e06-ab8b-ace18f82c3c2",
            "ticker": "HIGHAUS-24OCT20-B83.5",
            "count": 90,
            "created_time": "2024-10-19T20:46:56.465588Z",
            "yes_price": 20,
            "no_price": 80,
            "taker_side": "no"
        },
        {
            "trade_id": "b66696e8-7ced-4adc-840e-3117b9b386a2",
            "ticker": "HIGHAUS-24OCT20-B83.5",
            "count": 105,
            "created_time": "2024-10-19T20:46:21.097741Z",
            "yes_price": 20,
            "no_price": 80,
            "taker_side": "no"
        },
        {
            "trade_id": "79e53c28-1267-4982-8d15-760f9fa4b01c",
            "ticker": "HIGHAUS-24OCT20-B83.5",
            "count": 105,
            "created_time": "2024-10-19T20:46:21.097741Z",
            "yes_price": 21,
            "no_price": 79,
            "taker_side": "no"
        },
        {
            "trade_id": "71f87783-2877-4d65-b0e6-0c6140194c02",
            "ticker": "HIGHAUS-24OCT20-B83.5",
            "count": 24,
            "created_time": "2024-10-19T20:06:22.250931Z",
            "yes_price": 21,
            "no_price": 79,
            "taker_side": "no"
        }
    ],
    "HIGHAUS-24OCT20-B85.5": [
        {
            "trade_id": "6928f4b7-ff78-4246-b40e-c7ad5441597c",
            "ticker": "HIGHAUS-24OCT20-B85.5",
            "count": 37,
            "created_time": "2024-10-21T04:35:02.308759Z",
            "yes_price": 99,
            "no_price": 1,
            "taker_side": "no"
        },
        {
            "trade_id": "b0486246-f597-45f4-baaf-78e5c1b39086",
            "ticker": "HIGHAUS-24OCT20-B85.5",
            "count": 100,
            "created_time": "2024-10-21T04:01:27.585565Z",
            "yes_price": 99,
            "no_price": 1,
            "taker_side": "no"
        },
        {
            "trade_id": "83cf409f-4efb-4214-adbc-a416518d9f0b",
            "ticker": "HIGHAUS-24OCT20-B85.5",
            "count": 23,
            "created_time": "2024-10-21T02:32:54.986982Z",
            "yes_price": 96,
            "no_price": 4,
            "taker_side": "no"
        },
        {
            "trade_id": "6f714e50-7483-465f-b883-645d39454c59",
            "ticker": "HIGHAUS-24OCT20-B85.5",
            "count": 38,
            "created_time": "2024-10-21T00:33:56.085428Z",
            "yes_price": 98,
            "no_price": 2,
            "taker_side": "yes"
        },
        {
            "trade_id": "bff58896-19fc-4faf-9600-6111797dd74c",
            "ticker": "HIGHAUS-24OCT20-B85.5",
            "count": 5,
            "created_time": "2024-10-20T23:39:43.545559Z",
            "yes_price": 98,
            "no_price": 2,
            "taker_side": "yes"
        },
        {
            "trade_id": "9d221ec5-52f3-4736-9c03-959b4ef9ee45",
            "ticker": "HIGHAUS-24OCT20-B85.5",
            "count": 10,
            "created_time": "2024-10-20T23:15:51.840251Z",
            "yes_price": 98,
            "no_price": 2,
            "taker_side": "yes"
        },
        {
            "trade_id": "fcaec9fc-a628-4851-83b5-8af291007d6b",
            "ticker": "HIGHAUS-24OCT20-B85.5",
            "count": 1,
            "created_time": "2024-10-20T22:49:54.445393Z",
            "yes_price": 98,
            "no_price": 2,
            "taker_side": "no"
        },
        {
            "trade_id": "7fb42604-202a-4319-9e86-b4bd843041eb",
            "ticker": "HIGHAUS-24OCT20-B85.5",
            "count": 54,
            "created_time": "2024-10-20T22:49:54.415208Z",
            "yes_price": 98,
            "no_price": 2,
            "taker_side": "no"
        },
        {
            "trade_id": "cc5ec125-5910-48ec-a29c-7729ec6cbad6",
            "ticker": "HIGHAUS-24OCT20-B85.5",
            "count": 42,
            "created_time": "2024-10-20T22:49:00.219002Z",
            "yes_price": 97,
            "no_price": 3,
            "taker_side": "yes"
        },
        {
            "trade_id": "e65d9a88-fa39-43a7-87f0-bb04431db04b",
            "ticker": "HIGHAUS-24OCT20-B85.5",
            "count": 3,
            "created_time": "2024-10-20T22:47:24.108444Z",
            "yes_price": 96,
            "no_price": 4,
            "taker_side": "yes"
        },
        {
            "trade_id": "0a88c7ff-694e-4ed4-911b-fd3836126c9e",
            "ticker": "HIGHAUS-24OCT20-B85.5",
            "count": 3,
            "created_time": "2024-10-20T22:40:54.740617Z",
            "yes_price": 95,
            "no_price": 5,
            "taker_side": "no"
        },
        {
            "trade_id": "a19ca8d0-d702-45ee-99fc-462062b0796b",
            "ticker": "HIGHAUS-24OCT20-B85.5",
            "count": 36,
            "created_time": "2024-10-20T22:19:22.627075Z",
            "yes_price": 99,
            "no_price": 1,
            "taker_side": "yes"
        },
        {
            "trade_id": "72b9bb51-e571-4581-983c-7ca10c4bfafb",
            "ticker": "HIGHAUS-24OCT20-B85.5",
            "count": 1,
            "created_time": "2024-10-20T22:19:22.627075Z",
            "yes_price": 99,
            "no_price": 1,
            "taker_side": "yes"
        },
        {
            "trade_id": "bab9b007-1858-4aa0-a080-41f88f39dabb",
            "ticker": "HIGHAUS-24OCT20-B85.5",
            "count": 1,
            "created_time": "2024-10-20T22:18:23.057793Z",
            "yes_price": 99,
            "no_price": 1,
            "taker_side": "yes"
        },
        {
            "trade_id": "6cbd7490-117e-4768-94e9-e2d03810fa5a",
            "ticker": "HIGHAUS-24OCT20-B85.5",
            "count": 2,
            "created_time": "2024-10-20T22:03:43.647392Z",
            "yes_price": 55,
            "no_price": 45,
            "taker_side": "no"
        },
        {
            "trade_id": "a8b90923-038a-4ea8-8a3f-6e68a889b4ed",
            "ticker": "HIGHAUS-24OCT20-B85.5",
            "count": 13,
            "created_time": "2024-10-20T21:41:43.34526Z",
            "yes_price": 99,
            "no_price": 1,
            "taker_side": "yes"
        },
        {
            "trade_id": "7ee724e3-45a0-4d28-81d6-d4b75907feb2",
            "ticker": "HIGHAUS-24OCT20-B85.5",
            "count": 11,
            "created_time": "2024-10-20T21:41:43.34526Z",
            "yes_price": 95,
            "no_price": 5,
            "taker_side": "yes"
        },
        {
            "trade_id": "215ed1b9-1288-4dd7-b9f1-9b275385ab81",
            "ticker": "HIGHAUS-24OCT20-B85.5",
            "count": 25,
            "created_time": "2024-10-20T21:41:43.34526Z",
            "yes_price": 97,
            "no_price": 3,
            "taker_side": "yes"
        },
        {
            "trade_id": "6f297827-ad3a-43b0-8ed6-f0969385835b",
            "ticker": "HIGHAUS-24OCT20-B85.5",
            "count": 29,
            "created_time": "2024-10-20T21:34:57.524125Z",
            "yes_price": 85,
            "no_price": 15,
            "taker_side": "yes"
        },
        {
            "trade_id": "fe2c1279-a04e-4e92-a9be-32f98d02b622",
            "ticker": "HIGHAUS-24OCT20-B85.5",
            "count": 1,
            "created_time": "2024-10-20T21:17:15.741196Z",
            "yes_price": 70,
            "no_price": 30,
            "taker_side": "yes"
        },
        {
            "trade_id": "7ab38b0a-0e7d-475f-b076-352315b946ad",
            "ticker": "HIGHAUS-24OCT20-B85.5",
            "count": 50,
            "created_time": "2024-10-20T21:17:15.1363Z",
            "yes_price": 70,
            "no_price": 30,
            "taker_side": "yes"
        },
        {
            "trade_id": "76e2e889-d33b-42cf-ad0b-b6e043412d86",
            "ticker": "HIGHAUS-24OCT20-B85.5",
            "count": 20,
            "created_time": "2024-10-20T21:17:15.1363Z",
            "yes_price": 56,
            "no_price": 44,
            "taker_side": "yes"
        },
        {
            "trade_id": "3adf2cd0-c42c-4753-b0eb-2780f2aca723",
            "ticker": "HIGHAUS-24OCT20-B85.5",
            "count": 4,
            "created_time": "2024-10-20T21:17:15.1363Z",
            "yes_price": 69,
            "no_price": 31,
            "taker_side": "yes"
        },
        {
            "trade_id": "f2b28f0d-b0c3-4a17-b485-feae27f77cd7",
            "ticker": "HIGHAUS-24OCT20-B85.5",
            "count": 20,
            "created_time": "2024-10-20T21:15:50.655037Z",
            "yes_price": 55,
            "no_price": 45,
            "taker_side": "no"
        },
        {
            "trade_id": "929b587a-32df-4307-bad4-f7ff913128d5",
            "ticker": "HIGHAUS-24OCT20-B85.5",
            "count": 35,
            "created_time": "2024-10-20T21:15:25.091541Z",
            "yes_price": 50,
            "no_price": 50,
            "taker_side": "no"
        },
        {
            "trade_id": "68f7c4fb-f809-4be4-aa4c-56ac809feb60",
            "ticker": "HIGHAUS-24OCT20-B85.5",
            "count": 5,
            "created_time": "2024-10-20T21:13:35.094471Z",
            "yes_price": 50,
            "no_price": 50,
            "taker_side": "no"
        },
        {
            "trade_id": "feb3b7b8-965c-432d-b505-518f1be5b0a3",
            "ticker": "HIGHAUS-24OCT20-B85.5",
            "count": 11,
            "created_time": "2024-10-20T21:01:04.660314Z",
            "yes_price": 26,
            "no_price": 74,
            "taker_side": "yes"
        },
        {
            "trade_id": "6b90ce6a-1333-4ffb-a80e-0d729e9772db",
            "ticker": "HIGHAUS-24OCT20-B85.5",
            "count": 21,
            "created_time": "2024-10-20T21:00:14.78281Z",
            "yes_price": 28,
            "no_price": 72,
            "taker_side": "no"
        },
        {
            "trade_id": "335f5b11-e2d3-4b39-952c-c3bb38815459",
            "ticker": "HIGHAUS-24OCT20-B85.5",
            "count": 13,
            "created_time": "2024-10-20T21:00:14.745442Z",
            "yes_price": 28,
            "no_price": 72,
            "taker_side": "no"
        },
        {
            "trade_id": "9c116c11-655f-43cf-8cef-840a0e3f0982",
            "ticker": "HIGHAUS-24OCT20-B85.5",
            "count": 5,
            "created_time": "2024-10-20T20:59:00.833062Z",
            "yes_price": 58,
            "no_price": 42,
            "taker_side": "yes"
        },
        {
            "trade_id": "926055ed-b0fb-4897-a12a-db27843d3e55",
            "ticker": "HIGHAUS-24OCT20-B85.5",
            "count": 15,
            "created_time": "2024-10-20T20:59:00.833062Z",
            "yes_price": 58,
            "no_price": 42,
            "taker_side": "yes"
        },
        {
            "trade_id": "16c066e1-948f-4a05-93ec-efadf22e2f97",
            "ticker": "HIGHAUS-24OCT20-B85.5",
            "count": 165,
            "created_time": "2024-10-20T20:58:28.075457Z",
            "yes_price": 28,
            "no_price": 72,
            "taker_side": "yes"
        },
        {
            "trade_id": "2b57f340-5f90-4898-93a8-d769b24dba1a",
            "ticker": "HIGHAUS-24OCT20-B85.5",
            "count": 34,
            "created_time": "2024-10-20T20:58:27.271208Z",
            "yes_price": 28,
            "no_price": 72,
            "taker_side": "yes"
        },
        {
            "trade_id": "f19ce8b2-6938-4490-be8f-11574f1464f4",
            "ticker": "HIGHAUS-24OCT20-B85.5",
            "count": 8,
            "created_time": "2024-10-20T20:58:06.083869Z",
            "yes_price": 18,
            "no_price": 82,
            "taker_side": "yes"
        },
        {
            "trade_id": "fa3ecb59-343f-4f8d-9bee-322feb5d9ae5",
            "ticker": "HIGHAUS-24OCT20-B85.5",
            "count": 8,
            "created_time": "2024-10-20T20:56:30.669429Z",
            "yes_price": 11,
            "no_price": 89,
            "taker_side": "no"
        },
        {
            "trade_id": "00716c08-671f-4ab7-8238-96fe6b5a46f2",
            "ticker": "HIGHAUS-24OCT20-B85.5",
            "count": 10,
            "created_time": "2024-10-20T20:55:48.786806Z",
            "yes_price": 18,
            "no_price": 82,
            "taker_side": "no"
        },
        {
            "trade_id": "dec66044-11b5-4261-a9e5-00ca047966b0",
            "ticker": "HIGHAUS-24OCT20-B85.5",
            "count": 5,
            "created_time": "2024-10-20T20:55:18.846066Z",
            "yes_price": 70,
            "no_price": 30,
            "taker_side": "no"
        },
        {
            "trade_id": "986ec8bc-76f6-49c4-8254-dec1051a08c6",
            "ticker": "HIGHAUS-24OCT20-B85.5",
            "count": 3,
            "created_time": "2024-10-20T20:55:18.846066Z",
            "yes_price": 70,
            "no_price": 30,
            "taker_side": "no"
        },
        {
            "trade_id": "58ee7158-5746-4b2e-8582-bf1efb131780",
            "ticker": "HIGHAUS-24OCT20-B85.5",
            "count": 18,
            "created_time": "2024-10-20T20:55:04.271809Z",
            "yes_price": 80,
            "no_price": 20,
            "taker_side": "no"
        },
        {
            "trade_id": "306b1c55-0fcb-4d75-bcc5-861b22fc2e54",
            "ticker": "HIGHAUS-24OCT20-B85.5",
            "count": 1,
            "created_time": "2024-10-20T20:54:40.672465Z",
            "yes_price": 80,
            "no_price": 20,
            "taker_side": "no"
        },
        {
            "trade_id": "38ab6776-7877-4ba9-9521-463ff61d2f43",
            "ticker": "HIGHAUS-24OCT20-B85.5",
            "count": 1,
            "created_time": "2024-10-20T20:46:25.49281Z",
            "yes_price": 80,
            "no_price": 20,
            "taker_side": "no"
        },
        {
            "trade_id": "6f6e50b2-35fc-444d-9410-d9458fb1e615",
            "ticker": "HIGHAUS-24OCT20-B85.5",
            "count": 4,
            "created_time": "2024-10-20T20:31:42.800042Z",
            "yes_price": 78,
            "no_price": 22,
            "taker_side": "yes"
        },
        {
            "trade_id": "46b13c60-2d99-409c-8090-cea0c80b9381",
            "ticker": "HIGHAUS-24OCT20-B85.5",
            "count": 4,
            "created_time": "2024-10-20T20:31:37.981857Z",
            "yes_price": 77,
            "no_price": 23,
            "taker_side": "yes"
        },
        {
            "trade_id": "dd507f74-6114-46c3-a84b-2fb0283aa860",
            "ticker": "HIGHAUS-24OCT20-B85.5",
            "count": 5,
            "created_time": "2024-10-20T20:27:40.681161Z",
            "yes_price": 70,
            "no_price": 30,
            "taker_side": "no"
        },
        {
            "trade_id": "f3f7e4e3-dc59-4f14-b357-4e1fcaff8c06",
            "ticker": "HIGHAUS-24OCT20-B85.5",
            "count": 3,
            "created_time": "2024-10-20T19:56:26.905322Z",
            "yes_price": 77,
            "no_price": 23,
            "taker_side": "yes"
        },
        {
            "trade_id": "ac04cc7c-4d8a-42f1-a16b-d2448345fb78",
            "ticker": "HIGHAUS-24OCT20-B85.5",
            "count": 3,
            "created_time": "2024-10-20T19:56:26.905322Z",
            "yes_price": 76,
            "no_price": 24,
            "taker_side": "yes"
        },
        {
            "trade_id": "48c1cf81-9559-4ce6-b705-c5ac88c26e7f",
            "ticker": "HIGHAUS-24OCT20-B85.5",
            "count": 1,
            "created_time": "2024-10-20T19:48:48.365831Z",
            "yes_price": 77,
            "no_price": 23,
            "taker_side": "yes"
        },
        {
            "trade_id": "2871fcb4-dcc8-45ca-9b35-f1c0bf631a30",
            "ticker": "HIGHAUS-24OCT20-B85.5",
            "count": 2,
            "created_time": "2024-10-20T19:48:48.365831Z",
            "yes_price": 77,
            "no_price": 23,
            "taker_side": "yes"
        },
        {
            "trade_id": "008ae138-646d-4d66-aa09-53432d18706d",
            "ticker": "HIGHAUS-24OCT20-B85.5",
            "count": 1,
            "created_time": "2024-10-20T19:48:48.365831Z",
            "yes_price": 76,
            "no_price": 24,
            "taker_side": "yes"
        },
        {
            "trade_id": "f87e4a87-24d4-4842-801f-4c083a787db9",
            "ticker": "HIGHAUS-24OCT20-B85.5",
            "count": 15,
            "created_time": "2024-10-20T19:29:23.075377Z",
            "yes_price": 77,
            "no_price": 23,
            "taker_side": "yes"
        },
        {
            "trade_id": "9179f9df-59b8-43cf-8204-50320f9c6d33",
            "ticker": "HIGHAUS-24OCT20-B85.5",
            "count": 5,
            "created_time": "2024-10-20T19:29:23.075377Z",
            "yes_price": 76,
            "no_price": 24,
            "taker_side": "yes"
        },
        {
            "trade_id": "23249b59-6257-4537-a19d-aa2aede0e68f",
            "ticker": "HIGHAUS-24OCT20-B85.5",
            "count": 8,
            "created_time": "2024-10-20T19:29:11.577879Z",
            "yes_price": 73,
            "no_price": 27,
            "taker_side": "yes"
        },
        {
            "trade_id": "155d6d42-81d3-40b7-884c-a6050651ec36",
            "ticker": "HIGHAUS-24OCT20-B85.5",
            "count": 2,
            "created_time": "2024-10-20T17:00:42.04741Z",
            "yes_price": 44,
            "no_price": 56,
            "taker_side": "no"
        },
        {
            "trade_id": "8ddb17ae-6444-4773-8e1f-8b0f99dcad9a",
            "ticker": "HIGHAUS-24OCT20-B85.5",
            "count": 150,
            "created_time": "2024-10-20T16:56:51.606908Z",
            "yes_price": 47,
            "no_price": 53,
            "taker_side": "yes"
        },
        {
            "trade_id": "4a054147-37a7-4187-8575-e556e697ade2",
            "ticker": "HIGHAUS-24OCT20-B85.5",
            "count": 60,
            "created_time": "2024-10-20T16:56:51.606908Z",
            "yes_price": 45,
            "no_price": 55,
            "taker_side": "yes"
        },
        {
            "trade_id": "7a4187fb-0b9d-4ad5-aab5-608127be05b2",
            "ticker": "HIGHAUS-24OCT20-B85.5",
            "count": 30,
            "created_time": "2024-10-20T16:56:26.307787Z",
            "yes_price": 44,
            "no_price": 56,
            "taker_side": "no"
        },
        {
            "trade_id": "fb39b521-449c-4403-83e1-aa51394f7b21",
            "ticker": "HIGHAUS-24OCT20-B85.5",
            "count": 6,
            "created_time": "2024-10-20T16:32:00.575423Z",
            "yes_price": 47,
            "no_price": 53,
            "taker_side": "yes"
        },
        {
            "trade_id": "cdd5f2a8-76df-454a-838d-0d5016f31649",
            "ticker": "HIGHAUS-24OCT20-B85.5",
            "count": 15,
            "created_time": "2024-10-20T16:32:00.575423Z",
            "yes_price": 45,
            "no_price": 55,
            "taker_side": "yes"
        },
        {
            "trade_id": "4d44d900-a178-47de-afc2-03817a859f77",
            "ticker": "HIGHAUS-24OCT20-B85.5",
            "count": 42,
            "created_time": "2024-10-20T16:06:03.112223Z",
            "yes_price": 45,
            "no_price": 55,
            "taker_side": "yes"
        },
        {
            "trade_id": "e5ca5d50-c1c8-4979-8401-48c89d161cec",
            "ticker": "HIGHAUS-24OCT20-B85.5",
            "count": 45,
            "created_time": "2024-10-20T15:01:26.506388Z",
            "yes_price": 44,
            "no_price": 56,
            "taker_side": "yes"
        },
        {
            "trade_id": "3d904c0d-a7ca-44a9-a222-6b35bb953e77",
            "ticker": "HIGHAUS-24OCT20-B85.5",
            "count": 60,
            "created_time": "2024-10-20T15:01:06.945239Z",
            "yes_price": 41,
            "no_price": 59,
            "taker_side": "yes"
        },
        {
            "trade_id": "1ce3d59b-1e3e-417b-a40e-fdbe01877e3f",
            "ticker": "HIGHAUS-24OCT20-B85.5",
            "count": 90,
            "created_time": "2024-10-20T15:01:06.945239Z",
            "yes_price": 44,
            "no_price": 56,
            "taker_side": "yes"
        },
        {
            "trade_id": "fd91218e-d8e3-44c5-a39b-48b3224aabf3",
            "ticker": "HIGHAUS-24OCT20-B85.5",
            "count": 90,
            "created_time": "2024-10-20T15:00:52.746203Z",
            "yes_price": 40,
            "no_price": 60,
            "taker_side": "yes"
        },
        {
            "trade_id": "ba829724-a0b7-4a0d-9351-084f9e02e7cc",
            "ticker": "HIGHAUS-24OCT20-B85.5",
            "count": 35,
            "created_time": "2024-10-20T14:49:11.302739Z",
            "yes_price": 33,
            "no_price": 67,
            "taker_side": "no"
        },
        {
            "trade_id": "da2b0ffe-7d47-4e51-9d8c-75e36d87e442",
            "ticker": "HIGHAUS-24OCT20-B85.5",
            "count": 4,
            "created_time": "2024-10-20T14:15:13.395421Z",
            "yes_price": 41,
            "no_price": 59,
            "taker_side": "yes"
        },
        {
            "trade_id": "ea8819ad-a1bf-4705-ae1b-305be169df26",
            "ticker": "HIGHAUS-24OCT20-B85.5",
            "count": 12,
            "created_time": "2024-10-20T12:56:43.918844Z",
            "yes_price": 36,
            "no_price": 64,
            "taker_side": "yes"
        },
        {
            "trade_id": "e7958f69-13c4-4b17-a622-82ff06c29f0a",
            "ticker": "HIGHAUS-24OCT20-B85.5",
            "count": 43,
            "created_time": "2024-10-20T12:56:43.918844Z",
            "yes_price": 41,
            "no_price": 59,
            "taker_side": "yes"
        },
        {
            "trade_id": "c4d7ff44-731b-43fd-b701-0e463bb6a321",
            "ticker": "HIGHAUS-24OCT20-B85.5",
            "count": 45,
            "created_time": "2024-10-20T12:56:43.918844Z",
            "yes_price": 36,
            "no_price": 64,
            "taker_side": "yes"
        },
        {
            "trade_id": "57d000a7-8ff0-4851-a8ec-5434d26acd57",
            "ticker": "HIGHAUS-24OCT20-B85.5",
            "count": 150,
            "created_time": "2024-10-20T12:56:43.918844Z",
            "yes_price": 38,
            "no_price": 62,
            "taker_side": "yes"
        },
        {
            "trade_id": "6c403761-b48c-4968-9031-97055e9397ec",
            "ticker": "HIGHAUS-24OCT20-B85.5",
            "count": 11,
            "created_time": "2024-10-20T12:04:29.993665Z",
            "yes_price": 32,
            "no_price": 68,
            "taker_side": "yes"
        },
        {
            "trade_id": "5f0aa905-2928-49ab-9bfb-52e73f83d429",
            "ticker": "HIGHAUS-24OCT20-B85.5",
            "count": 15,
            "created_time": "2024-10-20T12:03:19.104651Z",
            "yes_price": 32,
            "no_price": 68,
            "taker_side": "no"
        },
        {
            "trade_id": "828bd795-5d69-46f0-9248-53030afbadd8",
            "ticker": "HIGHAUS-24OCT20-B85.5",
            "count": 6,
            "created_time": "2024-10-20T05:23:08.999251Z",
            "yes_price": 29,
            "no_price": 71,
            "taker_side": "yes"
        },
        {
            "trade_id": "94db87fd-1784-4f93-baae-ee6f6089667d",
            "ticker": "HIGHAUS-24OCT20-B85.5",
            "count": 4,
            "created_time": "2024-10-20T04:52:43.972824Z",
            "yes_price": 29,
            "no_price": 71,
            "taker_side": "yes"
        },
        {
            "trade_id": "b9a74b38-327d-4d99-9ebe-92fe197bd26d",
            "ticker": "HIGHAUS-24OCT20-B85.5",
            "count": 42,
            "created_time": "2024-10-20T04:49:12.592922Z",
            "yes_price": 31,
            "no_price": 69,
            "taker_side": "yes"
        },
        {
            "trade_id": "0897fa8c-540c-4a2a-8189-86c4b1d81b11",
            "ticker": "HIGHAUS-24OCT20-B85.5",
            "count": 60,
            "created_time": "2024-10-20T04:49:12.592922Z",
            "yes_price": 29,
            "no_price": 71,
            "taker_side": "yes"
        },
        {
            "trade_id": "bd0db08c-cddf-4aa4-b802-626579563137",
            "ticker": "HIGHAUS-24OCT20-B85.5",
            "count": 15,
            "created_time": "2024-10-20T04:41:18.752261Z",
            "yes_price": 30,
            "no_price": 70,
            "taker_side": "yes"
        },
        {
            "trade_id": "a769693b-76eb-4d0d-8eca-b5165951db58",
            "ticker": "HIGHAUS-24OCT20-B85.5",
            "count": 15,
            "created_time": "2024-10-20T04:41:18.752261Z",
            "yes_price": 29,
            "no_price": 71,
            "taker_side": "yes"
        },
        {
            "trade_id": "679a7683-5f93-4712-aafa-7c327b657498",
            "ticker": "HIGHAUS-24OCT20-B85.5",
            "count": 1,
            "created_time": "2024-10-20T02:09:32.450937Z",
            "yes_price": 28,
            "no_price": 72,
            "taker_side": "yes"
        },
        {
            "trade_id": "f5dfe3f2-7d8a-4fbd-a591-f0cb92827d16",
            "ticker": "HIGHAUS-24OCT20-B85.5",
            "count": 90,
            "created_time": "2024-10-20T02:02:26.069049Z",
            "yes_price": 26,
            "no_price": 74,
            "taker_side": "no"
        },
        {
            "trade_id": "e38df19e-e66a-4975-b72f-b5327217de74",
            "ticker": "HIGHAUS-24OCT20-B85.5",
            "count": 90,
            "created_time": "2024-10-20T02:02:26.069049Z",
            "yes_price": 26,
            "no_price": 74,
            "taker_side": "no"
        },
        {
            "trade_id": "9116c68c-c318-456b-94e3-86eccd81b8e4",
            "ticker": "HIGHAUS-24OCT20-B85.5",
            "count": 25,
            "created_time": "2024-10-20T01:54:24.978519Z",
            "yes_price": 30,
            "no_price": 70,
            "taker_side": "yes"
        },
        {
            "trade_id": "e3d9d37e-3f57-4e35-bb00-e5eb8791911a",
            "ticker": "HIGHAUS-24OCT20-B85.5",
            "count": 60,
            "created_time": "2024-10-20T01:54:13.911121Z",
            "yes_price": 31,
            "no_price": 69,
            "taker_side": "no"
        },
        {
            "trade_id": "eda9c006-517e-4148-90ec-82a5ac6f0e4e",
            "ticker": "HIGHAUS-24OCT20-B85.5",
            "count": 150,
            "created_time": "2024-10-20T01:52:33.112339Z",
            "yes_price": 32,
            "no_price": 68,
            "taker_side": "no"
        },
        {
            "trade_id": "85ecfcd2-fc00-4c80-8cca-18cd2cabfb9c",
            "ticker": "HIGHAUS-24OCT20-B85.5",
            "count": 40,
            "created_time": "2024-10-20T01:52:33.112339Z",
            "yes_price": 34,
            "no_price": 66,
            "taker_side": "no"
        },
        {
            "trade_id": "670ec7c4-b41d-4d73-b1b6-0acd9ebbfd7d",
            "ticker": "HIGHAUS-24OCT20-B85.5",
            "count": 110,
            "created_time": "2024-10-20T01:52:25.833813Z",
            "yes_price": 33,
            "no_price": 67,
            "taker_side": "yes"
        },
        {
            "trade_id": "b9b15a34-99d6-4d95-9587-2fcbc103056e",
            "ticker": "HIGHAUS-24OCT20-B85.5",
            "count": 30,
            "created_time": "2024-10-20T01:52:25.80081Z",
            "yes_price": 33,
            "no_price": 67,
            "taker_side": "yes"
        },
        {
            "trade_id": "989da4e0-8d97-4fc4-8f84-1de19eaa6e07",
            "ticker": "HIGHAUS-24OCT20-B85.5",
            "count": 60,
            "created_time": "2024-10-20T01:52:23.349609Z",
            "yes_price": 34,
            "no_price": 66,
            "taker_side": "no"
        },
        {
            "trade_id": "f2f1c53e-b2bb-49af-9c35-efec84ac11c6",
            "ticker": "HIGHAUS-24OCT20-B85.5",
            "count": 60,
            "created_time": "2024-10-20T01:32:22.690869Z",
            "yes_price": 37,
            "no_price": 63,
            "taker_side": "no"
        },
        {
            "trade_id": "9f3bee47-c7a9-405e-9677-196b00df73f4",
            "ticker": "HIGHAUS-24OCT20-B85.5",
            "count": 60,
            "created_time": "2024-10-20T01:32:15.125401Z",
            "yes_price": 39,
            "no_price": 61,
            "taker_side": "no"
        },
        {
            "trade_id": "997cdd6b-5d9f-4523-a9ed-c402ce3594d7",
            "ticker": "HIGHAUS-24OCT20-B85.5",
            "count": 90,
            "created_time": "2024-10-20T01:32:15.125401Z",
            "yes_price": 37,
            "no_price": 63,
            "taker_side": "no"
        },
        {
            "trade_id": "e3ff435c-fecc-4d04-9d34-c23ae7c410d6",
            "ticker": "HIGHAUS-24OCT20-B85.5",
            "count": 15,
            "created_time": "2024-10-20T01:32:09.508765Z",
            "yes_price": 40,
            "no_price": 60,
            "taker_side": "no"
        },
        {
            "trade_id": "cd75a3f4-8201-4a01-b4b2-6828cec3cfeb",
            "ticker": "HIGHAUS-24OCT20-B85.5",
            "count": 17,
            "created_time": "2024-10-19T22:08:49.795355Z",
            "yes_price": 44,
            "no_price": 56,
            "taker_side": "no"
        },
        {
            "trade_id": "24637f39-ee83-4ade-87ba-d9842ef8292b",
            "ticker": "HIGHAUS-24OCT20-B85.5",
            "count": 9,
            "created_time": "2024-10-19T17:02:43.15385Z",
            "yes_price": 51,
            "no_price": 49,
            "taker_side": "no"
        },
        {
            "trade_id": "a6b8f055-eb0f-415c-ad36-f1ceacdac985",
            "ticker": "HIGHAUS-24OCT20-B85.5",
            "count": 15,
            "created_time": "2024-10-19T16:56:33.711025Z",
            "yes_price": 51,
            "no_price": 49,
            "taker_side": "no"
        }
    ],
    "HIGHAUS-24OCT20-B87.5": [
        {
            "trade_id": "e3f19d39-4c25-4b93-8028-d4a87a336ecd",
            "ticker": "HIGHAUS-24OCT20-B87.5",
            "count": 54,
            "created_time": "2024-10-20T22:49:54.414498Z",
            "yes_price": 3,
            "no_price": 97,
            "taker_side": "no"
        },
        {
            "trade_id": "bc8df566-ff4e-4d48-8d19-48f5415921e2",
            "ticker": "HIGHAUS-24OCT20-B87.5",
            "count": 50,
            "created_time": "2024-10-20T22:20:08.949356Z",
            "yes_price": 1,
            "no_price": 99,
            "taker_side": "no"
        },
        {
            "trade_id": "007c8fcb-768c-41a3-aa98-8539c08193be",
            "ticker": "HIGHAUS-24OCT20-B87.5",
            "count": 5,
            "created_time": "2024-10-20T22:02:23.043407Z",
            "yes_price": 30,
            "no_price": 70,
            "taker_side": "yes"
        },
        {
            "trade_id": "c4cb75f4-a6e9-4aa8-8eba-0bcdd799036d",
            "ticker": "HIGHAUS-24OCT20-B87.5",
            "count": 5,
            "created_time": "2024-10-20T21:56:24.1223Z",
            "yes_price": 30,
            "no_price": 70,
            "taker_side": "yes"
        },
        {
            "trade_id": "7dc9177f-ee20-4e06-b4ff-350faf834d12",
            "ticker": "HIGHAUS-24OCT20-B87.5",
            "count": 5,
            "created_time": "2024-10-20T21:56:13.411935Z",
            "yes_price": 20,
            "no_price": 80,
            "taker_side": "yes"
        },
        {
            "trade_id": "64fa766b-3242-4ad7-8531-f5d1375cb198",
            "ticker": "HIGHAUS-24OCT20-B87.5",
            "count": 5,
            "created_time": "2024-10-20T21:56:07.788396Z",
            "yes_price": 4,
            "no_price": 96,
            "taker_side": "yes"
        },
        {
            "trade_id": "a4b8ddc1-0077-4108-bc49-967b64a4613c",
            "ticker": "HIGHAUS-24OCT20-B87.5",
            "count": 5,
            "created_time": "2024-10-20T21:53:23.065423Z",
            "yes_price": 3,
            "no_price": 97,
            "taker_side": "no"
        },
        {
            "trade_id": "62277604-4301-4b76-9d3f-53c7eaa0b47a",
            "ticker": "HIGHAUS-24OCT20-B87.5",
            "count": 10,
            "created_time": "2024-10-20T21:46:42.331574Z",
            "yes_price": 2,
            "no_price": 98,
            "taker_side": "no"
        },
        {
            "trade_id": "fc9a265a-ff0d-4b98-8dc6-6eb4fe00eba9",
            "ticker": "HIGHAUS-24OCT20-B87.5",
            "count": 5,
            "created_time": "2024-10-20T21:19:34.958771Z",
            "yes_price": 10,
            "no_price": 90,
            "taker_side": "yes"
        },
        {
            "trade_id": "b1fd31cc-5f61-4311-9786-1adf89d446a6",
            "ticker": "HIGHAUS-24OCT20-B87.5",
            "count": 1,
            "created_time": "2024-10-20T21:17:15.733228Z",
            "yes_price": 10,
            "no_price": 90,
            "taker_side": "yes"
        },
        {
            "trade_id": "f5d16a35-d615-4bfe-ba49-0ac7c6d014cc",
            "ticker": "HIGHAUS-24OCT20-B87.5",
            "count": 2,
            "created_time": "2024-10-20T21:02:08.473237Z",
            "yes_price": 78,
            "no_price": 22,
            "taker_side": "yes"
        },
        {
            "trade_id": "b53b8ffb-5175-4c42-8313-51b39246fdcf",
            "ticker": "HIGHAUS-24OCT20-B87.5",
            "count": 2,
            "created_time": "2024-10-20T21:00:30.917232Z",
            "yes_price": 77,
            "no_price": 23,
            "taker_side": "yes"
        },
        {
            "trade_id": "53a31f7b-bdb5-467c-ad07-44ce628f7dfe",
            "ticker": "HIGHAUS-24OCT20-B87.5",
            "count": 3,
            "created_time": "2024-10-20T21:00:30.917232Z",
            "yes_price": 78,
            "no_price": 22,
            "taker_side": "yes"
        },
        {
            "trade_id": "ca998f3d-4a5a-491a-a043-a99c9fd96090",
            "ticker": "HIGHAUS-24OCT20-B87.5",
            "count": 27,
            "created_time": "2024-10-20T21:00:14.788186Z",
            "yes_price": 80,
            "no_price": 20,
            "taker_side": "no"
        },
        {
            "trade_id": "37808c95-159b-496f-be5e-615fe0cbff35",
            "ticker": "HIGHAUS-24OCT20-B87.5",
            "count": 13,
            "created_time": "2024-10-20T21:00:14.756047Z",
            "yes_price": 80,
            "no_price": 20,
            "taker_side": "no"
        },
        {
            "trade_id": "eed3a794-8bad-49d0-99d0-b5926623eb3e",
            "ticker": "HIGHAUS-24OCT20-B87.5",
            "count": 4,
            "created_time": "2024-10-20T20:59:33.153913Z",
            "yes_price": 74,
            "no_price": 26,
            "taker_side": "yes"
        },
        {
            "trade_id": "dfa52c72-81ce-494e-920b-45410313a0ec",
            "ticker": "HIGHAUS-24OCT20-B87.5",
            "count": 4,
            "created_time": "2024-10-20T20:59:33.153913Z",
            "yes_price": 74,
            "no_price": 26,
            "taker_side": "yes"
        },
        {
            "trade_id": "b9c3587b-e7a9-4d89-a1c8-d04af6773f6f",
            "ticker": "HIGHAUS-24OCT20-B87.5",
            "count": 5,
            "created_time": "2024-10-20T20:59:33.153913Z",
            "yes_price": 97,
            "no_price": 3,
            "taker_side": "yes"
        },
        {
            "trade_id": "7012e3df-e16a-4eb8-93b3-6f67de0b2b9f",
            "ticker": "HIGHAUS-24OCT20-B87.5",
            "count": 1,
            "created_time": "2024-10-20T20:59:33.153913Z",
            "yes_price": 73,
            "no_price": 27,
            "taker_side": "yes"
        },
        {
            "trade_id": "38c573d3-1484-4490-b12e-e527fe00c291",
            "ticker": "HIGHAUS-24OCT20-B87.5",
            "count": 1,
            "created_time": "2024-10-20T20:59:33.153913Z",
            "yes_price": 68,
            "no_price": 32,
            "taker_side": "yes"
        },
        {
            "trade_id": "d0ea4882-960e-4f39-8c9e-b625fbd1684d",
            "ticker": "HIGHAUS-24OCT20-B87.5",
            "count": 2,
            "created_time": "2024-10-20T20:59:11.720158Z",
            "yes_price": 68,
            "no_price": 32,
            "taker_side": "yes"
        },
        {
            "trade_id": "220dc13f-91c6-4a5f-a7b3-c075f5254b63",
            "ticker": "HIGHAUS-24OCT20-B87.5",
            "count": 4,
            "created_time": "2024-10-20T20:56:49.84479Z",
            "yes_price": 68,
            "no_price": 32,
            "taker_side": "yes"
        },
        {
            "trade_id": "78b7281a-bf4c-4f9e-bd6c-924ac051b2ec",
            "ticker": "HIGHAUS-24OCT20-B87.5",
            "count": 7,
            "created_time": "2024-10-20T20:56:22.827253Z",
            "yes_price": 68,
            "no_price": 32,
            "taker_side": "yes"
        },
        {
            "trade_id": "023811b5-6371-4dd6-971a-ee16fe539d2c",
            "ticker": "HIGHAUS-24OCT20-B87.5",
            "count": 13,
            "created_time": "2024-10-20T20:56:16.210942Z",
            "yes_price": 68,
            "no_price": 32,
            "taker_side": "yes"
        },
        {
            "trade_id": "e2a72ea4-0af6-471f-9704-bce60fe8d9f5",
            "ticker": "HIGHAUS-24OCT20-B87.5",
            "count": 33,
            "created_time": "2024-10-20T20:56:09.791489Z",
            "yes_price": 73,
            "no_price": 27,
            "taker_side": "yes"
        },
        {
            "trade_id": "88ba8bd3-978b-4900-b8c7-ac521959ae30",
            "ticker": "HIGHAUS-24OCT20-B87.5",
            "count": 51,
            "created_time": "2024-10-20T20:56:05.11129Z",
            "yes_price": 68,
            "no_price": 32,
            "taker_side": "yes"
        },
        {
            "trade_id": "c7a48f2e-b13d-46dc-b97c-c9d602ca34b2",
            "ticker": "HIGHAUS-24OCT20-B87.5",
            "count": 121,
            "created_time": "2024-10-20T20:55:29.39203Z",
            "yes_price": 48,
            "no_price": 52,
            "taker_side": "yes"
        },
        {
            "trade_id": "320e99b0-edba-402c-b2db-fc34bf94f0fb",
            "ticker": "HIGHAUS-24OCT20-B87.5",
            "count": 8,
            "created_time": "2024-10-20T20:55:18.74581Z",
            "yes_price": 47,
            "no_price": 53,
            "taker_side": "yes"
        },
        {
            "trade_id": "ef62a4ae-90be-4cdd-b336-42e5d31a55a1",
            "ticker": "HIGHAUS-24OCT20-B87.5",
            "count": 1,
            "created_time": "2024-10-20T19:29:23.148746Z",
            "yes_price": 26,
            "no_price": 74,
            "taker_side": "no"
        },
        {
            "trade_id": "db2e67fd-d348-468a-ba19-5341934c61bd",
            "ticker": "HIGHAUS-24OCT20-B87.5",
            "count": 4,
            "created_time": "2024-10-20T19:29:23.148746Z",
            "yes_price": 26,
            "no_price": 74,
            "taker_side": "no"
        },
        {
            "trade_id": "dd66c1ec-6b51-428e-a13a-2806a4e81a70",
            "ticker": "HIGHAUS-24OCT20-B87.5",
            "count": 2,
            "created_time": "2024-10-20T17:00:42.052779Z",
            "yes_price": 42,
            "no_price": 58,
            "taker_side": "no"
        },
        {
            "trade_id": "031db80e-fab6-43b4-b186-f63dff575353",
            "ticker": "HIGHAUS-24OCT20-B87.5",
            "count": 75,
            "created_time": "2024-10-20T16:56:57.466716Z",
            "yes_price": 44,
            "no_price": 56,
            "taker_side": "no"
        },
        {
            "trade_id": "f6b9b197-3c7f-4063-a0df-57c2e5d8798b",
            "ticker": "HIGHAUS-24OCT20-B87.5",
            "count": 93,
            "created_time": "2024-10-20T16:01:13.324803Z",
            "yes_price": 49,
            "no_price": 51,
            "taker_side": "yes"
        },
        {
            "trade_id": "d0cb06e1-5530-485c-8f2d-9c9d15fe8f89",
            "ticker": "HIGHAUS-24OCT20-B87.5",
            "count": 15,
            "created_time": "2024-10-20T16:01:13.324803Z",
            "yes_price": 47,
            "no_price": 53,
            "taker_side": "yes"
        },
        {
            "trade_id": "f1ad89ce-9035-42af-b527-a7f305eaf7ad",
            "ticker": "HIGHAUS-24OCT20-B87.5",
            "count": 30,
            "created_time": "2024-10-20T15:32:33.573161Z",
            "yes_price": 45,
            "no_price": 55,
            "taker_side": "no"
        },
        {
            "trade_id": "ed33eecd-ed54-4add-a05c-92ca1cc2d95e",
            "ticker": "HIGHAUS-24OCT20-B87.5",
            "count": 30,
            "created_time": "2024-10-20T15:32:31.700997Z",
            "yes_price": 45,
            "no_price": 55,
            "taker_side": "yes"
        },
        {
            "trade_id": "922b8999-4f14-4762-9009-208a5e76bcf4",
            "ticker": "HIGHAUS-24OCT20-B87.5",
            "count": 6,
            "created_time": "2024-10-20T15:24:57.589017Z",
            "yes_price": 45,
            "no_price": 55,
            "taker_side": "yes"
        },
        {
            "trade_id": "5a60afe4-a8d9-4164-8d58-94e9f0b2ba01",
            "ticker": "HIGHAUS-24OCT20-B87.5",
            "count": 30,
            "created_time": "2024-10-20T15:13:59.963832Z",
            "yes_price": 44,
            "no_price": 56,
            "taker_side": "yes"
        },
        {
            "trade_id": "b011364c-d850-41a3-9fd0-49538a85ab3b",
            "ticker": "HIGHAUS-24OCT20-B87.5",
            "count": 1,
            "created_time": "2024-10-20T14:46:37.885656Z",
            "yes_price": 53,
            "no_price": 47,
            "taker_side": "yes"
        },
        {
            "trade_id": "47846170-e07e-4ae4-948f-da6b9b12f51c",
            "ticker": "HIGHAUS-24OCT20-B87.5",
            "count": 1,
            "created_time": "2024-10-20T13:18:02.970149Z",
            "yes_price": 53,
            "no_price": 47,
            "taker_side": "no"
        },
        {
            "trade_id": "78c5b395-35ec-41d9-a0c0-4581b4de7992",
            "ticker": "HIGHAUS-24OCT20-B87.5",
            "count": 18,
            "created_time": "2024-10-20T13:00:33.156835Z",
            "yes_price": 54,
            "no_price": 46,
            "taker_side": "no"
        },
        {
            "trade_id": "6081412b-b6c3-4797-b011-9f973210b6dd",
            "ticker": "HIGHAUS-24OCT20-B87.5",
            "count": 45,
            "created_time": "2024-10-20T12:56:55.010908Z",
            "yes_price": 54,
            "no_price": 46,
            "taker_side": "no"
        },
        {
            "trade_id": "000592b4-0679-4052-897d-ecc958d23bcf",
            "ticker": "HIGHAUS-24OCT20-B87.5",
            "count": 12,
            "created_time": "2024-10-20T12:56:44.012481Z",
            "yes_price": 54,
            "no_price": 46,
            "taker_side": "no"
        },
        {
            "trade_id": "9a9dd874-9808-4230-800a-b6eab704a3cc",
            "ticker": "HIGHAUS-24OCT20-B87.5",
            "count": 31,
            "created_time": "2024-10-20T12:11:48.304326Z",
            "yes_price": 54,
            "no_price": 46,
            "taker_side": "yes"
        },
        {
            "trade_id": "0c958ee8-e352-4aec-92ba-2d54479a3b45",
            "ticker": "HIGHAUS-24OCT20-B87.5",
            "count": 60,
            "created_time": "2024-10-20T12:11:18.091903Z",
            "yes_price": 53,
            "no_price": 47,
            "taker_side": "yes"
        },
        {
            "trade_id": "2ee8e089-d516-4fe8-a54d-cd5d4f21fadc",
            "ticker": "HIGHAUS-24OCT20-B87.5",
            "count": 1,
            "created_time": "2024-10-20T12:10:47.429279Z",
            "yes_price": 53,
            "no_price": 47,
            "taker_side": "yes"
        },
        {
            "trade_id": "9be7af39-1d65-4654-bb2b-c35a22676e15",
            "ticker": "HIGHAUS-24OCT20-B87.5",
            "count": 1,
            "created_time": "2024-10-20T12:09:53.550388Z",
            "yes_price": 53,
            "no_price": 47,
            "taker_side": "yes"
        },
        {
            "trade_id": "12355a76-000a-45f8-9cbd-6f2c15d30159",
            "ticker": "HIGHAUS-24OCT20-B87.5",
            "count": 1,
            "created_time": "2024-10-20T12:08:47.295911Z",
            "yes_price": 53,
            "no_price": 47,
            "taker_side": "yes"
        },
        {
            "trade_id": "ef61129a-272d-4587-961e-870bd51c2f88",
            "ticker": "HIGHAUS-24OCT20-B87.5",
            "count": 45,
            "created_time": "2024-10-20T12:08:35.016941Z",
            "yes_price": 52,
            "no_price": 48,
            "taker_side": "no"
        },
        {
            "trade_id": "a61b4702-dd54-434b-8605-81342d08e753",
            "ticker": "HIGHAUS-24OCT20-B87.5",
            "count": 83,
            "created_time": "2024-10-20T12:08:27.740575Z",
            "yes_price": 53,
            "no_price": 47,
            "taker_side": "no"
        },
        {
            "trade_id": "979b23ad-2278-41c3-95a5-abdd0c4e8645",
            "ticker": "HIGHAUS-24OCT20-B87.5",
            "count": 67,
            "created_time": "2024-10-20T12:08:27.740575Z",
            "yes_price": 52,
            "no_price": 48,
            "taker_side": "no"
        },
        {
            "trade_id": "7d2c73b6-8746-472b-828c-38315aed390f",
            "ticker": "HIGHAUS-24OCT20-B87.5",
            "count": 30,
            "created_time": "2024-10-20T12:08:27.715838Z",
            "yes_price": 53,
            "no_price": 47,
            "taker_side": "no"
        },
        {
            "trade_id": "e059177e-894b-44c6-879c-3c9d3fec472d",
            "ticker": "HIGHAUS-24OCT20-B87.5",
            "count": 24,
            "created_time": "2024-10-20T05:12:53.771325Z",
            "yes_price": 59,
            "no_price": 41,
            "taker_side": "no"
        },
        {
            "trade_id": "197581ea-2055-4224-a8cf-fd1befd52d1e",
            "ticker": "HIGHAUS-24OCT20-B87.5",
            "count": 15,
            "created_time": "2024-10-20T04:56:18.875947Z",
            "yes_price": 59,
            "no_price": 41,
            "taker_side": "no"
        },
        {
            "trade_id": "064c08f2-3ca6-4ca4-a77b-ad69299a5a9f",
            "ticker": "HIGHAUS-24OCT20-B87.5",
            "count": 14,
            "created_time": "2024-10-20T04:56:18.875947Z",
            "yes_price": 56,
            "no_price": 44,
            "taker_side": "no"
        },
        {
            "trade_id": "aa568225-7020-4b5e-946e-a3cf4c5b624a",
            "ticker": "HIGHAUS-24OCT20-B87.5",
            "count": 25,
            "created_time": "2024-10-20T04:54:36.308946Z",
            "yes_price": 59,
            "no_price": 41,
            "taker_side": "no"
        },
        {
            "trade_id": "2ef6998f-8647-4f6a-a2d7-8a40b9426402",
            "ticker": "HIGHAUS-24OCT20-B87.5",
            "count": 30,
            "created_time": "2024-10-20T04:40:16.179222Z",
            "yes_price": 56,
            "no_price": 44,
            "taker_side": "no"
        },
        {
            "trade_id": "1773c186-421a-4b09-98c9-c2c521c05ebc",
            "ticker": "HIGHAUS-24OCT20-B87.5",
            "count": 85,
            "created_time": "2024-10-20T04:40:16.179222Z",
            "yes_price": 55,
            "no_price": 45,
            "taker_side": "no"
        },
        {
            "trade_id": "989107b1-4422-4393-92c1-69ad56ad660f",
            "ticker": "HIGHAUS-24OCT20-B87.5",
            "count": 30,
            "created_time": "2024-10-20T03:41:28.44081Z",
            "yes_price": 62,
            "no_price": 38,
            "taker_side": "no"
        },
        {
            "trade_id": "e9362d7a-6047-45a7-a3ad-6416e9d86d06",
            "ticker": "HIGHAUS-24OCT20-B87.5",
            "count": 2,
            "created_time": "2024-10-20T03:36:29.058813Z",
            "yes_price": 60,
            "no_price": 40,
            "taker_side": "yes"
        },
        {
            "trade_id": "3a6775f2-bcf0-4378-bb72-d6840cb7f149",
            "ticker": "HIGHAUS-24OCT20-B87.5",
            "count": 332,
            "created_time": "2024-10-20T01:57:04.37666Z",
            "yes_price": 55,
            "no_price": 45,
            "taker_side": "yes"
        },
        {
            "trade_id": "b378a73f-0a94-444d-aae7-58a0c981f522",
            "ticker": "HIGHAUS-24OCT20-B87.5",
            "count": 2,
            "created_time": "2024-10-20T01:56:38.699495Z",
            "yes_price": 54,
            "no_price": 46,
            "taker_side": "yes"
        },
        {
            "trade_id": "50c796b3-cfa8-4f3b-b7b4-7de0d0ea76df",
            "ticker": "HIGHAUS-24OCT20-B87.5",
            "count": 28,
            "created_time": "2024-10-20T01:56:38.699495Z",
            "yes_price": 55,
            "no_price": 45,
            "taker_side": "yes"
        },
        {
            "trade_id": "f5f61a6c-55d8-4ad6-8e85-c601de58a0d4",
            "ticker": "HIGHAUS-24OCT20-B87.5",
            "count": 1,
            "created_time": "2024-10-20T01:34:02.934561Z",
            "yes_price": 45,
            "no_price": 55,
            "taker_side": "no"
        },
        {
            "trade_id": "b4c99332-bb16-4916-b86c-859b36440dc8",
            "ticker": "HIGHAUS-24OCT20-B87.5",
            "count": 1,
            "created_time": "2024-10-20T01:33:55.01563Z",
            "yes_price": 45,
            "no_price": 55,
            "taker_side": "no"
        },
        {
            "trade_id": "bc31103f-7153-4030-97c3-e3c631b9e6ce",
            "ticker": "HIGHAUS-24OCT20-B87.5",
            "count": 2,
            "created_time": "2024-10-20T01:33:47.046191Z",
            "yes_price": 45,
            "no_price": 55,
            "taker_side": "no"
        },
        {
            "trade_id": "66d05f3e-5fc7-4dbf-bb21-b36c2a297c41",
            "ticker": "HIGHAUS-24OCT20-B87.5",
            "count": 5,
            "created_time": "2024-10-20T01:33:42.667292Z",
            "yes_price": 45,
            "no_price": 55,
            "taker_side": "yes"
        },
        {
            "trade_id": "947e8b3f-da45-4e1d-8194-419c85129d25",
            "ticker": "HIGHAUS-24OCT20-B87.5",
            "count": 75,
            "created_time": "2024-10-20T00:18:35.182541Z",
            "yes_price": 41,
            "no_price": 59,
            "taker_side": "no"
        },
        {
            "trade_id": "2344ad5f-5d67-404b-96cb-b5ff723b6234",
            "ticker": "HIGHAUS-24OCT20-B87.5",
            "count": 60,
            "created_time": "2024-10-20T00:18:24.888517Z",
            "yes_price": 40,
            "no_price": 60,
            "taker_side": "no"
        },
        {
            "trade_id": "d808a145-8229-478a-bd29-f4a50b18df47",
            "ticker": "HIGHAUS-24OCT20-B87.5",
            "count": 75,
            "created_time": "2024-10-20T00:18:14.934533Z",
            "yes_price": 39,
            "no_price": 61,
            "taker_side": "no"
        },
        {
            "trade_id": "9a5112fa-4cf1-4ec7-8ac8-110783230c92",
            "ticker": "HIGHAUS-24OCT20-B87.5",
            "count": 15,
            "created_time": "2024-10-20T00:18:00.489238Z",
            "yes_price": 38,
            "no_price": 62,
            "taker_side": "yes"
        },
        {
            "trade_id": "a2174fdf-5df5-4145-92db-f8379d2a5e8c",
            "ticker": "HIGHAUS-24OCT20-B87.5",
            "count": 9,
            "created_time": "2024-10-19T23:00:01.32016Z",
            "yes_price": 33,
            "no_price": 67,
            "taker_side": "yes"
        },
        {
            "trade_id": "8369a0d0-d0c0-4f13-a190-b68d834e2cc0",
            "ticker": "HIGHAUS-24OCT20-B87.5",
            "count": 150,
            "created_time": "2024-10-19T18:19:39.299292Z",
            "yes_price": 27,
            "no_price": 73,
            "taker_side": "yes"
        },
        {
            "trade_id": "6d6f04d8-c0f6-455f-a796-44c1cfd8867b",
            "ticker": "HIGHAUS-24OCT20-B87.5",
            "count": 150,
            "created_time": "2024-10-19T18:19:39.299292Z",
            "yes_price": 29,
            "no_price": 71,
            "taker_side": "yes"
        },
        {
            "trade_id": "2ea292e9-1c8b-44ba-bf56-bf7ea5be4fc7",
            "ticker": "HIGHAUS-24OCT20-B87.5",
            "count": 60,
            "created_time": "2024-10-19T18:19:39.299292Z",
            "yes_price": 25,
            "no_price": 75,
            "taker_side": "yes"
        }
    ],
    "HIGHAUS-24OCT20-B89.5": [
        {
            "trade_id": "ef4f9b48-7325-4b9f-8769-0cf68ed93a46",
            "ticker": "HIGHAUS-24OCT20-B89.5",
            "count": 19,
            "created_time": "2024-10-20T21:00:14.785634Z",
            "yes_price": 1,
            "no_price": 99,
            "taker_side": "no"
        },
        {
            "trade_id": "75ed367b-c50a-4ea2-a2bf-181a9eb01430",
            "ticker": "HIGHAUS-24OCT20-B89.5",
            "count": 13,
            "created_time": "2024-10-20T21:00:14.751656Z",
            "yes_price": 1,
            "no_price": 99,
            "taker_side": "no"
        },
        {
            "trade_id": "7b093dea-1be6-4ba2-a411-ba2b77105102",
            "ticker": "HIGHAUS-24OCT20-B89.5",
            "count": 8,
            "created_time": "2024-10-20T20:55:18.818539Z",
            "yes_price": 1,
            "no_price": 99,
            "taker_side": "no"
        },
        {
            "trade_id": "5a4f1166-ddf6-452c-a644-04ff221efb66",
            "ticker": "HIGHAUS-24OCT20-B89.5",
            "count": 5,
            "created_time": "2024-10-20T20:25:12.653117Z",
            "yes_price": 1,
            "no_price": 99,
            "taker_side": "no"
        },
        {
            "trade_id": "a3e75d3d-5909-49f7-a4d0-4af75d7e6ad7",
            "ticker": "HIGHAUS-24OCT20-B89.5",
            "count": 5,
            "created_time": "2024-10-20T19:29:23.147283Z",
            "yes_price": 1,
            "no_price": 99,
            "taker_side": "no"
        },
        {
            "trade_id": "aba495eb-824e-4fa7-8cbe-1b66719e96e4",
            "ticker": "HIGHAUS-24OCT20-B89.5",
            "count": 2,
            "created_time": "2024-10-20T17:00:41.947566Z",
            "yes_price": 17,
            "no_price": 83,
            "taker_side": "yes"
        },
        {
            "trade_id": "1a1683bd-56be-4a0f-a1a5-653b6bb4b666",
            "ticker": "HIGHAUS-24OCT20-B89.5",
            "count": 24,
            "created_time": "2024-10-20T17:00:41.947566Z",
            "yes_price": 18,
            "no_price": 82,
            "taker_side": "yes"
        },
        {
            "trade_id": "b15b906b-31ec-46d6-8eb1-38bea11ec810",
            "ticker": "HIGHAUS-24OCT20-B89.5",
            "count": 12,
            "created_time": "2024-10-20T12:56:43.985884Z",
            "yes_price": 6,
            "no_price": 94,
            "taker_side": "no"
        },
        {
            "trade_id": "7aa56c14-0744-4341-8239-3f2179481048",
            "ticker": "HIGHAUS-24OCT20-B89.5",
            "count": 12,
            "created_time": "2024-10-20T06:44:37.280499Z",
            "yes_price": 15,
            "no_price": 85,
            "taker_side": "no"
        },
        {
            "trade_id": "bf7698ff-ded5-46d7-b2d2-cc8d0731e02b",
            "ticker": "HIGHAUS-24OCT20-B89.5",
            "count": 150,
            "created_time": "2024-10-20T05:19:52.052136Z",
            "yes_price": 15,
            "no_price": 85,
            "taker_side": "yes"
        },
        {
            "trade_id": "6a32868f-828d-46fb-aa72-97d2163b2254",
            "ticker": "HIGHAUS-24OCT20-B89.5",
            "count": 90,
            "created_time": "2024-10-20T05:19:52.052136Z",
            "yes_price": 14,
            "no_price": 86,
            "taker_side": "yes"
        },
        {
            "trade_id": "067ec122-e946-42e7-a7de-65006f8ed195",
            "ticker": "HIGHAUS-24OCT20-B89.5",
            "count": 150,
            "created_time": "2024-10-20T05:19:52.052136Z",
            "yes_price": 16,
            "no_price": 84,
            "taker_side": "yes"
        },
        {
            "trade_id": "56e7f1b3-75dc-41e2-9528-12e668caf7c9",
            "ticker": "HIGHAUS-24OCT20-B89.5",
            "count": 20,
            "created_time": "2024-10-20T04:56:07.139294Z",
            "yes_price": 14,
            "no_price": 86,
            "taker_side": "yes"
        }
    ],
    "HIGHAUS-24OCT20-T90": [
        {
            "trade_id": "d1de4f6d-c8ba-4211-a604-c54a048c1b2d",
            "ticker": "HIGHAUS-24OCT20-T90",
            "count": 1,
            "created_time": "2024-10-20T21:17:15.731037Z",
            "yes_price": 10,
            "no_price": 90,
            "taker_side": "yes"
        },
        {
            "trade_id": "4b15a858-0566-45da-885c-6c91a41315c1",
            "ticker": "HIGHAUS-24OCT20-T90",
            "count": 13,
            "created_time": "2024-10-20T21:00:14.748774Z",
            "yes_price": 1,
            "no_price": 99,
            "taker_side": "no"
        },
        {
            "trade_id": "6fd5046c-2914-4c48-8f69-26e2f32008f9",
            "ticker": "HIGHAUS-24OCT20-T90",
            "count": 8,
            "created_time": "2024-10-20T20:55:18.856308Z",
            "yes_price": 1,
            "no_price": 99,
            "taker_side": "no"
        },
        {
            "trade_id": "a438482a-93b0-41f9-bc2d-3f169b2a1ce8",
            "ticker": "HIGHAUS-24OCT20-T90",
            "count": 3,
            "created_time": "2024-10-20T20:43:05.585382Z",
            "yes_price": 1,
            "no_price": 99,
            "taker_side": "no"
        },
        {
            "trade_id": "7b45bae8-e598-44ae-b9cf-5ee25694eac7",
            "ticker": "HIGHAUS-24OCT20-T90",
            "count": 5,
            "created_time": "2024-10-20T19:29:23.144978Z",
            "yes_price": 1,
            "no_price": 99,
            "taker_side": "no"
        },
        {
            "trade_id": "2aa38914-c2ee-40c8-b1f6-d0404a8e5f7e",
            "ticker": "HIGHAUS-24OCT20-T90",
            "count": 7,
            "created_time": "2024-10-20T17:17:19.878877Z",
            "yes_price": 1,
            "no_price": 99,
            "taker_side": "no"
        },
        {
            "trade_id": "07c9a052-88f5-4d86-92c0-466b23b43f71",
            "ticker": "HIGHAUS-24OCT20-T90",
            "count": 2,
            "created_time": "2024-10-20T17:00:42.020785Z",
            "yes_price": 1,
            "no_price": 99,
            "taker_side": "no"
        },
        {
            "trade_id": "e6c79fd2-7735-4b99-9bcd-df8eb66a234c",
            "ticker": "HIGHAUS-24OCT20-T90",
            "count": 12,
            "created_time": "2024-10-20T12:56:43.987646Z",
            "yes_price": 1,
            "no_price": 99,
            "taker_side": "no"
        }
    ]
}