{
    "KXHIGHAUS-24DEC21-T59": [
        {
            "trade_id": "87f0f732-a51d-4f38-86d1-35dafadb7f49",
            "ticker": "KXHIGHAUS-24DEC21-T59",
            "count": 1023,
            "created_time": "2024-12-21T19:35:05.881744Z",
            "yes_price": 1,
            "no_price": 99,
            "taker_side": "yes"
        },
        {
            "trade_id": "b4d44104-40f2-4167-a962-9cd46b21d199",
            "ticker": "KXHIGHAUS-24DEC21-T59",
            "count": 23,
            "created_time": "2024-12-21T18:35:37.369691Z",
            "yes_price": 4,
            "no_price": 96,
            "taker_side": "yes"
        },
        {
            "trade_id": "b5651f6a-4529-4429-9e59-0313e34f9ca7",
            "ticker": "KXHIGHAUS-24DEC21-T59",
            "count": 500,
            "created_time": "2024-12-21T18:32:59.102341Z",
            "yes_price": 2,
            "no_price": 98,
            "taker_side": "yes"
        },
        {
            "trade_id": "19fbf3e9-3704-40c2-a1c7-08985537c6d5",
            "ticker": "KXHIGHAUS-24DEC21-T59",
            "count": 500,
            "created_time": "2024-12-21T18:32:59.102341Z",
            "yes_price": 3,
            "no_price": 97,
            "taker_side": "yes"
        },
        {
            "trade_id": "aa5e84ff-8bd8-4f85-baaf-93ed44fff7a5",
            "ticker": "KXHIGHAUS-24DEC21-T59",
            "count": 250,
            "created_time": "2024-12-21T13:23:43.114723Z",
            "yes_price": 1,
            "no_price": 99,
            "taker_side": "yes"
        },
        {
            "trade_id": "740d6c00-92aa-4706-9c5e-028f381ac254",
            "ticker": "KXHIGHAUS-24DEC21-T59",
            "count": 93,
            "created_time": "2024-12-21T04:55:09.142599Z",
            "yes_price": 4,
            "no_price": 96,
            "taker_side": "yes"
        }
    ],
    "KXHIGHAUS-24DEC21-B59.5": [
        {
            "trade_id": "48acd18b-0c97-45c9-a2c6-d3692fb58f39",
            "ticker": "KXHIGHAUS-24DEC21-B59.5",
            "count": 900,
            "created_time": "2024-12-21T22:10:35.85965Z",
            "yes_price": 1,
            "no_price": 99,
            "taker_side": "yes"
        },
        {
            "trade_id": "5eeb3a42-4ff7-442c-b94c-b086442ca539",
            "ticker": "KXHIGHAUS-24DEC21-B59.5",
            "count": 10,
            "created_time": "2024-12-21T20:55:44.546331Z",
            "yes_price": 1,
            "no_price": 99,
            "taker_side": "yes"
        },
        {
            "trade_id": "34e6668d-730e-46f0-9e58-14169bf52fe4",
            "ticker": "KXHIGHAUS-24DEC21-B59.5",
            "count": 25,
            "created_time": "2024-12-21T19:33:33.738125Z",
            "yes_price": 1,
            "no_price": 99,
            "taker_side": "no"
        },
        {
            "trade_id": "85e23e45-61cd-4d21-8a6c-b7c6a16b7734",
            "ticker": "KXHIGHAUS-24DEC21-B59.5",
            "count": 370,
            "created_time": "2024-12-21T18:54:38.742194Z",
            "yes_price": 5,
            "no_price": 95,
            "taker_side": "no"
        },
        {
            "trade_id": "9ee75602-6d5f-4796-bdd5-2efe7d47d65d",
            "ticker": "KXHIGHAUS-24DEC21-B59.5",
            "count": 44,
            "created_time": "2024-12-21T18:54:28.429281Z",
            "yes_price": 5,
            "no_price": 95,
            "taker_side": "no"
        },
        {
            "trade_id": "18086fa6-d382-4005-aaa3-0a6df25ef5c2",
            "ticker": "KXHIGHAUS-24DEC21-B59.5",
            "count": 1,
            "created_time": "2024-12-21T18:51:57.879164Z",
            "yes_price": 13,
            "no_price": 87,
            "taker_side": "yes"
        },
        {
            "trade_id": "9bc2f0c7-bc13-499b-b0de-ff8ba1400bc2",
            "ticker": "KXHIGHAUS-24DEC21-B59.5",
            "count": 1,
            "created_time": "2024-12-21T18:51:46.981197Z",
            "yes_price": 5,
            "no_price": 95,
            "taker_side": "no"
        },
        {
            "trade_id": "0a8844bb-90fd-4b3c-aaa5-999b2ce876dd",
            "ticker": "KXHIGHAUS-24DEC21-B59.5",
            "count": 1,
            "created_time": "2024-12-21T18:51:41.517177Z",
            "yes_price": 13,
            "no_price": 87,
            "taker_side": "yes"
        },
        {
            "trade_id": "18cd5a90-cb2e-4746-93db-d63ce54a5d6a",
            "ticker": "KXHIGHAUS-24DEC21-B59.5",
            "count": 10,
            "created_time": "2024-12-21T18:42:11.639822Z",
            "yes_price": 6,
            "no_price": 94,
            "taker_side": "no"
        },
        {
            "trade_id": "cdb5ba83-44d2-4a6d-bb6f-3b096e416a6f",
            "ticker": "KXHIGHAUS-24DEC21-B59.5",
            "count": 82,
            "created_time": "2024-12-21T18:37:32.734047Z",
            "yes_price": 10,
            "no_price": 90,
            "taker_side": "yes"
        },
        {
            "trade_id": "857ddc47-e9bd-4498-9668-8aadb834d02d",
            "ticker": "KXHIGHAUS-24DEC21-B59.5",
            "count": 12,
            "created_time": "2024-12-21T18:37:32.734047Z",
            "yes_price": 10,
            "no_price": 90,
            "taker_side": "yes"
        },
        {
            "trade_id": "34519376-20bc-42c3-aa5a-8608a55962e8",
            "ticker": "KXHIGHAUS-24DEC21-B59.5",
            "count": 12,
            "created_time": "2024-12-21T18:37:32.734047Z",
            "yes_price": 10,
            "no_price": 90,
            "taker_side": "yes"
        },
        {
            "trade_id": "342f174a-5648-4e4d-afee-69c2161a02e1",
            "ticker": "KXHIGHAUS-24DEC21-B59.5",
            "count": 12,
            "created_time": "2024-12-21T18:37:32.734047Z",
            "yes_price": 10,
            "no_price": 90,
            "taker_side": "yes"
        },
        {
            "trade_id": "ef84b408-8baa-4676-8920-62ff8beea61f",
            "ticker": "KXHIGHAUS-24DEC21-B59.5",
            "count": 18,
            "created_time": "2024-12-21T18:35:31.404439Z",
            "yes_price": 10,
            "no_price": 90,
            "taker_side": "yes"
        },
        {
            "trade_id": "529a3234-a187-4881-a28e-c7b3c877cecd",
            "ticker": "KXHIGHAUS-24DEC21-B59.5",
            "count": 900,
            "created_time": "2024-12-21T18:32:43.938405Z",
            "yes_price": 9,
            "no_price": 91,
            "taker_side": "yes"
        },
        {
            "trade_id": "362b2dfb-f7ed-4f2b-9041-90cb8a82a280",
            "ticker": "KXHIGHAUS-24DEC21-B59.5",
            "count": 254,
            "created_time": "2024-12-21T18:09:18.719892Z",
            "yes_price": 1,
            "no_price": 99,
            "taker_side": "no"
        },
        {
            "trade_id": "f239622f-10ee-4b87-9a8d-18b326f5a46a",
            "ticker": "KXHIGHAUS-24DEC21-B59.5",
            "count": 134,
            "created_time": "2024-12-21T18:09:01.174018Z",
            "yes_price": 1,
            "no_price": 99,
            "taker_side": "no"
        },
        {
            "trade_id": "2d7a39b2-1097-4cfe-ba1c-1ce1e86a8af9",
            "ticker": "KXHIGHAUS-24DEC21-B59.5",
            "count": 66,
            "created_time": "2024-12-21T18:09:01.174018Z",
            "yes_price": 2,
            "no_price": 98,
            "taker_side": "no"
        },
        {
            "trade_id": "8c49b947-b589-4488-9fb9-d730b3d5e974",
            "ticker": "KXHIGHAUS-24DEC21-B59.5",
            "count": 50,
            "created_time": "2024-12-21T18:08:37.115505Z",
            "yes_price": 2,
            "no_price": 98,
            "taker_side": "no"
        },
        {
            "trade_id": "9e2ceeff-6924-4722-9894-e000bab82f3d",
            "ticker": "KXHIGHAUS-24DEC21-B59.5",
            "count": 250,
            "created_time": "2024-12-21T17:53:14.054711Z",
            "yes_price": 1,
            "no_price": 99,
            "taker_side": "no"
        },
        {
            "trade_id": "a685be4c-d6d1-46ee-9401-3aa1a01f8ebc",
            "ticker": "KXHIGHAUS-24DEC21-B59.5",
            "count": 38,
            "created_time": "2024-12-21T17:49:19.804704Z",
            "yes_price": 2,
            "no_price": 98,
            "taker_side": "no"
        },
        {
            "trade_id": "46a9eaa5-5357-4435-8487-f7e8772d3e4a",
            "ticker": "KXHIGHAUS-24DEC21-B59.5",
            "count": 112,
            "created_time": "2024-12-21T17:49:19.804704Z",
            "yes_price": 1,
            "no_price": 99,
            "taker_side": "no"
        },
        {
            "trade_id": "dc70fbfb-7bd8-49c1-b1f4-8566560af928",
            "ticker": "KXHIGHAUS-24DEC21-B59.5",
            "count": 100,
            "created_time": "2024-12-21T17:48:47.546964Z",
            "yes_price": 2,
            "no_price": 98,
            "taker_side": "no"
        },
        {
            "trade_id": "aa503c03-aa33-4ad9-bfe1-56cff59f6190",
            "ticker": "KXHIGHAUS-24DEC21-B59.5",
            "count": 24,
            "created_time": "2024-12-21T17:46:27.66425Z",
            "yes_price": 2,
            "no_price": 98,
            "taker_side": "no"
        },
        {
            "trade_id": "ff374982-ade2-4a8a-bb4c-0ca7ed46b13d",
            "ticker": "KXHIGHAUS-24DEC21-B59.5",
            "count": 15,
            "created_time": "2024-12-21T17:44:30.601436Z",
            "yes_price": 2,
            "no_price": 98,
            "taker_side": "no"
        },
        {
            "trade_id": "486223d3-65a8-4d88-ad49-3146acbe61b0",
            "ticker": "KXHIGHAUS-24DEC21-B59.5",
            "count": 7,
            "created_time": "2024-12-21T17:38:04.30497Z",
            "yes_price": 2,
            "no_price": 98,
            "taker_side": "no"
        },
        {
            "trade_id": "e73b2495-5bf7-455d-af78-e0164074f8c1",
            "ticker": "KXHIGHAUS-24DEC21-B59.5",
            "count": 5,
            "created_time": "2024-12-21T16:32:42.760117Z",
            "yes_price": 2,
            "no_price": 98,
            "taker_side": "no"
        },
        {
            "trade_id": "f7f545ea-b56f-4a87-ba5e-6a75698e08b8",
            "ticker": "KXHIGHAUS-24DEC21-B59.5",
            "count": 169,
            "created_time": "2024-12-21T15:40:09.522143Z",
            "yes_price": 3,
            "no_price": 97,
            "taker_side": "no"
        },
        {
            "trade_id": "6d35f29f-ade6-418a-8ae5-b1e4823b587b",
            "ticker": "KXHIGHAUS-24DEC21-B59.5",
            "count": 105,
            "created_time": "2024-12-21T15:39:45.771486Z",
            "yes_price": 5,
            "no_price": 95,
            "taker_side": "no"
        },
        {
            "trade_id": "cdd0fd0e-4bfe-42db-a22e-21ba58c6e47f",
            "ticker": "KXHIGHAUS-24DEC21-B59.5",
            "count": 105,
            "created_time": "2024-12-21T15:39:45.724161Z",
            "yes_price": 5,
            "no_price": 95,
            "taker_side": "no"
        },
        {
            "trade_id": "6cc7570e-4b94-4c7d-baf4-c82370bb795a",
            "ticker": "KXHIGHAUS-24DEC21-B59.5",
            "count": 30,
            "created_time": "2024-12-21T15:39:45.538389Z",
            "yes_price": 2,
            "no_price": 98,
            "taker_side": "yes"
        },
        {
            "trade_id": "c9c9f778-a08a-4313-90fe-888bca9746f7",
            "ticker": "KXHIGHAUS-24DEC21-B59.5",
            "count": 240,
            "created_time": "2024-12-21T15:39:39.972476Z",
            "yes_price": 2,
            "no_price": 98,
            "taker_side": "yes"
        },
        {
            "trade_id": "a2e54d51-1413-4547-a545-7f13a0d3f4dd",
            "ticker": "KXHIGHAUS-24DEC21-B59.5",
            "count": 240,
            "created_time": "2024-12-21T15:39:39.891358Z",
            "yes_price": 2,
            "no_price": 98,
            "taker_side": "yes"
        },
        {
            "trade_id": "0132b243-2cbd-4415-adb5-270b9312da62",
            "ticker": "KXHIGHAUS-24DEC21-B59.5",
            "count": 240,
            "created_time": "2024-12-21T15:39:39.830685Z",
            "yes_price": 2,
            "no_price": 98,
            "taker_side": "yes"
        },
        {
            "trade_id": "a7468dc2-a3a5-4ecb-82c8-6772bab1d103",
            "ticker": "KXHIGHAUS-24DEC21-B59.5",
            "count": 183,
            "created_time": "2024-12-21T15:10:50.748658Z",
            "yes_price": 1,
            "no_price": 99,
            "taker_side": "no"
        },
        {
            "trade_id": "5d03a7ab-d595-4608-97d0-93a69efc347b",
            "ticker": "KXHIGHAUS-24DEC21-B59.5",
            "count": 250,
            "created_time": "2024-12-21T15:10:50.748658Z",
            "yes_price": 1,
            "no_price": 99,
            "taker_side": "no"
        },
        {
            "trade_id": "ffc06d94-791d-463f-a39d-3b25ce8434fb",
            "ticker": "KXHIGHAUS-24DEC21-B59.5",
            "count": 22,
            "created_time": "2024-12-21T14:54:03.269954Z",
            "yes_price": 1,
            "no_price": 99,
            "taker_side": "no"
        },
        {
            "trade_id": "a87ee2d1-4a1a-4efe-9cdb-2f82c40809a6",
            "ticker": "KXHIGHAUS-24DEC21-B59.5",
            "count": 50,
            "created_time": "2024-12-21T14:50:42.139459Z",
            "yes_price": 1,
            "no_price": 99,
            "taker_side": "no"
        },
        {
            "trade_id": "124dfda6-23bf-4837-a444-7b865cc536e5",
            "ticker": "KXHIGHAUS-24DEC21-B59.5",
            "count": 20,
            "created_time": "2024-12-21T14:41:47.841441Z",
            "yes_price": 1,
            "no_price": 99,
            "taker_side": "no"
        },
        {
            "trade_id": "eeac7cc2-9808-41c6-a7c4-637aae714c21",
            "ticker": "KXHIGHAUS-24DEC21-B59.5",
            "count": 25,
            "created_time": "2024-12-21T14:39:51.922275Z",
            "yes_price": 1,
            "no_price": 99,
            "taker_side": "no"
        },
        {
            "trade_id": "63d08ed7-2fc2-4727-85cb-3eda5272df85",
            "ticker": "KXHIGHAUS-24DEC21-B59.5",
            "count": 150,
            "created_time": "2024-12-21T14:32:19.273058Z",
            "yes_price": 2,
            "no_price": 98,
            "taker_side": "yes"
        },
        {
            "trade_id": "636d3be5-3769-477a-8d55-d7bb78326719",
            "ticker": "KXHIGHAUS-24DEC21-B59.5",
            "count": 100,
            "created_time": "2024-12-21T14:12:23.151676Z",
            "yes_price": 2,
            "no_price": 98,
            "taker_side": "yes"
        },
        {
            "trade_id": "15f56abf-77d0-4912-bd4a-9ecceba52fd2",
            "ticker": "KXHIGHAUS-24DEC21-B59.5",
            "count": 50,
            "created_time": "2024-12-21T13:38:31.080434Z",
            "yes_price": 3,
            "no_price": 97,
            "taker_side": "no"
        },
        {
            "trade_id": "bf16ef70-a22b-485d-9006-29aff287b404",
            "ticker": "KXHIGHAUS-24DEC21-B59.5",
            "count": 200,
            "created_time": "2024-12-21T13:27:40.044636Z",
            "yes_price": 7,
            "no_price": 93,
            "taker_side": "yes"
        },
        {
            "trade_id": "ad883f16-f4eb-4482-9d54-93a8401ce3e2",
            "ticker": "KXHIGHAUS-24DEC21-B59.5",
            "count": 139,
            "created_time": "2024-12-21T13:27:40.044636Z",
            "yes_price": 6,
            "no_price": 94,
            "taker_side": "yes"
        },
        {
            "trade_id": "809b3bac-6fd0-4bcd-9230-79bd302f8dee",
            "ticker": "KXHIGHAUS-24DEC21-B59.5",
            "count": 14,
            "created_time": "2024-12-21T13:27:40.044636Z",
            "yes_price": 8,
            "no_price": 92,
            "taker_side": "yes"
        },
        {
            "trade_id": "3e93fdd6-0c5b-4846-b62b-591dbe709fe8",
            "ticker": "KXHIGHAUS-24DEC21-B59.5",
            "count": 40,
            "created_time": "2024-12-21T13:27:40.044636Z",
            "yes_price": 7,
            "no_price": 93,
            "taker_side": "yes"
        },
        {
            "trade_id": "fc349af3-2a23-4928-bc58-492c28dd5ec0",
            "ticker": "KXHIGHAUS-24DEC21-B59.5",
            "count": 77,
            "created_time": "2024-12-21T13:17:42.038237Z",
            "yes_price": 7,
            "no_price": 93,
            "taker_side": "yes"
        },
        {
            "trade_id": "bb67bd28-d7ea-4697-8430-af6654ba08fa",
            "ticker": "KXHIGHAUS-24DEC21-B59.5",
            "count": 123,
            "created_time": "2024-12-21T13:17:42.038237Z",
            "yes_price": 7,
            "no_price": 93,
            "taker_side": "yes"
        },
        {
            "trade_id": "a547e67a-5120-467d-b28a-69fb0c8d2508",
            "ticker": "KXHIGHAUS-24DEC21-B59.5",
            "count": 100,
            "created_time": "2024-12-21T13:17:42.038237Z",
            "yes_price": 8,
            "no_price": 92,
            "taker_side": "yes"
        },
        {
            "trade_id": "7ebb7c7a-0a73-492d-8914-522a66f349bf",
            "ticker": "KXHIGHAUS-24DEC21-B59.5",
            "count": 18,
            "created_time": "2024-12-21T13:17:42.038237Z",
            "yes_price": 8,
            "no_price": 92,
            "taker_side": "yes"
        },
        {
            "trade_id": "ed92e1b1-f79e-4ffd-8acc-ee319de3f72e",
            "ticker": "KXHIGHAUS-24DEC21-B59.5",
            "count": 200,
            "created_time": "2024-12-21T13:17:13.627793Z",
            "yes_price": 6,
            "no_price": 94,
            "taker_side": "yes"
        },
        {
            "trade_id": "8b1794a0-edfd-4ed3-b117-a6dbff9a4637",
            "ticker": "KXHIGHAUS-24DEC21-B59.5",
            "count": 163,
            "created_time": "2024-12-21T13:17:13.627793Z",
            "yes_price": 7,
            "no_price": 93,
            "taker_side": "yes"
        },
        {
            "trade_id": "fb5b4ec6-9f70-497b-abdc-04faf9963cf8",
            "ticker": "KXHIGHAUS-24DEC21-B59.5",
            "count": 100,
            "created_time": "2024-12-21T06:14:27.865221Z",
            "yes_price": 2,
            "no_price": 98,
            "taker_side": "no"
        },
        {
            "trade_id": "90c537b6-576d-4ab9-ba70-77aaff392bb5",
            "ticker": "KXHIGHAUS-24DEC21-B59.5",
            "count": 150,
            "created_time": "2024-12-21T06:14:27.865221Z",
            "yes_price": 3,
            "no_price": 97,
            "taker_side": "no"
        },
        {
            "trade_id": "10aacbdd-968a-4dd3-a66c-0229a478d61b",
            "ticker": "KXHIGHAUS-24DEC21-B59.5",
            "count": 47,
            "created_time": "2024-12-21T06:14:27.865221Z",
            "yes_price": 4,
            "no_price": 96,
            "taker_side": "no"
        },
        {
            "trade_id": "5588b331-ba3f-44e1-916d-6c752ac02bdc",
            "ticker": "KXHIGHAUS-24DEC21-B59.5",
            "count": 103,
            "created_time": "2024-12-21T06:00:53.875621Z",
            "yes_price": 4,
            "no_price": 96,
            "taker_side": "no"
        },
        {
            "trade_id": "e198dea6-0de6-4057-a63c-f98bd76c04db",
            "ticker": "KXHIGHAUS-24DEC21-B59.5",
            "count": 7,
            "created_time": "2024-12-21T04:54:56.649825Z",
            "yes_price": 7,
            "no_price": 93,
            "taker_side": "yes"
        },
        {
            "trade_id": "4e8223ba-d92a-4289-85f7-b1f4b9251a09",
            "ticker": "KXHIGHAUS-24DEC21-B59.5",
            "count": 100,
            "created_time": "2024-12-21T04:54:56.649825Z",
            "yes_price": 7,
            "no_price": 93,
            "taker_side": "yes"
        },
        {
            "trade_id": "5853275a-1d3a-4155-bbd8-0f82d177bb6b",
            "ticker": "KXHIGHAUS-24DEC21-B59.5",
            "count": 30,
            "created_time": "2024-12-21T04:39:05.569988Z",
            "yes_price": 3,
            "no_price": 97,
            "taker_side": "no"
        },
        {
            "trade_id": "c71c31db-ba05-48cd-a49b-efebb39e6b54",
            "ticker": "KXHIGHAUS-24DEC21-B59.5",
            "count": 82,
            "created_time": "2024-12-21T03:09:48.348585Z",
            "yes_price": 6,
            "no_price": 94,
            "taker_side": "yes"
        },
        {
            "trade_id": "0fabf99c-7313-4d96-90b5-30e1caf8f28d",
            "ticker": "KXHIGHAUS-24DEC21-B59.5",
            "count": 151,
            "created_time": "2024-12-21T03:09:48.348585Z",
            "yes_price": 6,
            "no_price": 94,
            "taker_side": "yes"
        },
        {
            "trade_id": "227440b5-3108-41c0-b766-d14b4fcba20d",
            "ticker": "KXHIGHAUS-24DEC21-B59.5",
            "count": 97,
            "created_time": "2024-12-21T03:07:45.373781Z",
            "yes_price": 8,
            "no_price": 92,
            "taker_side": "no"
        },
        {
            "trade_id": "7c59b1f5-1c3a-49d9-833d-a0cef602a70f",
            "ticker": "KXHIGHAUS-24DEC21-B59.5",
            "count": 40,
            "created_time": "2024-12-21T03:07:31.768577Z",
            "yes_price": 8,
            "no_price": 92,
            "taker_side": "no"
        },
        {
            "trade_id": "2b46f25e-6ea8-4069-b7dd-2e6ee4020a78",
            "ticker": "KXHIGHAUS-24DEC21-B59.5",
            "count": 40,
            "created_time": "2024-12-21T03:07:31.695763Z",
            "yes_price": 8,
            "no_price": 92,
            "taker_side": "no"
        },
        {
            "trade_id": "de922fef-d37a-4a74-b8eb-7866392cb74f",
            "ticker": "KXHIGHAUS-24DEC21-B59.5",
            "count": 100,
            "created_time": "2024-12-21T03:07:31.578645Z",
            "yes_price": 8,
            "no_price": 92,
            "taker_side": "yes"
        },
        {
            "trade_id": "da29875e-0f52-4963-9b26-811123468add",
            "ticker": "KXHIGHAUS-24DEC21-B59.5",
            "count": 103,
            "created_time": "2024-12-21T03:07:31.578645Z",
            "yes_price": 6,
            "no_price": 94,
            "taker_side": "yes"
        },
        {
            "trade_id": "cd72995b-a6b2-4dd6-8f97-e2a4de5cbd72",
            "ticker": "KXHIGHAUS-24DEC21-B59.5",
            "count": 40,
            "created_time": "2024-12-21T03:07:31.578645Z",
            "yes_price": 8,
            "no_price": 92,
            "taker_side": "yes"
        },
        {
            "trade_id": "cbc6656b-1168-4316-a08f-1b2df4782a3e",
            "ticker": "KXHIGHAUS-24DEC21-B59.5",
            "count": 40,
            "created_time": "2024-12-21T03:07:31.578645Z",
            "yes_price": 7,
            "no_price": 93,
            "taker_side": "yes"
        },
        {
            "trade_id": "52af8608-7c37-4adc-af42-fa230f2887cd",
            "ticker": "KXHIGHAUS-24DEC21-B59.5",
            "count": 200,
            "created_time": "2024-12-21T03:07:31.578645Z",
            "yes_price": 6,
            "no_price": 94,
            "taker_side": "yes"
        },
        {
            "trade_id": "47be01bb-4afb-4c7f-b39d-a81045eb8efc",
            "ticker": "KXHIGHAUS-24DEC21-B59.5",
            "count": 100,
            "created_time": "2024-12-21T03:07:31.578645Z",
            "yes_price": 8,
            "no_price": 92,
            "taker_side": "yes"
        },
        {
            "trade_id": "431ebb03-af14-4c5b-8a16-5352dbf651b1",
            "ticker": "KXHIGHAUS-24DEC21-B59.5",
            "count": 100,
            "created_time": "2024-12-21T03:07:31.578645Z",
            "yes_price": 7,
            "no_price": 93,
            "taker_side": "yes"
        },
        {
            "trade_id": "3a170f78-ba59-429c-a46d-4b0e7a0df19c",
            "ticker": "KXHIGHAUS-24DEC21-B59.5",
            "count": 40,
            "created_time": "2024-12-21T03:07:31.578645Z",
            "yes_price": 6,
            "no_price": 94,
            "taker_side": "yes"
        },
        {
            "trade_id": "243338aa-6d01-48ee-b468-889ae450b011",
            "ticker": "KXHIGHAUS-24DEC21-B59.5",
            "count": 100,
            "created_time": "2024-12-21T03:07:31.578645Z",
            "yes_price": 7,
            "no_price": 93,
            "taker_side": "yes"
        },
        {
            "trade_id": "feafecf5-ac33-4eaa-8584-bcce58a474af",
            "ticker": "KXHIGHAUS-24DEC21-B59.5",
            "count": 5,
            "created_time": "2024-12-21T03:03:29.750052Z",
            "yes_price": 3,
            "no_price": 97,
            "taker_side": "no"
        },
        {
            "trade_id": "8dd7a041-d8be-442f-943f-008d1e0fa52f",
            "ticker": "KXHIGHAUS-24DEC21-B59.5",
            "count": 10,
            "created_time": "2024-12-20T16:52:44.005729Z",
            "yes_price": 4,
            "no_price": 96,
            "taker_side": "no"
        }
    ],
    "KXHIGHAUS-24DEC21-B61.5": [
        {
            "trade_id": "e74aad2c-03d6-4e38-bc34-69ad4058409b",
            "ticker": "KXHIGHAUS-24DEC21-B61.5",
            "count": 82,
            "created_time": "2024-12-22T02:05:47.067408Z",
            "yes_price": 1,
            "no_price": 99,
            "taker_side": "yes"
        },
        {
            "trade_id": "c6a28e59-a528-4d48-a955-fb303c447798",
            "ticker": "KXHIGHAUS-24DEC21-B61.5",
            "count": 1000,
            "created_time": "2024-12-21T22:28:10.448265Z",
            "yes_price": 1,
            "no_price": 99,
            "taker_side": "yes"
        },
        {
            "trade_id": "b5afca05-87c9-4176-82d6-b5e41bec239d",
            "ticker": "KXHIGHAUS-24DEC21-B61.5",
            "count": 298,
            "created_time": "2024-12-21T22:10:43.536359Z",
            "yes_price": 1,
            "no_price": 99,
            "taker_side": "yes"
        },
        {
            "trade_id": "35c495fa-e161-4bbd-988b-2afda7d98f2c",
            "ticker": "KXHIGHAUS-24DEC21-B61.5",
            "count": 1402,
            "created_time": "2024-12-21T21:16:26.669904Z",
            "yes_price": 1,
            "no_price": 99,
            "taker_side": "yes"
        },
        {
            "trade_id": "23c7c5a6-5e97-4b4a-a88b-714e8b028ce4",
            "ticker": "KXHIGHAUS-24DEC21-B61.5",
            "count": 17,
            "created_time": "2024-12-21T21:13:29.087235Z",
            "yes_price": 1,
            "no_price": 99,
            "taker_side": "yes"
        },
        {
            "trade_id": "157d6706-54b4-41aa-89f8-ed5ee3479055",
            "ticker": "KXHIGHAUS-24DEC21-B61.5",
            "count": 10,
            "created_time": "2024-12-21T20:56:36.612455Z",
            "yes_price": 1,
            "no_price": 99,
            "taker_side": "yes"
        },
        {
            "trade_id": "2e8e8685-7ab1-46cf-9aa1-60eb10ee6e10",
            "ticker": "KXHIGHAUS-24DEC21-B61.5",
            "count": 500,
            "created_time": "2024-12-21T20:56:34.562744Z",
            "yes_price": 1,
            "no_price": 99,
            "taker_side": "yes"
        },
        {
            "trade_id": "e01ff01a-e14f-4c22-9c37-3d923f6d49b1",
            "ticker": "KXHIGHAUS-24DEC21-B61.5",
            "count": 5,
            "created_time": "2024-12-21T20:56:10.49488Z",
            "yes_price": 1,
            "no_price": 99,
            "taker_side": "yes"
        },
        {
            "trade_id": "ff0ec8e1-de16-4618-b0a5-6a28e7d83d82",
            "ticker": "KXHIGHAUS-24DEC21-B61.5",
            "count": 100,
            "created_time": "2024-12-21T20:55:42.025196Z",
            "yes_price": 8,
            "no_price": 92,
            "taker_side": "no"
        },
        {
            "trade_id": "fee2ef4e-8349-41c5-9def-45043980d255",
            "ticker": "KXHIGHAUS-24DEC21-B61.5",
            "count": 25,
            "created_time": "2024-12-21T20:55:42.025196Z",
            "yes_price": 8,
            "no_price": 92,
            "taker_side": "no"
        },
        {
            "trade_id": "f659e826-0990-4acc-9c43-1d1d4b8cdaa0",
            "ticker": "KXHIGHAUS-24DEC21-B61.5",
            "count": 50,
            "created_time": "2024-12-21T20:55:42.025196Z",
            "yes_price": 2,
            "no_price": 98,
            "taker_side": "no"
        },
        {
            "trade_id": "dcd770c4-152f-4a69-a990-6a3cb57ed7e5",
            "ticker": "KXHIGHAUS-24DEC21-B61.5",
            "count": 50,
            "created_time": "2024-12-21T20:55:42.025196Z",
            "yes_price": 4,
            "no_price": 96,
            "taker_side": "no"
        },
        {
            "trade_id": "d1eb6cbf-f502-4986-9038-3df613034e6d",
            "ticker": "KXHIGHAUS-24DEC21-B61.5",
            "count": 50,
            "created_time": "2024-12-21T20:55:42.025196Z",
            "yes_price": 2,
            "no_price": 98,
            "taker_side": "no"
        },
        {
            "trade_id": "b7f593e0-534b-4611-b887-172e6dbfb9e9",
            "ticker": "KXHIGHAUS-24DEC21-B61.5",
            "count": 50,
            "created_time": "2024-12-21T20:55:42.025196Z",
            "yes_price": 1,
            "no_price": 99,
            "taker_side": "no"
        },
        {
            "trade_id": "7c4a0337-3f6a-437a-812c-9c8213538fba",
            "ticker": "KXHIGHAUS-24DEC21-B61.5",
            "count": 150,
            "created_time": "2024-12-21T20:55:42.025196Z",
            "yes_price": 1,
            "no_price": 99,
            "taker_side": "no"
        },
        {
            "trade_id": "671d0dcd-9d53-4c60-939c-2a50fddb9690",
            "ticker": "KXHIGHAUS-24DEC21-B61.5",
            "count": 49,
            "created_time": "2024-12-21T20:55:42.025196Z",
            "yes_price": 5,
            "no_price": 95,
            "taker_side": "no"
        },
        {
            "trade_id": "631405a5-40d9-41a9-8b28-c88332f51b14",
            "ticker": "KXHIGHAUS-24DEC21-B61.5",
            "count": 50,
            "created_time": "2024-12-21T20:55:42.025196Z",
            "yes_price": 3,
            "no_price": 97,
            "taker_side": "no"
        },
        {
            "trade_id": "4bf0ff2d-2750-4e0a-b879-54c0fa86b8ca",
            "ticker": "KXHIGHAUS-24DEC21-B61.5",
            "count": 50,
            "created_time": "2024-12-21T20:55:42.025196Z",
            "yes_price": 5,
            "no_price": 95,
            "taker_side": "no"
        },
        {
            "trade_id": "2be64d35-201e-400f-a857-b5f9d647b6a2",
            "ticker": "KXHIGHAUS-24DEC21-B61.5",
            "count": 50,
            "created_time": "2024-12-21T20:55:42.025196Z",
            "yes_price": 2,
            "no_price": 98,
            "taker_side": "no"
        },
        {
            "trade_id": "2a141b9a-64bf-4017-b61c-926ad65dc68d",
            "ticker": "KXHIGHAUS-24DEC21-B61.5",
            "count": 150,
            "created_time": "2024-12-21T20:55:42.025196Z",
            "yes_price": 1,
            "no_price": 99,
            "taker_side": "no"
        },
        {
            "trade_id": "2327827f-77bf-44da-a412-0109f5d5c79d",
            "ticker": "KXHIGHAUS-24DEC21-B61.5",
            "count": 1,
            "created_time": "2024-12-21T20:55:42.025196Z",
            "yes_price": 1,
            "no_price": 99,
            "taker_side": "no"
        },
        {
            "trade_id": "10821d7c-87dd-4f57-8394-782875c68570",
            "ticker": "KXHIGHAUS-24DEC21-B61.5",
            "count": 50,
            "created_time": "2024-12-21T20:55:42.025196Z",
            "yes_price": 5,
            "no_price": 95,
            "taker_side": "no"
        },
        {
            "trade_id": "ddc359dc-bb03-467d-9e1d-0313c4b91d52",
            "ticker": "KXHIGHAUS-24DEC21-B61.5",
            "count": 13,
            "created_time": "2024-12-21T20:48:14.963119Z",
            "yes_price": 22,
            "no_price": 78,
            "taker_side": "yes"
        },
        {
            "trade_id": "0bfba357-b2fb-4860-addd-f33226215a65",
            "ticker": "KXHIGHAUS-24DEC21-B61.5",
            "count": 19,
            "created_time": "2024-12-21T20:48:14.963119Z",
            "yes_price": 24,
            "no_price": 76,
            "taker_side": "yes"
        },
        {
            "trade_id": "facb3872-1e53-48b9-b36a-342ad7efddfc",
            "ticker": "KXHIGHAUS-24DEC21-B61.5",
            "count": 13,
            "created_time": "2024-12-21T20:46:25.275241Z",
            "yes_price": 19,
            "no_price": 81,
            "taker_side": "yes"
        },
        {
            "trade_id": "e0d1c2bd-abbb-4d6e-8c01-45cf719618cd",
            "ticker": "KXHIGHAUS-24DEC21-B61.5",
            "count": 3,
            "created_time": "2024-12-21T20:46:25.275241Z",
            "yes_price": 26,
            "no_price": 74,
            "taker_side": "yes"
        },
        {
            "trade_id": "53f4bbbb-bf23-43c3-878f-2cea5891ca58",
            "ticker": "KXHIGHAUS-24DEC21-B61.5",
            "count": 8,
            "created_time": "2024-12-21T20:46:25.275241Z",
            "yes_price": 19,
            "no_price": 81,
            "taker_side": "yes"
        },
        {
            "trade_id": "385c3a9c-3a17-47b1-a4e2-9fd9ff6a9c2e",
            "ticker": "KXHIGHAUS-24DEC21-B61.5",
            "count": 11,
            "created_time": "2024-12-21T20:45:14.895012Z",
            "yes_price": 16,
            "no_price": 84,
            "taker_side": "no"
        },
        {
            "trade_id": "6293d942-7157-4400-b8a6-cb4c6a1df736",
            "ticker": "KXHIGHAUS-24DEC21-B61.5",
            "count": 1,
            "created_time": "2024-12-21T20:45:10.403023Z",
            "yes_price": 20,
            "no_price": 80,
            "taker_side": "yes"
        },
        {
            "trade_id": "c55644f1-aeb5-4ae8-b772-8ecb7c991b68",
            "ticker": "KXHIGHAUS-24DEC21-B61.5",
            "count": 8,
            "created_time": "2024-12-21T20:44:36.274283Z",
            "yes_price": 17,
            "no_price": 83,
            "taker_side": "no"
        },
        {
            "trade_id": "c449961b-d0c2-4195-ab20-2d87941a79e4",
            "ticker": "KXHIGHAUS-24DEC21-B61.5",
            "count": 14,
            "created_time": "2024-12-21T20:42:57.044429Z",
            "yes_price": 16,
            "no_price": 84,
            "taker_side": "no"
        },
        {
            "trade_id": "bb3c5ffb-f054-4cb7-bbde-c39efaeffe46",
            "ticker": "KXHIGHAUS-24DEC21-B61.5",
            "count": 18,
            "created_time": "2024-12-21T20:42:57.044429Z",
            "yes_price": 15,
            "no_price": 85,
            "taker_side": "no"
        },
        {
            "trade_id": "9a82f9de-8a68-47ef-87fc-214daf5b1e65",
            "ticker": "KXHIGHAUS-24DEC21-B61.5",
            "count": 1,
            "created_time": "2024-12-21T20:42:57.044429Z",
            "yes_price": 5,
            "no_price": 95,
            "taker_side": "no"
        },
        {
            "trade_id": "90274268-e154-444c-ab73-f8ba2cca381a",
            "ticker": "KXHIGHAUS-24DEC21-B61.5",
            "count": 15,
            "created_time": "2024-12-21T20:42:57.044429Z",
            "yes_price": 6,
            "no_price": 94,
            "taker_side": "no"
        },
        {
            "trade_id": "3e78eed1-6600-4ef0-92ff-f27cbebd3b3f",
            "ticker": "KXHIGHAUS-24DEC21-B61.5",
            "count": 78,
            "created_time": "2024-12-21T20:42:57.044429Z",
            "yes_price": 6,
            "no_price": 94,
            "taker_side": "no"
        },
        {
            "trade_id": "3881116f-59ed-48fc-bf2b-62eae28d1ac6",
            "ticker": "KXHIGHAUS-24DEC21-B61.5",
            "count": 50,
            "created_time": "2024-12-21T20:42:57.044429Z",
            "yes_price": 6,
            "no_price": 94,
            "taker_side": "no"
        },
        {
            "trade_id": "bc8ec0d0-50e0-4fa9-ad13-5de908301982",
            "ticker": "KXHIGHAUS-24DEC21-B61.5",
            "count": 187,
            "created_time": "2024-12-21T20:42:54.023474Z",
            "yes_price": 17,
            "no_price": 83,
            "taker_side": "no"
        },
        {
            "trade_id": "b206874c-0c8e-4968-8e06-6f33b21e1f81",
            "ticker": "KXHIGHAUS-24DEC21-B61.5",
            "count": 100,
            "created_time": "2024-12-21T20:42:54.023474Z",
            "yes_price": 14,
            "no_price": 86,
            "taker_side": "no"
        },
        {
            "trade_id": "95d045df-4b64-4186-9319-20baabb15ee4",
            "ticker": "KXHIGHAUS-24DEC21-B61.5",
            "count": 25,
            "created_time": "2024-12-21T20:42:54.023474Z",
            "yes_price": 19,
            "no_price": 81,
            "taker_side": "no"
        },
        {
            "trade_id": "459c8a08-fd86-461c-98d7-c5bd4df6290e",
            "ticker": "KXHIGHAUS-24DEC21-B61.5",
            "count": 10,
            "created_time": "2024-12-21T20:42:54.023474Z",
            "yes_price": 11,
            "no_price": 89,
            "taker_side": "no"
        },
        {
            "trade_id": "40d9f12e-7c7b-482c-87e5-e4a9148ecf8e",
            "ticker": "KXHIGHAUS-24DEC21-B61.5",
            "count": 35,
            "created_time": "2024-12-21T20:42:54.023474Z",
            "yes_price": 6,
            "no_price": 94,
            "taker_side": "no"
        },
        {
            "trade_id": "7e437b8f-1531-48f6-8842-c13ac4ffb1f6",
            "ticker": "KXHIGHAUS-24DEC21-B61.5",
            "count": 10,
            "created_time": "2024-12-21T20:41:56.875893Z",
            "yes_price": 27,
            "no_price": 73,
            "taker_side": "yes"
        },
        {
            "trade_id": "b15a9678-582d-4c89-8233-cd68819212be",
            "ticker": "KXHIGHAUS-24DEC21-B61.5",
            "count": 35,
            "created_time": "2024-12-21T20:41:54.900673Z",
            "yes_price": 27,
            "no_price": 73,
            "taker_side": "yes"
        },
        {
            "trade_id": "4cabbced-5452-4528-b890-cc6006d9d30a",
            "ticker": "KXHIGHAUS-24DEC21-B61.5",
            "count": 96,
            "created_time": "2024-12-21T20:41:54.662123Z",
            "yes_price": 27,
            "no_price": 73,
            "taker_side": "yes"
        },
        {
            "trade_id": "24a0d905-6e92-4c71-b9a4-0c75125434c4",
            "ticker": "KXHIGHAUS-24DEC21-B61.5",
            "count": 17,
            "created_time": "2024-12-21T20:41:54.662123Z",
            "yes_price": 26,
            "no_price": 74,
            "taker_side": "yes"
        },
        {
            "trade_id": "bde04050-2c02-4852-b175-1b1bb9c0467a",
            "ticker": "KXHIGHAUS-24DEC21-B61.5",
            "count": 84,
            "created_time": "2024-12-21T20:41:12.499516Z",
            "yes_price": 26,
            "no_price": 74,
            "taker_side": "yes"
        },
        {
            "trade_id": "9b4d162a-9dac-4b9e-84e8-0c5444a09628",
            "ticker": "KXHIGHAUS-24DEC21-B61.5",
            "count": 17,
            "created_time": "2024-12-21T20:41:12.499516Z",
            "yes_price": 25,
            "no_price": 75,
            "taker_side": "yes"
        },
        {
            "trade_id": "5f3bb725-2039-4d0c-930a-cb2f991f5747",
            "ticker": "KXHIGHAUS-24DEC21-B61.5",
            "count": 220,
            "created_time": "2024-12-21T20:41:12.499516Z",
            "yes_price": 27,
            "no_price": 73,
            "taker_side": "yes"
        },
        {
            "trade_id": "d36fc0ea-6214-4bbf-9a6a-dd8eb6f35a50",
            "ticker": "KXHIGHAUS-24DEC21-B61.5",
            "count": 25,
            "created_time": "2024-12-21T20:38:11.98314Z",
            "yes_price": 19,
            "no_price": 81,
            "taker_side": "no"
        },
        {
            "trade_id": "6eb1fbf2-9b66-45c3-abd2-28507e285e69",
            "ticker": "KXHIGHAUS-24DEC21-B61.5",
            "count": 65,
            "created_time": "2024-12-21T20:38:11.98314Z",
            "yes_price": 12,
            "no_price": 88,
            "taker_side": "no"
        },
        {
            "trade_id": "08cba364-6de3-44cf-bcb5-22df234dddea",
            "ticker": "KXHIGHAUS-24DEC21-B61.5",
            "count": 10,
            "created_time": "2024-12-21T20:38:11.98314Z",
            "yes_price": 13,
            "no_price": 87,
            "taker_side": "no"
        },
        {
            "trade_id": "b4233253-782b-4ea6-9b4d-017b47f7db07",
            "ticker": "KXHIGHAUS-24DEC21-B61.5",
            "count": 10,
            "created_time": "2024-12-21T20:37:43.655345Z",
            "yes_price": 28,
            "no_price": 72,
            "taker_side": "yes"
        },
        {
            "trade_id": "8d62be50-2e7e-4432-a3bf-2552de878de2",
            "ticker": "KXHIGHAUS-24DEC21-B61.5",
            "count": 25,
            "created_time": "2024-12-21T20:37:43.655345Z",
            "yes_price": 28,
            "no_price": 72,
            "taker_side": "yes"
        },
        {
            "trade_id": "7250f48c-0354-4669-858e-3c3be3a415a7",
            "ticker": "KXHIGHAUS-24DEC21-B61.5",
            "count": 171,
            "created_time": "2024-12-21T20:37:43.655345Z",
            "yes_price": 28,
            "no_price": 72,
            "taker_side": "yes"
        },
        {
            "trade_id": "5e45fa3e-81b6-43b5-918c-c84620b5847a",
            "ticker": "KXHIGHAUS-24DEC21-B61.5",
            "count": 93,
            "created_time": "2024-12-21T20:37:43.655345Z",
            "yes_price": 30,
            "no_price": 70,
            "taker_side": "yes"
        },
        {
            "trade_id": "587e9233-e860-4e63-8e46-7f65451db0dd",
            "ticker": "KXHIGHAUS-24DEC21-B61.5",
            "count": 6,
            "created_time": "2024-12-21T20:34:02.038703Z",
            "yes_price": 22,
            "no_price": 78,
            "taker_side": "yes"
        },
        {
            "trade_id": "56cddf90-a709-4289-bdaf-a92b0e8753cb",
            "ticker": "KXHIGHAUS-24DEC21-B61.5",
            "count": 88,
            "created_time": "2024-12-21T20:34:02.038703Z",
            "yes_price": 23,
            "no_price": 77,
            "taker_side": "yes"
        },
        {
            "trade_id": "4c663dc1-bead-4403-89d0-c8067d9de3ae",
            "ticker": "KXHIGHAUS-24DEC21-B61.5",
            "count": 6,
            "created_time": "2024-12-21T20:34:02.038703Z",
            "yes_price": 23,
            "no_price": 77,
            "taker_side": "yes"
        },
        {
            "trade_id": "a475a627-6568-42a2-8180-00c3ecb32ac5",
            "ticker": "KXHIGHAUS-24DEC21-B61.5",
            "count": 33,
            "created_time": "2024-12-21T20:33:53.884964Z",
            "yes_price": 23,
            "no_price": 77,
            "taker_side": "yes"
        },
        {
            "trade_id": "408dce50-f0c2-481f-8eb0-1140a52dc439",
            "ticker": "KXHIGHAUS-24DEC21-B61.5",
            "count": 30,
            "created_time": "2024-12-21T20:33:53.884964Z",
            "yes_price": 22,
            "no_price": 78,
            "taker_side": "yes"
        },
        {
            "trade_id": "35a3aa87-b8c4-49c3-9a00-bcf8d0136a2a",
            "ticker": "KXHIGHAUS-24DEC21-B61.5",
            "count": 22,
            "created_time": "2024-12-21T20:33:04.885611Z",
            "yes_price": 20,
            "no_price": 80,
            "taker_side": "yes"
        },
        {
            "trade_id": "d5761ead-6f0d-45aa-aad3-50dc27ee3050",
            "ticker": "KXHIGHAUS-24DEC21-B61.5",
            "count": 35,
            "created_time": "2024-12-21T20:33:02.555008Z",
            "yes_price": 21,
            "no_price": 79,
            "taker_side": "yes"
        },
        {
            "trade_id": "abfa0663-e962-4fb3-ac88-60c1ae667ec6",
            "ticker": "KXHIGHAUS-24DEC21-B61.5",
            "count": 22,
            "created_time": "2024-12-21T20:33:02.555008Z",
            "yes_price": 20,
            "no_price": 80,
            "taker_side": "yes"
        },
        {
            "trade_id": "14e7fc0f-44ba-400b-a978-1db1f7c053a6",
            "ticker": "KXHIGHAUS-24DEC21-B61.5",
            "count": 13,
            "created_time": "2024-12-21T20:33:02.555008Z",
            "yes_price": 18,
            "no_price": 82,
            "taker_side": "yes"
        },
        {
            "trade_id": "be88833f-2c0f-4a60-9c98-cdf5f5a4da0b",
            "ticker": "KXHIGHAUS-24DEC21-B61.5",
            "count": 15,
            "created_time": "2024-12-21T20:32:43.292931Z",
            "yes_price": 18,
            "no_price": 82,
            "taker_side": "yes"
        },
        {
            "trade_id": "a0944335-a6e0-4ddb-95fc-f12a4c488d02",
            "ticker": "KXHIGHAUS-24DEC21-B61.5",
            "count": 33,
            "created_time": "2024-12-21T20:32:43.292931Z",
            "yes_price": 20,
            "no_price": 80,
            "taker_side": "yes"
        },
        {
            "trade_id": "87ae7a57-5fb5-4ac2-9679-a6c1ea794705",
            "ticker": "KXHIGHAUS-24DEC21-B61.5",
            "count": 11,
            "created_time": "2024-12-21T20:32:06.177726Z",
            "yes_price": 20,
            "no_price": 80,
            "taker_side": "yes"
        },
        {
            "trade_id": "306d724b-3664-4762-945f-e8f9492afa5c",
            "ticker": "KXHIGHAUS-24DEC21-B61.5",
            "count": 16,
            "created_time": "2024-12-21T20:32:06.177726Z",
            "yes_price": 18,
            "no_price": 82,
            "taker_side": "yes"
        },
        {
            "trade_id": "f470603f-a59e-4a68-9a73-6457f2c1b9cc",
            "ticker": "KXHIGHAUS-24DEC21-B61.5",
            "count": 102,
            "created_time": "2024-12-21T20:27:42.838482Z",
            "yes_price": 20,
            "no_price": 80,
            "taker_side": "yes"
        },
        {
            "trade_id": "e00d823a-3e06-4e29-a1dc-02a290a535ad",
            "ticker": "KXHIGHAUS-24DEC21-B61.5",
            "count": 16,
            "created_time": "2024-12-21T20:27:42.838482Z",
            "yes_price": 19,
            "no_price": 81,
            "taker_side": "yes"
        },
        {
            "trade_id": "d9b4d56c-3c10-421b-be85-5a89eea5f150",
            "ticker": "KXHIGHAUS-24DEC21-B61.5",
            "count": 24,
            "created_time": "2024-12-21T20:27:42.838482Z",
            "yes_price": 20,
            "no_price": 80,
            "taker_side": "yes"
        },
        {
            "trade_id": "d3ededaa-6122-4386-907a-50075ca8770b",
            "ticker": "KXHIGHAUS-24DEC21-B61.5",
            "count": 7,
            "created_time": "2024-12-21T20:26:30.524977Z",
            "yes_price": 21,
            "no_price": 79,
            "taker_side": "no"
        },
        {
            "trade_id": "8507cef7-386d-45f8-aec6-82c6369f0ec8",
            "ticker": "KXHIGHAUS-24DEC21-B61.5",
            "count": 9,
            "created_time": "2024-12-21T20:26:30.084061Z",
            "yes_price": 20,
            "no_price": 80,
            "taker_side": "yes"
        },
        {
            "trade_id": "e81c8705-70f2-476c-9bc1-6725089b7768",
            "ticker": "KXHIGHAUS-24DEC21-B61.5",
            "count": 25,
            "created_time": "2024-12-21T20:26:24.740905Z",
            "yes_price": 15,
            "no_price": 85,
            "taker_side": "no"
        },
        {
            "trade_id": "1ebe5536-06f2-43fd-a3f8-6fd8f4ee87bd",
            "ticker": "KXHIGHAUS-24DEC21-B61.5",
            "count": 6,
            "created_time": "2024-12-21T20:26:24.740905Z",
            "yes_price": 16,
            "no_price": 84,
            "taker_side": "no"
        },
        {
            "trade_id": "e35bb292-f305-4cf3-a9cb-0fca00da8b4e",
            "ticker": "KXHIGHAUS-24DEC21-B61.5",
            "count": 6,
            "created_time": "2024-12-21T20:26:11.787031Z",
            "yes_price": 19,
            "no_price": 81,
            "taker_side": "yes"
        },
        {
            "trade_id": "5bec4762-981a-4081-97cd-ffb08645d818",
            "ticker": "KXHIGHAUS-24DEC21-B61.5",
            "count": 41,
            "created_time": "2024-12-21T20:26:11.787031Z",
            "yes_price": 20,
            "no_price": 80,
            "taker_side": "yes"
        },
        {
            "trade_id": "451001c8-6aa4-48d9-8804-d5cc22a46610",
            "ticker": "KXHIGHAUS-24DEC21-B61.5",
            "count": 25,
            "created_time": "2024-12-21T20:25:29.024176Z",
            "yes_price": 15,
            "no_price": 85,
            "taker_side": "yes"
        },
        {
            "trade_id": "0c3f78ec-272e-424f-bd90-ec3b082059bf",
            "ticker": "KXHIGHAUS-24DEC21-B61.5",
            "count": 1,
            "created_time": "2024-12-21T20:25:28.844725Z",
            "yes_price": 15,
            "no_price": 85,
            "taker_side": "no"
        },
        {
            "trade_id": "a927c2e5-52cc-4ce9-a5dd-bafca84f097c",
            "ticker": "KXHIGHAUS-24DEC21-B61.5",
            "count": 25,
            "created_time": "2024-12-21T20:25:07.220796Z",
            "yes_price": 22,
            "no_price": 78,
            "taker_side": "yes"
        },
        {
            "trade_id": "95e0606a-e709-4a01-bdd9-cc4a56edac1a",
            "ticker": "KXHIGHAUS-24DEC21-B61.5",
            "count": 79,
            "created_time": "2024-12-21T20:25:07.220796Z",
            "yes_price": 23,
            "no_price": 77,
            "taker_side": "yes"
        },
        {
            "trade_id": "9d10b463-e585-4b9e-b1c6-8be5dd528bfb",
            "ticker": "KXHIGHAUS-24DEC21-B61.5",
            "count": 5,
            "created_time": "2024-12-21T20:24:28.452834Z",
            "yes_price": 15,
            "no_price": 85,
            "taker_side": "no"
        },
        {
            "trade_id": "deab70c3-1994-4932-9271-c991072086dc",
            "ticker": "KXHIGHAUS-24DEC21-B61.5",
            "count": 10,
            "created_time": "2024-12-21T20:24:06.598152Z",
            "yes_price": 16,
            "no_price": 84,
            "taker_side": "no"
        },
        {
            "trade_id": "7653af78-a4d1-4b90-8058-a0d52916d100",
            "ticker": "KXHIGHAUS-24DEC21-B61.5",
            "count": 100,
            "created_time": "2024-12-21T20:24:06.598152Z",
            "yes_price": 10,
            "no_price": 90,
            "taker_side": "no"
        },
        {
            "trade_id": "34297080-009c-4b40-9d3e-d86e07cde41b",
            "ticker": "KXHIGHAUS-24DEC21-B61.5",
            "count": 50,
            "created_time": "2024-12-21T20:24:06.598152Z",
            "yes_price": 11,
            "no_price": 89,
            "taker_side": "no"
        },
        {
            "trade_id": "192e58f4-9ca8-4355-921b-b76bd8e2de2d",
            "ticker": "KXHIGHAUS-24DEC21-B61.5",
            "count": 34,
            "created_time": "2024-12-21T20:24:06.598152Z",
            "yes_price": 16,
            "no_price": 84,
            "taker_side": "no"
        },
        {
            "trade_id": "101d1865-c7a6-4396-872d-105b7b2cfb33",
            "ticker": "KXHIGHAUS-24DEC21-B61.5",
            "count": 8,
            "created_time": "2024-12-21T20:24:06.598152Z",
            "yes_price": 9,
            "no_price": 91,
            "taker_side": "no"
        },
        {
            "trade_id": "81bd3ee2-42a0-46a7-80ee-f1171e5392ca",
            "ticker": "KXHIGHAUS-24DEC21-B61.5",
            "count": 14,
            "created_time": "2024-12-21T20:20:06.441002Z",
            "yes_price": 18,
            "no_price": 82,
            "taker_side": "no"
        },
        {
            "trade_id": "38ca4933-0004-4d45-8ff9-d4d62c6e4e00",
            "ticker": "KXHIGHAUS-24DEC21-B61.5",
            "count": 50,
            "created_time": "2024-12-21T20:20:06.441002Z",
            "yes_price": 16,
            "no_price": 84,
            "taker_side": "no"
        },
        {
            "trade_id": "2bfcb832-cb03-41c0-9019-069c11e74167",
            "ticker": "KXHIGHAUS-24DEC21-B61.5",
            "count": 64,
            "created_time": "2024-12-21T20:20:06.441002Z",
            "yes_price": 16,
            "no_price": 84,
            "taker_side": "no"
        },
        {
            "trade_id": "07c57595-5e77-4030-8213-3d72aed74c80",
            "ticker": "KXHIGHAUS-24DEC21-B61.5",
            "count": 105,
            "created_time": "2024-12-21T20:20:06.441002Z",
            "yes_price": 14,
            "no_price": 86,
            "taker_side": "no"
        },
        {
            "trade_id": "f72de56d-e1d2-45a0-87b9-ec7521a39173",
            "ticker": "KXHIGHAUS-24DEC21-B61.5",
            "count": 28,
            "created_time": "2024-12-21T20:19:46.834395Z",
            "yes_price": 18,
            "no_price": 82,
            "taker_side": "no"
        },
        {
            "trade_id": "72897575-282f-46f9-a205-159176781a61",
            "ticker": "KXHIGHAUS-24DEC21-B61.5",
            "count": 72,
            "created_time": "2024-12-21T20:19:46.834395Z",
            "yes_price": 18,
            "no_price": 82,
            "taker_side": "no"
        },
        {
            "trade_id": "c8e1a634-f7cd-4682-8ec3-651507f548d8",
            "ticker": "KXHIGHAUS-24DEC21-B61.5",
            "count": 4,
            "created_time": "2024-12-21T20:19:08.738523Z",
            "yes_price": 30,
            "no_price": 70,
            "taker_side": "yes"
        },
        {
            "trade_id": "18e4c112-be49-4815-bdda-bae87b44a0ca",
            "ticker": "KXHIGHAUS-24DEC21-B61.5",
            "count": 100,
            "created_time": "2024-12-21T20:19:08.738523Z",
            "yes_price": 30,
            "no_price": 70,
            "taker_side": "yes"
        },
        {
            "trade_id": "37defc83-ce78-4285-b3ba-b6ed0be84e63",
            "ticker": "KXHIGHAUS-24DEC21-B61.5",
            "count": 20,
            "created_time": "2024-12-21T20:18:07.253096Z",
            "yes_price": 23,
            "no_price": 77,
            "taker_side": "no"
        },
        {
            "trade_id": "2ef48ef4-6962-48ba-af02-e7b7a5dbe992",
            "ticker": "KXHIGHAUS-24DEC21-B61.5",
            "count": 70,
            "created_time": "2024-12-21T20:11:33.028163Z",
            "yes_price": 31,
            "no_price": 69,
            "taker_side": "yes"
        },
        {
            "trade_id": "ae2d43c8-e5be-44b8-8848-4f2bad19dcda",
            "ticker": "KXHIGHAUS-24DEC21-B61.5",
            "count": 100,
            "created_time": "2024-12-21T20:10:48.879695Z",
            "yes_price": 32,
            "no_price": 68,
            "taker_side": "yes"
        },
        {
            "trade_id": "66761669-7011-4a3a-802c-46e3eeab672f",
            "ticker": "KXHIGHAUS-24DEC21-B61.5",
            "count": 129,
            "created_time": "2024-12-21T20:08:54.456224Z",
            "yes_price": 30,
            "no_price": 70,
            "taker_side": "yes"
        },
        {
            "trade_id": "65757498-56a0-4c80-bdcc-fadf4e165bb2",
            "ticker": "KXHIGHAUS-24DEC21-B61.5",
            "count": 21,
            "created_time": "2024-12-21T20:08:54.456224Z",
            "yes_price": 29,
            "no_price": 71,
            "taker_side": "yes"
        },
        {
            "trade_id": "dc861834-bddd-4f5b-952b-6044a6729c76",
            "ticker": "KXHIGHAUS-24DEC21-B61.5",
            "count": 5,
            "created_time": "2024-12-21T20:04:33.239854Z",
            "yes_price": 23,
            "no_price": 77,
            "taker_side": "no"
        },
        {
            "trade_id": "1675ba00-78f3-4fd0-960e-2d7cb22b1afa",
            "ticker": "KXHIGHAUS-24DEC21-B61.5",
            "count": 100,
            "created_time": "2024-12-21T19:56:25.90442Z",
            "yes_price": 19,
            "no_price": 81,
            "taker_side": "yes"
        },
        {
            "trade_id": "a9bc9d0d-6270-4edc-b005-869e8e97c9e7",
            "ticker": "KXHIGHAUS-24DEC21-B61.5",
            "count": 50,
            "created_time": "2024-12-21T19:55:49.605037Z",
            "yes_price": 18,
            "no_price": 82,
            "taker_side": "no"
        },
        {
            "trade_id": "64595005-f8a7-4104-a7da-cab7f1af1172",
            "ticker": "KXHIGHAUS-24DEC21-B61.5",
            "count": 50,
            "created_time": "2024-12-21T19:55:49.605037Z",
            "yes_price": 18,
            "no_price": 82,
            "taker_side": "no"
        },
        {
            "trade_id": "5f6c283a-9de2-4954-95a9-32da8edf2bd2",
            "ticker": "KXHIGHAUS-24DEC21-B61.5",
            "count": 50,
            "created_time": "2024-12-21T19:55:46.838253Z",
            "yes_price": 19,
            "no_price": 81,
            "taker_side": "no"
        },
        {
            "trade_id": "cadd893d-ee01-4259-a5e2-a4fc10d133ce",
            "ticker": "KXHIGHAUS-24DEC21-B61.5",
            "count": 11,
            "created_time": "2024-12-21T19:55:26.950886Z",
            "yes_price": 20,
            "no_price": 80,
            "taker_side": "no"
        },
        {
            "trade_id": "b1acb9f5-5bd3-4d1f-9bb9-ed853a179fc6",
            "ticker": "KXHIGHAUS-24DEC21-B61.5",
            "count": 50,
            "created_time": "2024-12-21T19:54:51.689792Z",
            "yes_price": 21,
            "no_price": 79,
            "taker_side": "no"
        },
        {
            "trade_id": "66203de1-9002-4311-b57e-7eb5b565e481",
            "ticker": "KXHIGHAUS-24DEC21-B61.5",
            "count": 50,
            "created_time": "2024-12-21T19:54:51.689792Z",
            "yes_price": 21,
            "no_price": 79,
            "taker_side": "no"
        },
        {
            "trade_id": "ea169d27-6bc7-4353-a214-3de9acf90bf1",
            "ticker": "KXHIGHAUS-24DEC21-B61.5",
            "count": 50,
            "created_time": "2024-12-21T19:50:22.650371Z",
            "yes_price": 40,
            "no_price": 60,
            "taker_side": "no"
        },
        {
            "trade_id": "2d7911bc-0bcc-48ab-8413-e9a9262d4b29",
            "ticker": "KXHIGHAUS-24DEC21-B61.5",
            "count": 20,
            "created_time": "2024-12-21T19:48:52.267238Z",
            "yes_price": 47,
            "no_price": 53,
            "taker_side": "yes"
        },
        {
            "trade_id": "d2349d4e-2b10-4c5e-941c-d7e71e551a97",
            "ticker": "KXHIGHAUS-24DEC21-B61.5",
            "count": 7,
            "created_time": "2024-12-21T19:47:14.763662Z",
            "yes_price": 52,
            "no_price": 48,
            "taker_side": "yes"
        },
        {
            "trade_id": "b1a52e64-ed3c-418a-8b4d-7ac30e74e1cf",
            "ticker": "KXHIGHAUS-24DEC21-B61.5",
            "count": 50,
            "created_time": "2024-12-21T19:47:14.763662Z",
            "yes_price": 50,
            "no_price": 50,
            "taker_side": "yes"
        },
        {
            "trade_id": "4ad5255e-abd3-4b67-947a-2ae98e8b17a5",
            "ticker": "KXHIGHAUS-24DEC21-B61.5",
            "count": 37,
            "created_time": "2024-12-21T19:47:14.763662Z",
            "yes_price": 52,
            "no_price": 48,
            "taker_side": "yes"
        },
        {
            "trade_id": "e03291d0-ea5d-4a1a-b805-ac453c1e14e4",
            "ticker": "KXHIGHAUS-24DEC21-B61.5",
            "count": 80,
            "created_time": "2024-12-21T19:44:52.548977Z",
            "yes_price": 38,
            "no_price": 62,
            "taker_side": "yes"
        },
        {
            "trade_id": "d7c40322-7875-4b6b-8e8c-8173df409ce1",
            "ticker": "KXHIGHAUS-24DEC21-B61.5",
            "count": 12,
            "created_time": "2024-12-21T19:44:52.548977Z",
            "yes_price": 38,
            "no_price": 62,
            "taker_side": "yes"
        },
        {
            "trade_id": "d21ea94f-29a3-4c26-b835-f4a352be0acc",
            "ticker": "KXHIGHAUS-24DEC21-B61.5",
            "count": 50,
            "created_time": "2024-12-21T19:44:52.548977Z",
            "yes_price": 45,
            "no_price": 55,
            "taker_side": "yes"
        },
        {
            "trade_id": "8ca6a2a4-2b3d-4cc3-8874-5eaa71d1ead5",
            "ticker": "KXHIGHAUS-24DEC21-B61.5",
            "count": 17,
            "created_time": "2024-12-21T19:44:52.548977Z",
            "yes_price": 52,
            "no_price": 48,
            "taker_side": "yes"
        },
        {
            "trade_id": "77adcef4-336d-4633-901e-d0e9a6d707ea",
            "ticker": "KXHIGHAUS-24DEC21-B61.5",
            "count": 24,
            "created_time": "2024-12-21T19:44:52.548977Z",
            "yes_price": 52,
            "no_price": 48,
            "taker_side": "yes"
        },
        {
            "trade_id": "63e9609b-9cf7-44ac-8744-cd3de70b2830",
            "ticker": "KXHIGHAUS-24DEC21-B61.5",
            "count": 24,
            "created_time": "2024-12-21T19:44:52.548977Z",
            "yes_price": 52,
            "no_price": 48,
            "taker_side": "yes"
        },
        {
            "trade_id": "50b1ac4e-9552-4567-ba46-fb52826e3095",
            "ticker": "KXHIGHAUS-24DEC21-B61.5",
            "count": 10,
            "created_time": "2024-12-21T19:44:52.548977Z",
            "yes_price": 47,
            "no_price": 53,
            "taker_side": "yes"
        },
        {
            "trade_id": "923c6a85-6c44-403f-9503-13e76a7366b2",
            "ticker": "KXHIGHAUS-24DEC21-B61.5",
            "count": 25,
            "created_time": "2024-12-21T19:42:01.914934Z",
            "yes_price": 37,
            "no_price": 63,
            "taker_side": "yes"
        },
        {
            "trade_id": "88c128b0-0313-4c86-aef2-b1417f656546",
            "ticker": "KXHIGHAUS-24DEC21-B61.5",
            "count": 170,
            "created_time": "2024-12-21T19:42:01.914934Z",
            "yes_price": 38,
            "no_price": 62,
            "taker_side": "yes"
        },
        {
            "trade_id": "6b777847-ce1e-46c5-b279-eba7325ee83b",
            "ticker": "KXHIGHAUS-24DEC21-B61.5",
            "count": 50,
            "created_time": "2024-12-21T19:42:01.914934Z",
            "yes_price": 36,
            "no_price": 64,
            "taker_side": "yes"
        },
        {
            "trade_id": "4aaf9164-7b1c-4206-ad20-43a97df379c4",
            "ticker": "KXHIGHAUS-24DEC21-B61.5",
            "count": 10,
            "created_time": "2024-12-21T19:42:01.914934Z",
            "yes_price": 36,
            "no_price": 64,
            "taker_side": "yes"
        },
        {
            "trade_id": "e5f54eb5-cdf1-4247-ae6a-32cf0d16ac25",
            "ticker": "KXHIGHAUS-24DEC21-B61.5",
            "count": 14,
            "created_time": "2024-12-21T19:41:57.569072Z",
            "yes_price": 34,
            "no_price": 66,
            "taker_side": "yes"
        },
        {
            "trade_id": "882b134d-73a4-4fbc-b9a1-e16a82d9e553",
            "ticker": "KXHIGHAUS-24DEC21-B61.5",
            "count": 1,
            "created_time": "2024-12-21T19:41:57.569072Z",
            "yes_price": 32,
            "no_price": 68,
            "taker_side": "yes"
        },
        {
            "trade_id": "5603a8f9-3d64-4452-9576-88bde8786534",
            "ticker": "KXHIGHAUS-24DEC21-B61.5",
            "count": 22,
            "created_time": "2024-12-21T19:41:57.569072Z",
            "yes_price": 32,
            "no_price": 68,
            "taker_side": "yes"
        },
        {
            "trade_id": "1e252974-f03f-47c5-9b95-718eaf9d2fef",
            "ticker": "KXHIGHAUS-24DEC21-B61.5",
            "count": 100,
            "created_time": "2024-12-21T19:41:57.569072Z",
            "yes_price": 35,
            "no_price": 65,
            "taker_side": "yes"
        },
        {
            "trade_id": "6f7832f3-b989-4188-a3e4-cbc7a94a7fb0",
            "ticker": "KXHIGHAUS-24DEC21-B61.5",
            "count": 75,
            "created_time": "2024-12-21T19:33:57.374625Z",
            "yes_price": 34,
            "no_price": 66,
            "taker_side": "no"
        },
        {
            "trade_id": "0eae8171-8c21-48c6-981b-0097afa16410",
            "ticker": "KXHIGHAUS-24DEC21-B61.5",
            "count": 25,
            "created_time": "2024-12-21T19:33:33.730681Z",
            "yes_price": 39,
            "no_price": 61,
            "taker_side": "no"
        },
        {
            "trade_id": "bb2d5123-4f25-49b0-94c6-a0557d87586c",
            "ticker": "KXHIGHAUS-24DEC21-B61.5",
            "count": 25,
            "created_time": "2024-12-21T19:28:56.72829Z",
            "yes_price": 40,
            "no_price": 60,
            "taker_side": "no"
        },
        {
            "trade_id": "b1775278-dc52-44bc-a50b-49f480cd1737",
            "ticker": "KXHIGHAUS-24DEC21-B61.5",
            "count": 25,
            "created_time": "2024-12-21T19:28:56.72829Z",
            "yes_price": 39,
            "no_price": 61,
            "taker_side": "no"
        },
        {
            "trade_id": "5cc2538e-f956-4628-86df-fd94bb9d7290",
            "ticker": "KXHIGHAUS-24DEC21-B61.5",
            "count": 28,
            "created_time": "2024-12-21T19:28:56.72829Z",
            "yes_price": 40,
            "no_price": 60,
            "taker_side": "no"
        },
        {
            "trade_id": "43dd2dc1-60da-46be-8046-c82e6d77c76b",
            "ticker": "KXHIGHAUS-24DEC21-B61.5",
            "count": 27,
            "created_time": "2024-12-21T19:28:56.72829Z",
            "yes_price": 41,
            "no_price": 59,
            "taker_side": "no"
        },
        {
            "trade_id": "95bb666a-eec2-434b-8df4-bbec12396bbe",
            "ticker": "KXHIGHAUS-24DEC21-B61.5",
            "count": 9,
            "created_time": "2024-12-21T19:28:46.969402Z",
            "yes_price": 42,
            "no_price": 58,
            "taker_side": "no"
        },
        {
            "trade_id": "7fa965c8-6b18-499a-8de8-02a8e534ebdc",
            "ticker": "KXHIGHAUS-24DEC21-B61.5",
            "count": 73,
            "created_time": "2024-12-21T19:28:46.969402Z",
            "yes_price": 41,
            "no_price": 59,
            "taker_side": "no"
        },
        {
            "trade_id": "03400fbb-57ad-40e4-ba50-252b55332af3",
            "ticker": "KXHIGHAUS-24DEC21-B61.5",
            "count": 28,
            "created_time": "2024-12-21T19:25:58.342459Z",
            "yes_price": 40,
            "no_price": 60,
            "taker_side": "no"
        },
        {
            "trade_id": "d6df0803-f888-402b-9e00-b1020b14cbdc",
            "ticker": "KXHIGHAUS-24DEC21-B61.5",
            "count": 22,
            "created_time": "2024-12-21T19:24:27.012927Z",
            "yes_price": 40,
            "no_price": 60,
            "taker_side": "yes"
        },
        {
            "trade_id": "e2d47ffb-6438-4a6d-9b38-e3dbdcbfac13",
            "ticker": "KXHIGHAUS-24DEC21-B61.5",
            "count": 28,
            "created_time": "2024-12-21T19:24:19.243325Z",
            "yes_price": 40,
            "no_price": 60,
            "taker_side": "yes"
        },
        {
            "trade_id": "1144f1d7-b4b1-45d6-864f-0802bdc2f771",
            "ticker": "KXHIGHAUS-24DEC21-B61.5",
            "count": 25,
            "created_time": "2024-12-21T19:23:58.456181Z",
            "yes_price": 34,
            "no_price": 66,
            "taker_side": "yes"
        },
        {
            "trade_id": "74a04a1b-2bc5-405d-8b7c-40bc0eedcd7e",
            "ticker": "KXHIGHAUS-24DEC21-B61.5",
            "count": 73,
            "created_time": "2024-12-21T19:13:49.039038Z",
            "yes_price": 39,
            "no_price": 61,
            "taker_side": "yes"
        },
        {
            "trade_id": "f390042b-b7aa-4158-871c-876c5a822036",
            "ticker": "KXHIGHAUS-24DEC21-B61.5",
            "count": 4,
            "created_time": "2024-12-21T19:13:02.705559Z",
            "yes_price": 39,
            "no_price": 61,
            "taker_side": "yes"
        },
        {
            "trade_id": "f9dc3e27-6d8b-4464-8d28-10d666877156",
            "ticker": "KXHIGHAUS-24DEC21-B61.5",
            "count": 59,
            "created_time": "2024-12-21T19:10:04.83428Z",
            "yes_price": 20,
            "no_price": 80,
            "taker_side": "no"
        },
        {
            "trade_id": "a07eb5ee-383d-4864-a766-384a78ecc31b",
            "ticker": "KXHIGHAUS-24DEC21-B61.5",
            "count": 26,
            "created_time": "2024-12-21T19:10:04.83428Z",
            "yes_price": 27,
            "no_price": 73,
            "taker_side": "no"
        },
        {
            "trade_id": "5d0f535f-1b53-4a11-9147-912c99e25ece",
            "ticker": "KXHIGHAUS-24DEC21-B61.5",
            "count": 15,
            "created_time": "2024-12-21T19:10:04.83428Z",
            "yes_price": 16,
            "no_price": 84,
            "taker_side": "no"
        },
        {
            "trade_id": "6ff43aa9-89af-4c07-8bb1-af0185d274ee",
            "ticker": "KXHIGHAUS-24DEC21-B61.5",
            "count": 74,
            "created_time": "2024-12-21T19:09:49.596189Z",
            "yes_price": 27,
            "no_price": 73,
            "taker_side": "no"
        },
        {
            "trade_id": "1867d1bf-7c1d-429c-9515-685b1d07f805",
            "ticker": "KXHIGHAUS-24DEC21-B61.5",
            "count": 26,
            "created_time": "2024-12-21T19:09:49.596189Z",
            "yes_price": 28,
            "no_price": 72,
            "taker_side": "no"
        },
        {
            "trade_id": "dad96fb4-26a9-472f-a53c-460b68e6cb9c",
            "ticker": "KXHIGHAUS-24DEC21-B61.5",
            "count": 22,
            "created_time": "2024-12-21T18:54:28.313289Z",
            "yes_price": 37,
            "no_price": 63,
            "taker_side": "yes"
        },
        {
            "trade_id": "93c5679b-2d05-47ef-803f-fa1559c953a3",
            "ticker": "KXHIGHAUS-24DEC21-B61.5",
            "count": 44,
            "created_time": "2024-12-21T18:54:28.313289Z",
            "yes_price": 37,
            "no_price": 63,
            "taker_side": "yes"
        },
        {
            "trade_id": "80e16e0b-ca03-4234-b379-cf4215f80f33",
            "ticker": "KXHIGHAUS-24DEC21-B61.5",
            "count": 40,
            "created_time": "2024-12-21T18:54:28.313289Z",
            "yes_price": 57,
            "no_price": 43,
            "taker_side": "yes"
        },
        {
            "trade_id": "7087ad72-5e3a-48db-9645-b749cd9956e0",
            "ticker": "KXHIGHAUS-24DEC21-B61.5",
            "count": 38,
            "created_time": "2024-12-21T18:54:28.313289Z",
            "yes_price": 48,
            "no_price": 52,
            "taker_side": "yes"
        },
        {
            "trade_id": "3e5f58ed-55f7-440e-a7e9-9e21c000dcc5",
            "ticker": "KXHIGHAUS-24DEC21-B61.5",
            "count": 20,
            "created_time": "2024-12-21T18:54:28.313289Z",
            "yes_price": 39,
            "no_price": 61,
            "taker_side": "yes"
        },
        {
            "trade_id": "31b3fa6f-9e45-41f4-8362-63318dd6f36f",
            "ticker": "KXHIGHAUS-24DEC21-B61.5",
            "count": 38,
            "created_time": "2024-12-21T18:54:28.313289Z",
            "yes_price": 47,
            "no_price": 53,
            "taker_side": "yes"
        },
        {
            "trade_id": "9d61248c-ad56-4a98-a036-ef5712876824",
            "ticker": "KXHIGHAUS-24DEC21-B61.5",
            "count": 1,
            "created_time": "2024-12-21T18:51:46.904382Z",
            "yes_price": 36,
            "no_price": 64,
            "taker_side": "yes"
        },
        {
            "trade_id": "6a95a9b8-dfec-44d8-9633-dfe036199bf6",
            "ticker": "KXHIGHAUS-24DEC21-B61.5",
            "count": 13,
            "created_time": "2024-12-21T18:47:04.274452Z",
            "yes_price": 26,
            "no_price": 74,
            "taker_side": "no"
        },
        {
            "trade_id": "bcfb8313-dfc9-4f26-80e0-b2ada60958fe",
            "ticker": "KXHIGHAUS-24DEC21-B61.5",
            "count": 19,
            "created_time": "2024-12-21T18:46:49.837601Z",
            "yes_price": 25,
            "no_price": 75,
            "taker_side": "no"
        },
        {
            "trade_id": "3b903aae-50b4-472a-983c-4fc14a15e529",
            "ticker": "KXHIGHAUS-24DEC21-B61.5",
            "count": 87,
            "created_time": "2024-12-21T18:46:49.837601Z",
            "yes_price": 27,
            "no_price": 73,
            "taker_side": "no"
        },
        {
            "trade_id": "2c8ab23b-d565-4ac3-9eb3-ffceb510a9a7",
            "ticker": "KXHIGHAUS-24DEC21-B61.5",
            "count": 55,
            "created_time": "2024-12-21T18:46:49.837601Z",
            "yes_price": 27,
            "no_price": 73,
            "taker_side": "no"
        },
        {
            "trade_id": "54750cc9-a2b7-4930-975c-b8405c8a66a0",
            "ticker": "KXHIGHAUS-24DEC21-B61.5",
            "count": 10,
            "created_time": "2024-12-21T18:42:11.57971Z",
            "yes_price": 36,
            "no_price": 64,
            "taker_side": "yes"
        },
        {
            "trade_id": "fa030107-d164-42f7-96d2-1b1c1593a039",
            "ticker": "KXHIGHAUS-24DEC21-B61.5",
            "count": 29,
            "created_time": "2024-12-21T18:41:35.683123Z",
            "yes_price": 37,
            "no_price": 63,
            "taker_side": "yes"
        },
        {
            "trade_id": "c49abbc9-b378-412d-86ff-8344aada0846",
            "ticker": "KXHIGHAUS-24DEC21-B61.5",
            "count": 32,
            "created_time": "2024-12-21T18:41:35.683123Z",
            "yes_price": 37,
            "no_price": 63,
            "taker_side": "yes"
        },
        {
            "trade_id": "b0edd8f8-e92f-46d6-8c7f-2382a3eed989",
            "ticker": "KXHIGHAUS-24DEC21-B61.5",
            "count": 16,
            "created_time": "2024-12-21T18:41:35.683123Z",
            "yes_price": 30,
            "no_price": 70,
            "taker_side": "yes"
        },
        {
            "trade_id": "781aa902-74db-4e48-94b8-4d6c2ae2f4c0",
            "ticker": "KXHIGHAUS-24DEC21-B61.5",
            "count": 67,
            "created_time": "2024-12-21T18:41:35.683123Z",
            "yes_price": 30,
            "no_price": 70,
            "taker_side": "yes"
        },
        {
            "trade_id": "bee5b5c7-5a98-431c-9c2b-927e603c4c47",
            "ticker": "KXHIGHAUS-24DEC21-B61.5",
            "count": 105,
            "created_time": "2024-12-21T18:37:42.405648Z",
            "yes_price": 24,
            "no_price": 76,
            "taker_side": "yes"
        },
        {
            "trade_id": "4e8bf91d-08cd-49bc-8d65-cb41c6399ec0",
            "ticker": "KXHIGHAUS-24DEC21-B61.5",
            "count": 56,
            "created_time": "2024-12-21T18:37:42.405648Z",
            "yes_price": 24,
            "no_price": 76,
            "taker_side": "yes"
        },
        {
            "trade_id": "7516ce23-4425-40ba-b1a1-00a11adf090c",
            "ticker": "KXHIGHAUS-24DEC21-B61.5",
            "count": 20,
            "created_time": "2024-12-21T18:37:24.646021Z",
            "yes_price": 24,
            "no_price": 76,
            "taker_side": "yes"
        },
        {
            "trade_id": "bfcc75c7-0f39-4664-aaeb-ee8f805e04e4",
            "ticker": "KXHIGHAUS-24DEC21-B61.5",
            "count": 19,
            "created_time": "2024-12-21T18:35:10.539161Z",
            "yes_price": 24,
            "no_price": 76,
            "taker_side": "yes"
        },
        {
            "trade_id": "864165bf-e386-4371-9799-5ae06f20b807",
            "ticker": "KXHIGHAUS-24DEC21-B61.5",
            "count": 50,
            "created_time": "2024-12-21T18:08:37.101358Z",
            "yes_price": 10,
            "no_price": 90,
            "taker_side": "no"
        },
        {
            "trade_id": "ac46f64a-5e5f-4259-8342-af2989d6af5a",
            "ticker": "KXHIGHAUS-24DEC21-B61.5",
            "count": 10,
            "created_time": "2024-12-21T18:03:19.845919Z",
            "yes_price": 24,
            "no_price": 76,
            "taker_side": "yes"
        },
        {
            "trade_id": "823ba94c-c7dd-4939-a9c1-b23a2528920d",
            "ticker": "KXHIGHAUS-24DEC21-B61.5",
            "count": 10,
            "created_time": "2024-12-21T18:03:19.845919Z",
            "yes_price": 22,
            "no_price": 78,
            "taker_side": "yes"
        },
        {
            "trade_id": "ec0c19e2-34c0-4a80-8341-fc27351710a4",
            "ticker": "KXHIGHAUS-24DEC21-B61.5",
            "count": 10,
            "created_time": "2024-12-21T18:02:18.725406Z",
            "yes_price": 8,
            "no_price": 92,
            "taker_side": "no"
        },
        {
            "trade_id": "fe864d83-973e-453c-a903-e7fec9fa78d6",
            "ticker": "KXHIGHAUS-24DEC21-B61.5",
            "count": 30,
            "created_time": "2024-12-21T17:48:06.985475Z",
            "yes_price": 17,
            "no_price": 83,
            "taker_side": "yes"
        },
        {
            "trade_id": "ba385ede-1f6a-4290-905e-2615b7b6282e",
            "ticker": "KXHIGHAUS-24DEC21-B61.5",
            "count": 70,
            "created_time": "2024-12-21T17:48:06.985475Z",
            "yes_price": 17,
            "no_price": 83,
            "taker_side": "yes"
        },
        {
            "trade_id": "7b697a19-ced4-442a-818d-51435ff007dd",
            "ticker": "KXHIGHAUS-24DEC21-B61.5",
            "count": 70,
            "created_time": "2024-12-21T17:47:32.678582Z",
            "yes_price": 17,
            "no_price": 83,
            "taker_side": "yes"
        },
        {
            "trade_id": "65323205-74f3-4db4-86b9-11ed4b3b0b15",
            "ticker": "KXHIGHAUS-24DEC21-B61.5",
            "count": 24,
            "created_time": "2024-12-21T17:46:27.695334Z",
            "yes_price": 16,
            "no_price": 84,
            "taker_side": "no"
        },
        {
            "trade_id": "80e2e13e-5f7d-4986-9bdc-470284a82689",
            "ticker": "KXHIGHAUS-24DEC21-B61.5",
            "count": 100,
            "created_time": "2024-12-21T17:45:30.239189Z",
            "yes_price": 16,
            "no_price": 84,
            "taker_side": "no"
        },
        {
            "trade_id": "0cb1d889-563d-4e00-984a-cbeadbb6fe09",
            "ticker": "KXHIGHAUS-24DEC21-B61.5",
            "count": 15,
            "created_time": "2024-12-21T17:44:30.606172Z",
            "yes_price": 16,
            "no_price": 84,
            "taker_side": "no"
        },
        {
            "trade_id": "61c6fe68-0e8e-40a5-b586-85123f65bc3f",
            "ticker": "KXHIGHAUS-24DEC21-B61.5",
            "count": 11,
            "created_time": "2024-12-21T17:43:18.461609Z",
            "yes_price": 16,
            "no_price": 84,
            "taker_side": "no"
        },
        {
            "trade_id": "8e7cf6b7-56b3-4ddc-9244-a9802ace8b21",
            "ticker": "KXHIGHAUS-24DEC21-B61.5",
            "count": 7,
            "created_time": "2024-12-21T17:38:04.310574Z",
            "yes_price": 16,
            "no_price": 84,
            "taker_side": "no"
        },
        {
            "trade_id": "71b52013-c630-435d-b0c9-b7e632857672",
            "ticker": "KXHIGHAUS-24DEC21-B61.5",
            "count": 46,
            "created_time": "2024-12-21T17:36:29.582054Z",
            "yes_price": 16,
            "no_price": 84,
            "taker_side": "no"
        },
        {
            "trade_id": "bd59e544-2a38-423a-a11d-382e568b8667",
            "ticker": "KXHIGHAUS-24DEC21-B61.5",
            "count": 100,
            "created_time": "2024-12-21T17:36:28.461241Z",
            "yes_price": 16,
            "no_price": 84,
            "taker_side": "yes"
        },
        {
            "trade_id": "a26df7b6-b42c-45c9-9218-a3a6fe368020",
            "ticker": "KXHIGHAUS-24DEC21-B61.5",
            "count": 100,
            "created_time": "2024-12-21T17:36:28.461241Z",
            "yes_price": 16,
            "no_price": 84,
            "taker_side": "yes"
        },
        {
            "trade_id": "62282ad7-4ffe-4907-a328-155fd5db5718",
            "ticker": "KXHIGHAUS-24DEC21-B61.5",
            "count": 6,
            "created_time": "2024-12-21T17:22:26.212008Z",
            "yes_price": 15,
            "no_price": 85,
            "taker_side": "yes"
        },
        {
            "trade_id": "5a35513b-0c37-4817-a767-0efdb63ed0c0",
            "ticker": "KXHIGHAUS-24DEC21-B61.5",
            "count": 200,
            "created_time": "2024-12-21T17:22:26.212008Z",
            "yes_price": 15,
            "no_price": 85,
            "taker_side": "yes"
        },
        {
            "trade_id": "46e84ef6-93f0-4538-a56d-6c5bc57dfc67",
            "ticker": "KXHIGHAUS-24DEC21-B61.5",
            "count": 100,
            "created_time": "2024-12-21T17:21:58.640037Z",
            "yes_price": 14,
            "no_price": 86,
            "taker_side": "yes"
        },
        {
            "trade_id": "6a59204c-e9d7-41d3-a438-1c0de2cb9840",
            "ticker": "KXHIGHAUS-24DEC21-B61.5",
            "count": 213,
            "created_time": "2024-12-21T17:20:08.62557Z",
            "yes_price": 14,
            "no_price": 86,
            "taker_side": "yes"
        },
        {
            "trade_id": "80ad64a3-5a82-410f-bee3-68ff6000b3df",
            "ticker": "KXHIGHAUS-24DEC21-B61.5",
            "count": 60,
            "created_time": "2024-12-21T16:56:34.126646Z",
            "yes_price": 12,
            "no_price": 88,
            "taker_side": "no"
        },
        {
            "trade_id": "8095ce99-6b56-4fc4-9e1c-5d3b2e765abf",
            "ticker": "KXHIGHAUS-24DEC21-B61.5",
            "count": 190,
            "created_time": "2024-12-21T16:56:34.126646Z",
            "yes_price": 12,
            "no_price": 88,
            "taker_side": "no"
        },
        {
            "trade_id": "0ed28513-a3b9-4eeb-91b8-dbce74681163",
            "ticker": "KXHIGHAUS-24DEC21-B61.5",
            "count": 50,
            "created_time": "2024-12-21T16:41:24.189769Z",
            "yes_price": 13,
            "no_price": 87,
            "taker_side": "yes"
        },
        {
            "trade_id": "66b86437-9d25-45de-8b5c-e6c2066bceb9",
            "ticker": "KXHIGHAUS-24DEC21-B61.5",
            "count": 31,
            "created_time": "2024-12-21T16:39:00.35223Z",
            "yes_price": 15,
            "no_price": 85,
            "taker_side": "yes"
        },
        {
            "trade_id": "5ebe79a4-00c0-4ae3-aa76-dd1ac0b57c92",
            "ticker": "KXHIGHAUS-24DEC21-B61.5",
            "count": 8,
            "created_time": "2024-12-21T16:34:39.746089Z",
            "yes_price": 15,
            "no_price": 85,
            "taker_side": "yes"
        },
        {
            "trade_id": "128dd799-88e5-44bf-9f58-1a7020d99b31",
            "ticker": "KXHIGHAUS-24DEC21-B61.5",
            "count": 176,
            "created_time": "2024-12-21T16:34:39.746089Z",
            "yes_price": 17,
            "no_price": 83,
            "taker_side": "yes"
        },
        {
            "trade_id": "052be8f2-eb60-4757-8f83-95d830f1916f",
            "ticker": "KXHIGHAUS-24DEC21-B61.5",
            "count": 100,
            "created_time": "2024-12-21T16:34:39.746089Z",
            "yes_price": 16,
            "no_price": 84,
            "taker_side": "yes"
        },
        {
            "trade_id": "5aeeecbc-367c-4b7c-9212-700c61723326",
            "ticker": "KXHIGHAUS-24DEC21-B61.5",
            "count": 5,
            "created_time": "2024-12-21T16:32:42.77613Z",
            "yes_price": 16,
            "no_price": 84,
            "taker_side": "no"
        },
        {
            "trade_id": "fc75e977-c9c6-40cf-a2b0-60b8d8660097",
            "ticker": "KXHIGHAUS-24DEC21-B61.5",
            "count": 1,
            "created_time": "2024-12-21T16:23:07.958159Z",
            "yes_price": 17,
            "no_price": 83,
            "taker_side": "yes"
        },
        {
            "trade_id": "eb5c8015-b2c1-4d43-bc62-962647c16003",
            "ticker": "KXHIGHAUS-24DEC21-B61.5",
            "count": 1,
            "created_time": "2024-12-21T16:23:07.958159Z",
            "yes_price": 17,
            "no_price": 83,
            "taker_side": "yes"
        },
        {
            "trade_id": "c7b2fe21-c5f0-4fa7-aabf-ebef289f8dea",
            "ticker": "KXHIGHAUS-24DEC21-B61.5",
            "count": 1,
            "created_time": "2024-12-21T16:23:07.958159Z",
            "yes_price": 17,
            "no_price": 83,
            "taker_side": "yes"
        },
        {
            "trade_id": "b3d4ab4f-8236-48bc-bfe5-f04ddba6167a",
            "ticker": "KXHIGHAUS-24DEC21-B61.5",
            "count": 1,
            "created_time": "2024-12-21T16:23:07.958159Z",
            "yes_price": 17,
            "no_price": 83,
            "taker_side": "yes"
        },
        {
            "trade_id": "ab0d3a86-2008-4992-9cbb-e739a1f61754",
            "ticker": "KXHIGHAUS-24DEC21-B61.5",
            "count": 111,
            "created_time": "2024-12-21T16:23:07.958159Z",
            "yes_price": 17,
            "no_price": 83,
            "taker_side": "yes"
        },
        {
            "trade_id": "93913fcb-87c7-4d21-b54a-431772cf0f6b",
            "ticker": "KXHIGHAUS-24DEC21-B61.5",
            "count": 1,
            "created_time": "2024-12-21T16:23:07.958159Z",
            "yes_price": 17,
            "no_price": 83,
            "taker_side": "yes"
        },
        {
            "trade_id": "732dd339-3833-4db6-b1ba-66b4eb80c3bd",
            "ticker": "KXHIGHAUS-24DEC21-B61.5",
            "count": 14,
            "created_time": "2024-12-21T16:23:07.958159Z",
            "yes_price": 17,
            "no_price": 83,
            "taker_side": "yes"
        },
        {
            "trade_id": "6e3541e8-c1bc-499c-addc-7851b440ac4f",
            "ticker": "KXHIGHAUS-24DEC21-B61.5",
            "count": 1,
            "created_time": "2024-12-21T16:23:07.958159Z",
            "yes_price": 17,
            "no_price": 83,
            "taker_side": "yes"
        },
        {
            "trade_id": "6d0b4b12-212d-4755-a1b2-eaf42933be5f",
            "ticker": "KXHIGHAUS-24DEC21-B61.5",
            "count": 1,
            "created_time": "2024-12-21T16:23:07.958159Z",
            "yes_price": 17,
            "no_price": 83,
            "taker_side": "yes"
        },
        {
            "trade_id": "4be1683b-fdea-46f4-a881-87f44ceaea7c",
            "ticker": "KXHIGHAUS-24DEC21-B61.5",
            "count": 1,
            "created_time": "2024-12-21T16:23:07.958159Z",
            "yes_price": 17,
            "no_price": 83,
            "taker_side": "yes"
        },
        {
            "trade_id": "3d5dd6a9-2817-433d-a764-6cdcedff903c",
            "ticker": "KXHIGHAUS-24DEC21-B61.5",
            "count": 1,
            "created_time": "2024-12-21T16:23:07.958159Z",
            "yes_price": 17,
            "no_price": 83,
            "taker_side": "yes"
        },
        {
            "trade_id": "1a8b5c51-3342-4b39-bc09-28ec917a0608",
            "ticker": "KXHIGHAUS-24DEC21-B61.5",
            "count": 1,
            "created_time": "2024-12-21T16:23:07.958159Z",
            "yes_price": 17,
            "no_price": 83,
            "taker_side": "yes"
        },
        {
            "trade_id": "08e35cd6-56f2-4344-a48b-8ce61951169d",
            "ticker": "KXHIGHAUS-24DEC21-B61.5",
            "count": 75,
            "created_time": "2024-12-21T16:23:07.958159Z",
            "yes_price": 17,
            "no_price": 83,
            "taker_side": "yes"
        },
        {
            "trade_id": "9870e50a-43e6-4929-864e-f585626375f6",
            "ticker": "KXHIGHAUS-24DEC21-B61.5",
            "count": 11,
            "created_time": "2024-12-21T16:19:39.590872Z",
            "yes_price": 17,
            "no_price": 83,
            "taker_side": "yes"
        },
        {
            "trade_id": "62c03c81-ab25-45cb-b130-a7c708f36507",
            "ticker": "KXHIGHAUS-24DEC21-B61.5",
            "count": 18,
            "created_time": "2024-12-21T16:19:01.261886Z",
            "yes_price": 16,
            "no_price": 84,
            "taker_side": "no"
        },
        {
            "trade_id": "5e1d8011-053f-423c-b35f-09fe04f8c728",
            "ticker": "KXHIGHAUS-24DEC21-B61.5",
            "count": 7,
            "created_time": "2024-12-21T16:18:31.209806Z",
            "yes_price": 16,
            "no_price": 84,
            "taker_side": "no"
        },
        {
            "trade_id": "165e6fcf-f076-4602-992f-f306171d1ba4",
            "ticker": "KXHIGHAUS-24DEC21-B61.5",
            "count": 14,
            "created_time": "2024-12-21T16:18:30.968859Z",
            "yes_price": 17,
            "no_price": 83,
            "taker_side": "no"
        },
        {
            "trade_id": "efc8bd39-74a4-49a9-8b3e-dd6bd4dc79f5",
            "ticker": "KXHIGHAUS-24DEC21-B61.5",
            "count": 47,
            "created_time": "2024-12-21T16:15:04.722684Z",
            "yes_price": 17,
            "no_price": 83,
            "taker_side": "no"
        },
        {
            "trade_id": "486a563d-26ad-4c89-b53c-31858574c083",
            "ticker": "KXHIGHAUS-24DEC21-B61.5",
            "count": 50,
            "created_time": "2024-12-21T16:14:55.166768Z",
            "yes_price": 18,
            "no_price": 82,
            "taker_side": "yes"
        },
        {
            "trade_id": "8ba05c7d-20f5-496a-a345-573420231766",
            "ticker": "KXHIGHAUS-24DEC21-B61.5",
            "count": 24,
            "created_time": "2024-12-21T16:14:36.299575Z",
            "yes_price": 17,
            "no_price": 83,
            "taker_side": "yes"
        },
        {
            "trade_id": "15148603-8370-4f6f-a7ae-aab7a4926124",
            "ticker": "KXHIGHAUS-24DEC21-B61.5",
            "count": 48,
            "created_time": "2024-12-21T15:59:38.500183Z",
            "yes_price": 20,
            "no_price": 80,
            "taker_side": "yes"
        },
        {
            "trade_id": "aff48d14-bed6-4db2-bf84-94fccc4c2ec6",
            "ticker": "KXHIGHAUS-24DEC21-B61.5",
            "count": 22,
            "created_time": "2024-12-21T15:49:57.488305Z",
            "yes_price": 21,
            "no_price": 79,
            "taker_side": "yes"
        },
        {
            "trade_id": "df22236d-5f43-4b30-8af1-37d8feb3970a",
            "ticker": "KXHIGHAUS-24DEC21-B61.5",
            "count": 169,
            "created_time": "2024-12-21T15:40:09.577646Z",
            "yes_price": 22,
            "no_price": 78,
            "taker_side": "no"
        },
        {
            "trade_id": "e459a540-62ad-48d4-870f-c5ef090edcba",
            "ticker": "KXHIGHAUS-24DEC21-B61.5",
            "count": 19,
            "created_time": "2024-12-21T15:39:39.4388Z",
            "yes_price": 22,
            "no_price": 78,
            "taker_side": "yes"
        },
        {
            "trade_id": "7005168c-80d6-489d-89c8-9b3863b1f717",
            "ticker": "KXHIGHAUS-24DEC21-B61.5",
            "count": 19,
            "created_time": "2024-12-21T15:39:39.4388Z",
            "yes_price": 22,
            "no_price": 78,
            "taker_side": "yes"
        },
        {
            "trade_id": "2cdf7cd8-cd5a-433a-933b-e032676b60fe",
            "ticker": "KXHIGHAUS-24DEC21-B61.5",
            "count": 18,
            "created_time": "2024-12-21T15:39:39.4388Z",
            "yes_price": 22,
            "no_price": 78,
            "taker_side": "yes"
        },
        {
            "trade_id": "0b54f5e1-30e8-4901-818c-78ca84a40dff",
            "ticker": "KXHIGHAUS-24DEC21-B61.5",
            "count": 16,
            "created_time": "2024-12-21T15:39:39.4388Z",
            "yes_price": 20,
            "no_price": 80,
            "taker_side": "yes"
        },
        {
            "trade_id": "c12f462f-4cdf-463c-ac7e-273d4f8cfcba",
            "ticker": "KXHIGHAUS-24DEC21-B61.5",
            "count": 109,
            "created_time": "2024-12-21T15:39:39.379346Z",
            "yes_price": 20,
            "no_price": 80,
            "taker_side": "yes"
        },
        {
            "trade_id": "2d0f3386-b6c3-4e45-8981-4ecd74d238e8",
            "ticker": "KXHIGHAUS-24DEC21-B61.5",
            "count": 91,
            "created_time": "2024-12-21T15:39:39.379346Z",
            "yes_price": 20,
            "no_price": 80,
            "taker_side": "yes"
        },
        {
            "trade_id": "5d2731e3-63fe-4e6e-befa-d0b115b1af4a",
            "ticker": "KXHIGHAUS-24DEC21-B61.5",
            "count": 100,
            "created_time": "2024-12-21T15:39:39.312503Z",
            "yes_price": 20,
            "no_price": 80,
            "taker_side": "yes"
        },
        {
            "trade_id": "b46bee52-22c3-460a-8968-e6747ad38afb",
            "ticker": "KXHIGHAUS-24DEC21-B61.5",
            "count": 9,
            "created_time": "2024-12-21T15:38:48.456605Z",
            "yes_price": 20,
            "no_price": 80,
            "taker_side": "yes"
        },
        {
            "trade_id": "8848e1de-119e-4584-8709-12ad3f21cee5",
            "ticker": "KXHIGHAUS-24DEC21-B61.5",
            "count": 11,
            "created_time": "2024-12-21T15:36:28.98937Z",
            "yes_price": 19,
            "no_price": 81,
            "taker_side": "yes"
        },
        {
            "trade_id": "4bf0d552-e047-402b-b1d7-ca096561d0ef",
            "ticker": "KXHIGHAUS-24DEC21-B61.5",
            "count": 70,
            "created_time": "2024-12-21T15:36:28.919606Z",
            "yes_price": 18,
            "no_price": 82,
            "taker_side": "yes"
        },
        {
            "trade_id": "45d469e8-b517-4dde-b1ba-0e9375b5d979",
            "ticker": "KXHIGHAUS-24DEC21-B61.5",
            "count": 30,
            "created_time": "2024-12-21T15:36:28.919606Z",
            "yes_price": 19,
            "no_price": 81,
            "taker_side": "yes"
        },
        {
            "trade_id": "aa0e79c1-0422-42f0-828b-162e582c3252",
            "ticker": "KXHIGHAUS-24DEC21-B61.5",
            "count": 15,
            "created_time": "2024-12-21T15:26:22.828581Z",
            "yes_price": 15,
            "no_price": 85,
            "taker_side": "no"
        },
        {
            "trade_id": "10631b8e-0a9a-4f45-af20-33f8a019171d",
            "ticker": "KXHIGHAUS-24DEC21-B61.5",
            "count": 10,
            "created_time": "2024-12-21T15:17:47.671764Z",
            "yes_price": 19,
            "no_price": 81,
            "taker_side": "yes"
        },
        {
            "trade_id": "b9614219-7494-495a-aaee-a1d73bfc90de",
            "ticker": "KXHIGHAUS-24DEC21-B61.5",
            "count": 10,
            "created_time": "2024-12-21T15:17:44.322786Z",
            "yes_price": 11,
            "no_price": 89,
            "taker_side": "no"
        },
        {
            "trade_id": "1b322cbd-8bc3-40bf-b013-60c8070cc396",
            "ticker": "KXHIGHAUS-24DEC21-B61.5",
            "count": 31,
            "created_time": "2024-12-21T15:02:27.782097Z",
            "yes_price": 15,
            "no_price": 85,
            "taker_side": "yes"
        },
        {
            "trade_id": "de4cbaa4-b0cf-4d31-abca-633c21827c38",
            "ticker": "KXHIGHAUS-24DEC21-B61.5",
            "count": 22,
            "created_time": "2024-12-21T14:54:03.259518Z",
            "yes_price": 14,
            "no_price": 86,
            "taker_side": "no"
        },
        {
            "trade_id": "b2a3ca92-5abf-49c8-9dc3-0c2e0e6380f2",
            "ticker": "KXHIGHAUS-24DEC21-B61.5",
            "count": 50,
            "created_time": "2024-12-21T14:50:42.155829Z",
            "yes_price": 14,
            "no_price": 86,
            "taker_side": "no"
        },
        {
            "trade_id": "bdb1d425-29f6-4224-a3b7-e9bb0c6de62c",
            "ticker": "KXHIGHAUS-24DEC21-B61.5",
            "count": 20,
            "created_time": "2024-12-21T14:50:24.015651Z",
            "yes_price": 15,
            "no_price": 85,
            "taker_side": "yes"
        },
        {
            "trade_id": "5ad71254-fc57-4e5c-b76a-de7a64a7e53b",
            "ticker": "KXHIGHAUS-24DEC21-B61.5",
            "count": 50,
            "created_time": "2024-12-21T14:50:24.015651Z",
            "yes_price": 15,
            "no_price": 85,
            "taker_side": "yes"
        },
        {
            "trade_id": "183e0980-626a-425e-8055-8d752ecf3b75",
            "ticker": "KXHIGHAUS-24DEC21-B61.5",
            "count": 50,
            "created_time": "2024-12-21T14:48:31.978316Z",
            "yes_price": 15,
            "no_price": 85,
            "taker_side": "no"
        },
        {
            "trade_id": "13555353-7194-4478-8813-f861b02c1fd7",
            "ticker": "KXHIGHAUS-24DEC21-B61.5",
            "count": 49,
            "created_time": "2024-12-21T14:28:29.931511Z",
            "yes_price": 19,
            "no_price": 81,
            "taker_side": "yes"
        },
        {
            "trade_id": "7d12933c-cb81-44d9-b69b-440b233c2fa6",
            "ticker": "KXHIGHAUS-24DEC21-B61.5",
            "count": 17,
            "created_time": "2024-12-21T14:21:37.510766Z",
            "yes_price": 15,
            "no_price": 85,
            "taker_side": "no"
        },
        {
            "trade_id": "77d804c7-f9d6-40d9-a92a-d395f11aee83",
            "ticker": "KXHIGHAUS-24DEC21-B61.5",
            "count": 23,
            "created_time": "2024-12-21T14:17:08.754522Z",
            "yes_price": 15,
            "no_price": 85,
            "taker_side": "no"
        },
        {
            "trade_id": "8d16e9cb-8b9e-4a30-9a7d-436141a4748b",
            "ticker": "KXHIGHAUS-24DEC21-B61.5",
            "count": 116,
            "created_time": "2024-12-21T14:07:20.102455Z",
            "yes_price": 15,
            "no_price": 85,
            "taker_side": "no"
        },
        {
            "trade_id": "dd41f719-859f-4a63-af32-43c46bc55db2",
            "ticker": "KXHIGHAUS-24DEC21-B61.5",
            "count": 2,
            "created_time": "2024-12-21T13:26:11.657423Z",
            "yes_price": 19,
            "no_price": 81,
            "taker_side": "no"
        },
        {
            "trade_id": "4e70202e-22e6-4210-a03b-0834b0bd6d9b",
            "ticker": "KXHIGHAUS-24DEC21-B61.5",
            "count": 8,
            "created_time": "2024-12-21T13:26:11.657423Z",
            "yes_price": 19,
            "no_price": 81,
            "taker_side": "no"
        },
        {
            "trade_id": "f03b341f-b535-4076-87d6-9749edbf2596",
            "ticker": "KXHIGHAUS-24DEC21-B61.5",
            "count": 15,
            "created_time": "2024-12-21T13:20:42.193058Z",
            "yes_price": 21,
            "no_price": 79,
            "taker_side": "yes"
        },
        {
