{
    "KXHIGHAUS-24NOV28-T58": [
        {
            "trade_id": "cdab9939-d1c9-4633-8e1d-546965cb3a82",
            "ticker": "KXHIGHAUS-24NOV28-T58",
            "count": 163,
            "created_time": "2024-11-28T18:40:15.797924Z",
            "yes_price": 1,
            "no_price": 99,
            "taker_side": "yes"
        },
        {
            "trade_id": "c38e4594-80df-4b2a-b2a0-3d3f46ba3ec8",
            "ticker": "KXHIGHAUS-24NOV28-T58",
            "count": 3,
            "created_time": "2024-11-28T18:40:15.797924Z",
            "yes_price": 1,
            "no_price": 99,
            "taker_side": "yes"
        },
        {
            "trade_id": "342c3748-f241-4ec5-8fd0-2da78ee77fea",
            "ticker": "KXHIGHAUS-24NOV28-T58",
            "count": 300,
            "created_time": "2024-11-28T18:40:15.797924Z",
            "yes_price": 1,
            "no_price": 99,
            "taker_side": "yes"
        },
        {
            "trade_id": "798f22b2-953f-4e57-9ce2-27db5b7ad328",
            "ticker": "KXHIGHAUS-24NOV28-T58",
            "count": 935,
            "created_time": "2024-11-28T17:47:12.743334Z",
            "yes_price": 1,
            "no_price": 99,
            "taker_side": "yes"
        },
        {
            "trade_id": "28c90651-b65d-4410-aa75-116ccbc922e7",
            "ticker": "KXHIGHAUS-24NOV28-T58",
            "count": 935,
            "created_time": "2024-11-28T17:44:57.944457Z",
            "yes_price": 1,
            "no_price": 99,
            "taker_side": "yes"
        },
        {
            "trade_id": "afa1c278-d720-4dbe-8be1-01198f0c0cda",
            "ticker": "KXHIGHAUS-24NOV28-T58",
            "count": 467,
            "created_time": "2024-11-28T13:03:27.572402Z",
            "yes_price": 1,
            "no_price": 99,
            "taker_side": "yes"
        },
        {
            "trade_id": "76949021-a6ec-4517-ae51-c5e96f83f828",
            "ticker": "KXHIGHAUS-24NOV28-T58",
            "count": 700,
            "created_time": "2024-11-28T06:02:52.890729Z",
            "yes_price": 1,
            "no_price": 99,
            "taker_side": "yes"
        },
        {
            "trade_id": "ddedb6e3-cb63-4ec6-a509-b16042d09f4f",
            "ticker": "KXHIGHAUS-24NOV28-T58",
            "count": 79,
            "created_time": "2024-11-28T05:29:58.998817Z",
            "yes_price": 1,
            "no_price": 99,
            "taker_side": "no"
        },
        {
            "trade_id": "0b96f0d3-9bd5-448a-8427-7b7dd68246b5",
            "ticker": "KXHIGHAUS-24NOV28-T58",
            "count": 80,
            "created_time": "2024-11-28T05:21:45.544341Z",
            "yes_price": 2,
            "no_price": 98,
            "taker_side": "yes"
        },
        {
            "trade_id": "f38007ee-5d10-4d5f-89f7-d8fed6186517",
            "ticker": "KXHIGHAUS-24NOV28-T58",
            "count": 500,
            "created_time": "2024-11-28T05:02:09.020016Z",
            "yes_price": 1,
            "no_price": 99,
            "taker_side": "no"
        },
        {
            "trade_id": "b017a64d-4f32-4b84-be4f-8bd3394b4493",
            "ticker": "KXHIGHAUS-24NOV28-T58",
            "count": 400,
            "created_time": "2024-11-28T05:02:09.020016Z",
            "yes_price": 1,
            "no_price": 99,
            "taker_side": "no"
        },
        {
            "trade_id": "86cd3be8-5ddd-45fc-ba67-abc8f67be416",
            "ticker": "KXHIGHAUS-24NOV28-T58",
            "count": 25,
            "created_time": "2024-11-28T04:46:30.305145Z",
            "yes_price": 2,
            "no_price": 98,
            "taker_side": "no"
        },
        {
            "trade_id": "186d3878-428d-48a6-984d-1cb452d7a208",
            "ticker": "KXHIGHAUS-24NOV28-T58",
            "count": 100,
            "created_time": "2024-11-28T04:25:02.985403Z",
            "yes_price": 6,
            "no_price": 94,
            "taker_side": "yes"
        },
        {
            "trade_id": "0b1c438b-7215-4bd6-aa43-15b154327d38",
            "ticker": "KXHIGHAUS-24NOV28-T58",
            "count": 100,
            "created_time": "2024-11-28T04:25:02.985403Z",
            "yes_price": 6,
            "no_price": 94,
            "taker_side": "yes"
        },
        {
            "trade_id": "722588bc-e1c6-4c47-a128-402db6af501a",
            "ticker": "KXHIGHAUS-24NOV28-T58",
            "count": 100,
            "created_time": "2024-11-28T03:56:54.563284Z",
            "yes_price": 5,
            "no_price": 95,
            "taker_side": "yes"
        },
        {
            "trade_id": "8228907f-2d3c-4f80-836e-206ecbf6995f",
            "ticker": "KXHIGHAUS-24NOV28-T58",
            "count": 100,
            "created_time": "2024-11-28T03:22:20.674445Z",
            "yes_price": 4,
            "no_price": 96,
            "taker_side": "yes"
        },
        {
            "trade_id": "098c4ab7-8e4c-49fb-a269-811676989754",
            "ticker": "KXHIGHAUS-24NOV28-T58",
            "count": 100,
            "created_time": "2024-11-28T03:19:24.781739Z",
            "yes_price": 3,
            "no_price": 97,
            "taker_side": "yes"
        },
        {
            "trade_id": "b6f5c45d-a134-4017-adf6-d1f8951be23b",
            "ticker": "KXHIGHAUS-24NOV28-T58",
            "count": 350,
            "created_time": "2024-11-28T03:18:01.562244Z",
            "yes_price": 2,
            "no_price": 98,
            "taker_side": "yes"
        },
        {
            "trade_id": "88afe572-5bc8-4d84-a20e-1fc71e4f2ca3",
            "ticker": "KXHIGHAUS-24NOV28-T58",
            "count": 100,
            "created_time": "2024-11-28T02:59:15.356213Z",
            "yes_price": 1,
            "no_price": 99,
            "taker_side": "yes"
        },
        {
            "trade_id": "6f289846-d44e-497f-b50c-6eb80b281a37",
            "ticker": "KXHIGHAUS-24NOV28-T58",
            "count": 200,
            "created_time": "2024-11-28T02:00:15.526136Z",
            "yes_price": 2,
            "no_price": 98,
            "taker_side": "no"
        },
        {
            "trade_id": "27cee401-6ed5-4667-9baa-25897ce30bf3",
            "ticker": "KXHIGHAUS-24NOV28-T58",
            "count": 100,
            "created_time": "2024-11-28T02:00:15.526136Z",
            "yes_price": 2,
            "no_price": 98,
            "taker_side": "no"
        },
        {
            "trade_id": "632fe050-57bd-46a4-90d0-1f29e8ea5c1b",
            "ticker": "KXHIGHAUS-24NOV28-T58",
            "count": 50,
            "created_time": "2024-11-28T01:47:35.576632Z",
            "yes_price": 2,
            "no_price": 98,
            "taker_side": "no"
        },
        {
            "trade_id": "2791fde0-727e-4e85-82da-8ac8b252ddfd",
            "ticker": "KXHIGHAUS-24NOV28-T58",
            "count": 100,
            "created_time": "2024-11-28T00:27:27.248174Z",
            "yes_price": 5,
            "no_price": 95,
            "taker_side": "yes"
        },
        {
            "trade_id": "27f4ec38-b3ca-483d-b1f6-37b9e170677d",
            "ticker": "KXHIGHAUS-24NOV28-T58",
            "count": 20,
            "created_time": "2024-11-27T23:20:34.020177Z",
            "yes_price": 1,
            "no_price": 99,
            "taker_side": "no"
        },
        {
            "trade_id": "17c7fc59-1acb-4850-95c9-6998b1faae67",
            "ticker": "KXHIGHAUS-24NOV28-T58",
            "count": 120,
            "created_time": "2024-11-27T21:59:10.896025Z",
            "yes_price": 1,
            "no_price": 99,
            "taker_side": "no"
        },
        {
            "trade_id": "a61639f8-3ed6-4716-9999-106e3a6babcb",
            "ticker": "KXHIGHAUS-24NOV28-T58",
            "count": 100,
            "created_time": "2024-11-27T20:46:27.371757Z",
            "yes_price": 1,
            "no_price": 99,
            "taker_side": "yes"
        },
        {
            "trade_id": "dd33cbf2-5c1a-4f5e-8527-174440fb0c68",
            "ticker": "KXHIGHAUS-24NOV28-T58",
            "count": 8,
            "created_time": "2024-11-27T20:46:00.57439Z",
            "yes_price": 1,
            "no_price": 99,
            "taker_side": "yes"
        },
        {
            "trade_id": "b077bf01-d22c-4310-b1f2-2b81037d2aac",
            "ticker": "KXHIGHAUS-24NOV28-T58",
            "count": 112,
            "created_time": "2024-11-27T15:06:56.318964Z",
            "yes_price": 1,
            "no_price": 99,
            "taker_side": "yes"
        }
    ],
    "KXHIGHAUS-24NOV28-B58.5": [
        {
            "trade_id": "2220564e-2d70-4acc-b76f-338dbdca9a40",
            "ticker": "KXHIGHAUS-24NOV28-B58.5",
            "count": 80,
            "created_time": "2024-11-28T18:35:29.912512Z",
            "yes_price": 1,
            "no_price": 99,
            "taker_side": "yes"
        },
        {
            "trade_id": "0a4c1051-15ea-463a-9603-d28e88311c23",
            "ticker": "KXHIGHAUS-24NOV28-B58.5",
            "count": 20,
            "created_time": "2024-11-28T18:34:26.768271Z",
            "yes_price": 1,
            "no_price": 99,
            "taker_side": "yes"
        },
        {
            "trade_id": "e6520519-2dde-460b-8595-9f5ae99d06b8",
            "ticker": "KXHIGHAUS-24NOV28-B58.5",
            "count": 935,
            "created_time": "2024-11-28T18:14:39.994817Z",
            "yes_price": 1,
            "no_price": 99,
            "taker_side": "yes"
        },
        {
            "trade_id": "b3ddc689-6562-4185-b3dc-4c71aa84021a",
            "ticker": "KXHIGHAUS-24NOV28-B58.5",
            "count": 935,
            "created_time": "2024-11-28T17:53:38.964221Z",
            "yes_price": 1,
            "no_price": 99,
            "taker_side": "yes"
        },
        {
            "trade_id": "7f344f38-aa94-4bdd-82a0-a792df45f55b",
            "ticker": "KXHIGHAUS-24NOV28-B58.5",
            "count": 302,
            "created_time": "2024-11-28T17:53:18.88895Z",
            "yes_price": 1,
            "no_price": 99,
            "taker_side": "yes"
        },
        {
            "trade_id": "46c70e88-bb01-4eb7-ba85-4da04baf9382",
            "ticker": "KXHIGHAUS-24NOV28-B58.5",
            "count": 633,
            "created_time": "2024-11-28T17:53:18.88895Z",
            "yes_price": 1,
            "no_price": 99,
            "taker_side": "yes"
        },
        {
            "trade_id": "988f6787-5878-42fb-bea7-bf2a612c7be0",
            "ticker": "KXHIGHAUS-24NOV28-B58.5",
            "count": 935,
            "created_time": "2024-11-28T17:46:44.964924Z",
            "yes_price": 1,
            "no_price": 99,
            "taker_side": "yes"
        },
        {
            "trade_id": "2c336d9c-cdd2-4176-97ed-6457040586f0",
            "ticker": "KXHIGHAUS-24NOV28-B58.5",
            "count": 935,
            "created_time": "2024-11-28T17:42:33.345221Z",
            "yes_price": 1,
            "no_price": 99,
            "taker_side": "yes"
        },
        {
            "trade_id": "996eff55-19e4-4cfa-8656-0bffdd675d46",
            "ticker": "KXHIGHAUS-24NOV28-B58.5",
            "count": 1870,
            "created_time": "2024-11-28T15:42:39.89602Z",
            "yes_price": 1,
            "no_price": 99,
            "taker_side": "yes"
        },
        {
            "trade_id": "e5b27a3f-2efd-4f90-8844-8e873108f6b7",
            "ticker": "KXHIGHAUS-24NOV28-B58.5",
            "count": 958,
            "created_time": "2024-11-28T15:06:56.845375Z",
            "yes_price": 1,
            "no_price": 99,
            "taker_side": "yes"
        },
        {
            "trade_id": "dfbcc645-73cb-4e1f-8426-d97b921689d7",
            "ticker": "KXHIGHAUS-24NOV28-B58.5",
            "count": 3717,
            "created_time": "2024-11-28T15:06:56.845375Z",
            "yes_price": 1,
            "no_price": 99,
            "taker_side": "yes"
        },
        {
            "trade_id": "3ca48249-66a0-45d9-8828-f848ba8b6402",
            "ticker": "KXHIGHAUS-24NOV28-B58.5",
            "count": 4675,
            "created_time": "2024-11-28T14:59:24.42328Z",
            "yes_price": 1,
            "no_price": 99,
            "taker_side": "yes"
        },
        {
            "trade_id": "b7b612d4-ffbc-4748-ae9d-2cdbd5d5afb3",
            "ticker": "KXHIGHAUS-24NOV28-B58.5",
            "count": 75,
            "created_time": "2024-11-28T14:49:32.410391Z",
            "yes_price": 1,
            "no_price": 99,
            "taker_side": "yes"
        },
        {
            "trade_id": "6a59232f-ddc5-4895-b605-e0db1c70e078",
            "ticker": "KXHIGHAUS-24NOV28-B58.5",
            "count": 935,
            "created_time": "2024-11-28T14:28:32.693519Z",
            "yes_price": 1,
            "no_price": 99,
            "taker_side": "yes"
        },
        {
            "trade_id": "43ed8421-2a40-4133-a303-4e628bf239ec",
            "ticker": "KXHIGHAUS-24NOV28-B58.5",
            "count": 467,
            "created_time": "2024-11-28T14:04:11.552401Z",
            "yes_price": 1,
            "no_price": 99,
            "taker_side": "yes"
        },
        {
            "trade_id": "fa9f819d-7e4d-4ca1-8957-7a9df42c051e",
            "ticker": "KXHIGHAUS-24NOV28-B58.5",
            "count": 467,
            "created_time": "2024-11-28T13:32:55.05282Z",
            "yes_price": 1,
            "no_price": 99,
            "taker_side": "yes"
        },
        {
            "trade_id": "08054d76-86a7-4573-abc1-3a250ff02ca6",
            "ticker": "KXHIGHAUS-24NOV28-B58.5",
            "count": 93,
            "created_time": "2024-11-28T13:32:17.749638Z",
            "yes_price": 1,
            "no_price": 99,
            "taker_side": "yes"
        },
        {
            "trade_id": "a4b5af5c-5d7e-4fa9-b645-b03c47f9bc7c",
            "ticker": "KXHIGHAUS-24NOV28-B58.5",
            "count": 93,
            "created_time": "2024-11-28T13:27:39.089141Z",
            "yes_price": 1,
            "no_price": 99,
            "taker_side": "yes"
        },
        {
            "trade_id": "c68e8401-7d7b-4cec-9536-58aa3ba58144",
            "ticker": "KXHIGHAUS-24NOV28-B58.5",
            "count": 20,
            "created_time": "2024-11-28T13:25:13.259503Z",
            "yes_price": 1,
            "no_price": 99,
            "taker_side": "yes"
        },
        {
            "trade_id": "611025fe-3b92-40ec-9b3f-c88cb8fab4d3",
            "ticker": "KXHIGHAUS-24NOV28-B58.5",
            "count": 280,
            "created_time": "2024-11-28T13:17:31.322949Z",
            "yes_price": 1,
            "no_price": 99,
            "taker_side": "yes"
        },
        {
            "trade_id": "6f80f10a-43bf-4ea1-8afe-cad01744ea57",
            "ticker": "KXHIGHAUS-24NOV28-B58.5",
            "count": 2337,
            "created_time": "2024-11-28T13:05:33.379145Z",
            "yes_price": 1,
            "no_price": 99,
            "taker_side": "yes"
        },
        {
            "trade_id": "b558287c-8b5f-4023-b983-3e499b6e19dc",
            "ticker": "KXHIGHAUS-24NOV28-B58.5",
            "count": 1538,
            "created_time": "2024-11-28T13:02:17.885891Z",
            "yes_price": 1,
            "no_price": 99,
            "taker_side": "yes"
        },
        {
            "trade_id": "ae296db9-8623-4d61-8700-13b98a00a707",
            "ticker": "KXHIGHAUS-24NOV28-B58.5",
            "count": 5004,
            "created_time": "2024-11-28T13:02:17.885891Z",
            "yes_price": 1,
            "no_price": 99,
            "taker_side": "yes"
        },
        {
            "trade_id": "b05a16ac-28b3-467f-9063-068622319623",
            "ticker": "KXHIGHAUS-24NOV28-B58.5",
            "count": 93,
            "created_time": "2024-11-28T13:02:08.111331Z",
            "yes_price": 1,
            "no_price": 99,
            "taker_side": "yes"
        },
        {
            "trade_id": "7ba99525-4ebd-48df-969d-c7d653465152",
            "ticker": "KXHIGHAUS-24NOV28-B58.5",
            "count": 467,
            "created_time": "2024-11-28T13:00:59.872811Z",
            "yes_price": 1,
            "no_price": 99,
            "taker_side": "yes"
        },
        {
            "trade_id": "d35d2fa8-3f15-44c8-a19b-eac66d539bf9",
            "ticker": "KXHIGHAUS-24NOV28-B58.5",
            "count": 1402,
            "created_time": "2024-11-28T13:00:49.869777Z",
            "yes_price": 1,
            "no_price": 99,
            "taker_side": "yes"
        },
        {
            "trade_id": "d9399a2c-9a15-47f4-ac99-cfe86d8b60cd",
            "ticker": "KXHIGHAUS-24NOV28-B58.5",
            "count": 500,
            "created_time": "2024-11-28T07:57:29.839031Z",
            "yes_price": 1,
            "no_price": 99,
            "taker_side": "yes"
        },
        {
            "trade_id": "48e289d4-429d-49ba-b273-a605ccc69249",
            "ticker": "KXHIGHAUS-24NOV28-B58.5",
            "count": 1837,
            "created_time": "2024-11-28T07:57:29.839031Z",
            "yes_price": 1,
            "no_price": 99,
            "taker_side": "yes"
        },
        {
            "trade_id": "b15b8e7b-8a4b-42c3-ad42-0d38a6af988a",
            "ticker": "KXHIGHAUS-24NOV28-B58.5",
            "count": 1000,
            "created_time": "2024-11-28T06:19:29.716988Z",
            "yes_price": 1,
            "no_price": 99,
            "taker_side": "yes"
        },
        {
            "trade_id": "dbacf067-9b23-4a4d-98ed-92af2dc786bc",
            "ticker": "KXHIGHAUS-24NOV28-B58.5",
            "count": 1000,
            "created_time": "2024-11-28T05:57:46.962666Z",
            "yes_price": 1,
            "no_price": 99,
            "taker_side": "yes"
        },
        {
            "trade_id": "8e0341db-1fec-4eb3-9983-5a72bf371b7e",
            "ticker": "KXHIGHAUS-24NOV28-B58.5",
            "count": 672,
            "created_time": "2024-11-28T05:45:47.302203Z",
            "yes_price": 1,
            "no_price": 99,
            "taker_side": "no"
        },
        {
            "trade_id": "80981e92-67dd-4918-a8d0-89e0f0c0095c",
            "ticker": "KXHIGHAUS-24NOV28-B58.5",
            "count": 124,
            "created_time": "2024-11-28T05:45:27.594397Z",
            "yes_price": 1,
            "no_price": 99,
            "taker_side": "no"
        },
        {
            "trade_id": "ecb5fdf0-5219-4a7a-b5df-faf82874adef",
            "ticker": "KXHIGHAUS-24NOV28-B58.5",
            "count": 4,
            "created_time": "2024-11-28T05:45:27.485099Z",
            "yes_price": 1,
            "no_price": 99,
            "taker_side": "no"
        },
        {
            "trade_id": "2e3638f5-9a71-4c06-981a-f21273240c0c",
            "ticker": "KXHIGHAUS-24NOV28-B58.5",
            "count": 120,
            "created_time": "2024-11-28T05:45:27.485099Z",
            "yes_price": 1,
            "no_price": 99,
            "taker_side": "no"
        },
        {
            "trade_id": "b82648e8-7894-4034-80bd-7475b3e0d05e",
            "ticker": "KXHIGHAUS-24NOV28-B58.5",
            "count": 50,
            "created_time": "2024-11-28T05:40:00.069565Z",
            "yes_price": 2,
            "no_price": 98,
            "taker_side": "no"
        },
        {
            "trade_id": "a453b302-bd4d-4194-a6a3-935447a71b37",
            "ticker": "KXHIGHAUS-24NOV28-B58.5",
            "count": 80,
            "created_time": "2024-11-28T05:21:45.387827Z",
            "yes_price": 5,
            "no_price": 95,
            "taker_side": "yes"
        },
        {
            "trade_id": "6e4ab5ff-17a7-4e18-b49f-df64ac3ff1cd",
            "ticker": "KXHIGHAUS-24NOV28-B58.5",
            "count": 212,
            "created_time": "2024-11-28T05:10:58.037244Z",
            "yes_price": 2,
            "no_price": 98,
            "taker_side": "no"
        },
        {
            "trade_id": "7fafc831-9cb9-4589-bdb0-226dd55bc4f6",
            "ticker": "KXHIGHAUS-24NOV28-B58.5",
            "count": 50,
            "created_time": "2024-11-28T04:24:12.084339Z",
            "yes_price": 8,
            "no_price": 92,
            "taker_side": "yes"
        },
        {
            "trade_id": "bf55e8c3-869a-47b5-94fc-4f3f0c330ec4",
            "ticker": "KXHIGHAUS-24NOV28-B58.5",
            "count": 47,
            "created_time": "2024-11-28T04:17:32.171537Z",
            "yes_price": 9,
            "no_price": 91,
            "taker_side": "yes"
        },
        {
            "trade_id": "9eac6ea9-9c08-4453-ac6b-70e0c1a98ab3",
            "ticker": "KXHIGHAUS-24NOV28-B58.5",
            "count": 200,
            "created_time": "2024-11-28T04:17:32.171537Z",
            "yes_price": 8,
            "no_price": 92,
            "taker_side": "yes"
        },
        {
            "trade_id": "5d79dea5-d02c-4ee6-ac35-a411fbee94f9",
            "ticker": "KXHIGHAUS-24NOV28-B58.5",
            "count": 40,
            "created_time": "2024-11-28T04:17:32.171537Z",
            "yes_price": 8,
            "no_price": 92,
            "taker_side": "yes"
        },
        {
            "trade_id": "e5b629bf-863c-4ee9-b8da-a3f998d184ef",
            "ticker": "KXHIGHAUS-24NOV28-B58.5",
            "count": 35,
            "created_time": "2024-11-28T04:15:48.160452Z",
            "yes_price": 2,
            "no_price": 98,
            "taker_side": "no"
        },
        {
            "trade_id": "dbe83d35-b10c-492b-9df1-a88e4cf87f7f",
            "ticker": "KXHIGHAUS-24NOV28-B58.5",
            "count": 50,
            "created_time": "2024-11-28T04:03:38.283003Z",
            "yes_price": 7,
            "no_price": 93,
            "taker_side": "yes"
        },
        {
            "trade_id": "9ce338f7-c2b9-4dce-a8f9-5b1d02d0b6b6",
            "ticker": "KXHIGHAUS-24NOV28-B58.5",
            "count": 67,
            "created_time": "2024-11-28T03:57:00.441687Z",
            "yes_price": 7,
            "no_price": 93,
            "taker_side": "yes"
        },
        {
            "trade_id": "999f322f-16ca-428a-9349-a2e64913786c",
            "ticker": "KXHIGHAUS-24NOV28-B58.5",
            "count": 61,
            "created_time": "2024-11-28T03:57:00.441687Z",
            "yes_price": 7,
            "no_price": 93,
            "taker_side": "yes"
        },
        {
            "trade_id": "965e27bc-1f50-4417-84a9-5db7ae6e1605",
            "ticker": "KXHIGHAUS-24NOV28-B58.5",
            "count": 112,
            "created_time": "2024-11-28T03:57:00.441687Z",
            "yes_price": 7,
            "no_price": 93,
            "taker_side": "yes"
        },
        {
            "trade_id": "5e0bbb09-8960-4d42-9f76-b150642b785e",
            "ticker": "KXHIGHAUS-24NOV28-B58.5",
            "count": 20,
            "created_time": "2024-11-28T03:57:00.441687Z",
            "yes_price": 7,
            "no_price": 93,
            "taker_side": "yes"
        },
        {
            "trade_id": "36214dd4-56f2-4179-8fdb-f44cd13e1d57",
            "ticker": "KXHIGHAUS-24NOV28-B58.5",
            "count": 39,
            "created_time": "2024-11-28T03:39:50.207151Z",
            "yes_price": 7,
            "no_price": 93,
            "taker_side": "yes"
        },
        {
            "trade_id": "2e325e65-0fd9-4dc5-856c-5ae4b4be9719",
            "ticker": "KXHIGHAUS-24NOV28-B58.5",
            "count": 28,
            "created_time": "2024-11-28T03:39:50.207151Z",
            "yes_price": 7,
            "no_price": 93,
            "taker_side": "yes"
        },
        {
            "trade_id": "78a8137d-b271-43c3-9832-8ec2530267d9",
            "ticker": "KXHIGHAUS-24NOV28-B58.5",
            "count": 35,
            "created_time": "2024-11-28T03:31:28.784559Z",
            "yes_price": 7,
            "no_price": 93,
            "taker_side": "yes"
        },
        {
            "trade_id": "765ed151-0dea-4265-8c39-a3f7d997f13e",
            "ticker": "KXHIGHAUS-24NOV28-B58.5",
            "count": 26,
            "created_time": "2024-11-28T03:30:39.561309Z",
            "yes_price": 7,
            "no_price": 93,
            "taker_side": "yes"
        },
        {
            "trade_id": "d9650e33-af7e-4f04-a38c-51c467637448",
            "ticker": "KXHIGHAUS-24NOV28-B58.5",
            "count": 185,
            "created_time": "2024-11-28T03:28:03.998795Z",
            "yes_price": 6,
            "no_price": 94,
            "taker_side": "yes"
        },
        {
            "trade_id": "a7f3d657-2173-44b7-8a36-269b566665f7",
            "ticker": "KXHIGHAUS-24NOV28-B58.5",
            "count": 100,
            "created_time": "2024-11-28T03:28:03.998795Z",
            "yes_price": 6,
            "no_price": 94,
            "taker_side": "yes"
        },
        {
            "trade_id": "c0c25c41-d82b-4542-aa39-f8b7b298ebcd",
            "ticker": "KXHIGHAUS-24NOV28-B58.5",
            "count": 100,
            "created_time": "2024-11-28T03:22:25.551817Z",
            "yes_price": 6,
            "no_price": 94,
            "taker_side": "yes"
        },
        {
            "trade_id": "3cf5be41-10a1-4383-a549-9004306ca317",
            "ticker": "KXHIGHAUS-24NOV28-B58.5",
            "count": 200,
            "created_time": "2024-11-28T03:19:32.022572Z",
            "yes_price": 6,
            "no_price": 94,
            "taker_side": "yes"
        },
        {
            "trade_id": "d4efb170-ffb5-4e83-9fc4-503fa9a5a12d",
            "ticker": "KXHIGHAUS-24NOV28-B58.5",
            "count": 100,
            "created_time": "2024-11-28T03:18:07.259424Z",
            "yes_price": 6,
            "no_price": 94,
            "taker_side": "yes"
        },
        {
            "trade_id": "9866ac3f-0945-480b-a4a5-d8940b023883",
            "ticker": "KXHIGHAUS-24NOV28-B58.5",
            "count": 300,
            "created_time": "2024-11-28T03:18:07.259424Z",
            "yes_price": 6,
            "no_price": 94,
            "taker_side": "yes"
        },
        {
            "trade_id": "853c7c9f-81ec-435d-8bc2-cbf2af8ff840",
            "ticker": "KXHIGHAUS-24NOV28-B58.5",
            "count": 100,
            "created_time": "2024-11-28T03:18:07.259424Z",
            "yes_price": 6,
            "no_price": 94,
            "taker_side": "yes"
        },
        {
            "trade_id": "12dc2a15-efed-4ff4-a24b-338223f0c50a",
            "ticker": "KXHIGHAUS-24NOV28-B58.5",
            "count": 100,
            "created_time": "2024-11-28T02:55:10.43279Z",
            "yes_price": 3,
            "no_price": 97,
            "taker_side": "no"
        },
        {
            "trade_id": "217410c7-6858-4bab-88e3-d6f1bf6234be",
            "ticker": "KXHIGHAUS-24NOV28-B58.5",
            "count": 50,
            "created_time": "2024-11-28T02:21:07.032014Z",
            "yes_price": 6,
            "no_price": 94,
            "taker_side": "yes"
        },
        {
            "trade_id": "199f5045-5713-4d98-9a54-4295c02831af",
            "ticker": "KXHIGHAUS-24NOV28-B58.5",
            "count": 50,
            "created_time": "2024-11-28T02:15:55.252984Z",
            "yes_price": 6,
            "no_price": 94,
            "taker_side": "yes"
        },
        {
            "trade_id": "ec38fd8a-2253-4370-b8ce-67101117e8bf",
            "ticker": "KXHIGHAUS-24NOV28-B58.5",
            "count": 100,
            "created_time": "2024-11-28T02:00:07.530235Z",
            "yes_price": 3,
            "no_price": 97,
            "taker_side": "no"
        },
        {
            "trade_id": "84deae07-05a8-4a44-8571-3a78369f026a",
            "ticker": "KXHIGHAUS-24NOV28-B58.5",
            "count": 67,
            "created_time": "2024-11-28T02:00:07.530235Z",
            "yes_price": 3,
            "no_price": 97,
            "taker_side": "no"
        },
        {
            "trade_id": "77e337be-32fe-4a45-a3d7-de2a57b9a7ed",
            "ticker": "KXHIGHAUS-24NOV28-B58.5",
            "count": 240,
            "created_time": "2024-11-28T02:00:07.530235Z",
            "yes_price": 3,
            "no_price": 97,
            "taker_side": "no"
        },
        {
            "trade_id": "a70aa1a1-2084-485c-aa11-18f483878563",
            "ticker": "KXHIGHAUS-24NOV28-B58.5",
            "count": 100,
            "created_time": "2024-11-28T01:59:57.813423Z",
            "yes_price": 4,
            "no_price": 96,
            "taker_side": "no"
        },
        {
            "trade_id": "77adef4a-a0bc-4305-94d0-4f3f194deb12",
            "ticker": "KXHIGHAUS-24NOV28-B58.5",
            "count": 111,
            "created_time": "2024-11-28T01:59:57.813423Z",
            "yes_price": 4,
            "no_price": 96,
            "taker_side": "no"
        },
        {
            "trade_id": "686451fe-6765-46ee-a7c2-f85f0cde756c",
            "ticker": "KXHIGHAUS-24NOV28-B58.5",
            "count": 100,
            "created_time": "2024-11-28T01:59:57.813423Z",
            "yes_price": 4,
            "no_price": 96,
            "taker_side": "no"
        },
        {
            "trade_id": "8c4e86e4-c059-4f39-bf79-77b56c7652a2",
            "ticker": "KXHIGHAUS-24NOV28-B58.5",
            "count": 100,
            "created_time": "2024-11-28T01:59:49.996971Z",
            "yes_price": 5,
            "no_price": 95,
            "taker_side": "no"
        },
        {
            "trade_id": "4bae14f0-4fa8-4a68-9354-65f13803dee4",
            "ticker": "KXHIGHAUS-24NOV28-B58.5",
            "count": 100,
            "created_time": "2024-11-28T01:59:49.996971Z",
            "yes_price": 5,
            "no_price": 95,
            "taker_side": "no"
        },
        {
            "trade_id": "c194162c-3a63-41e6-9429-68afbbc8f183",
            "ticker": "KXHIGHAUS-24NOV28-B58.5",
            "count": 100,
            "created_time": "2024-11-28T00:45:31.086857Z",
            "yes_price": 8,
            "no_price": 92,
            "taker_side": "no"
        },
        {
            "trade_id": "658b653d-b2ab-4488-975f-a3adcedb61bc",
            "ticker": "KXHIGHAUS-24NOV28-B58.5",
            "count": 5,
            "created_time": "2024-11-28T00:09:30.266313Z",
            "yes_price": 10,
            "no_price": 90,
            "taker_side": "yes"
        },
        {
            "trade_id": "cd10f70d-6d35-4850-a853-47a443fdee85",
            "ticker": "KXHIGHAUS-24NOV28-B58.5",
            "count": 100,
            "created_time": "2024-11-27T23:40:13.924176Z",
            "yes_price": 8,
            "no_price": 92,
            "taker_side": "yes"
        },
        {
            "trade_id": "ad807ec0-657f-4b9f-947f-428d86485dfe",
            "ticker": "KXHIGHAUS-24NOV28-B58.5",
            "count": 200,
            "created_time": "2024-11-27T23:23:13.94309Z",
            "yes_price": 7,
            "no_price": 93,
            "taker_side": "yes"
        },
        {
            "trade_id": "f3e5635e-e0d9-44c7-a734-3471e62188b7",
            "ticker": "KXHIGHAUS-24NOV28-B58.5",
            "count": 20,
            "created_time": "2024-11-27T23:20:33.765516Z",
            "yes_price": 4,
            "no_price": 96,
            "taker_side": "no"
        },
        {
            "trade_id": "39522eb6-1663-4998-8cce-1d9022568e91",
            "ticker": "KXHIGHAUS-24NOV28-B58.5",
            "count": 184,
            "created_time": "2024-11-27T23:13:22.451188Z",
            "yes_price": 4,
            "no_price": 96,
            "taker_side": "no"
        },
        {
            "trade_id": "909f31c6-24c7-4049-a574-8c8c433e291c",
            "ticker": "KXHIGHAUS-24NOV28-B58.5",
            "count": 84,
            "created_time": "2024-11-27T23:07:34.929506Z",
            "yes_price": 8,
            "no_price": 92,
            "taker_side": "yes"
        },
        {
            "trade_id": "3c2ec58a-5a5a-4a50-920a-9042685a2be9",
            "ticker": "KXHIGHAUS-24NOV28-B58.5",
            "count": 100,
            "created_time": "2024-11-27T23:07:34.929506Z",
            "yes_price": 8,
            "no_price": 92,
            "taker_side": "yes"
        },
        {
            "trade_id": "9f3a986f-d60f-4876-b40b-6c0569a31f58",
            "ticker": "KXHIGHAUS-24NOV28-B58.5",
            "count": 300,
            "created_time": "2024-11-27T21:05:35.685669Z",
            "yes_price": 8,
            "no_price": 92,
            "taker_side": "yes"
        },
        {
            "trade_id": "694bfc8f-1350-4436-ad70-5149c25fb3d8",
            "ticker": "KXHIGHAUS-24NOV28-B58.5",
            "count": 15,
            "created_time": "2024-11-27T20:45:43.000233Z",
            "yes_price": 8,
            "no_price": 92,
            "taker_side": "no"
        },
        {
            "trade_id": "7ac794a0-0c7a-42e4-83f5-0fb5c3ffd908",
            "ticker": "KXHIGHAUS-24NOV28-B58.5",
            "count": 1,
            "created_time": "2024-11-27T17:30:17.896082Z",
            "yes_price": 6,
            "no_price": 94,
            "taker_side": "no"
        }
    ],
    "KXHIGHAUS-24NOV28-B60.5": [
        {
            "trade_id": "ec5edb7e-2599-4581-b1e9-7cfa437f1195",
            "ticker": "KXHIGHAUS-24NOV28-B60.5",
            "count": 323,
            "created_time": "2024-11-29T03:57:49.484764Z",
            "yes_price": 1,
            "no_price": 99,
            "taker_side": "yes"
        },
        {
            "trade_id": "979d918c-a81d-443b-838b-8922953f06ac",
            "ticker": "KXHIGHAUS-24NOV28-B60.5",
            "count": 109,
            "created_time": "2024-11-29T03:57:49.484764Z",
            "yes_price": 1,
            "no_price": 99,
            "taker_side": "yes"
        },
        {
            "trade_id": "868b750b-09b7-43b6-915b-15763a919ff7",
            "ticker": "KXHIGHAUS-24NOV28-B60.5",
            "count": 341,
            "created_time": "2024-11-29T03:57:49.484764Z",
            "yes_price": 1,
            "no_price": 99,
            "taker_side": "yes"
        },
        {
            "trade_id": "81d620e5-bc41-40b5-bbaa-ca166b77f1e6",
            "ticker": "KXHIGHAUS-24NOV28-B60.5",
            "count": 160,
            "created_time": "2024-11-29T03:57:49.484764Z",
            "yes_price": 1,
            "no_price": 99,
            "taker_side": "yes"
        },
        {
            "trade_id": "f3d34990-a557-4aa3-a0a0-8d80a8a330c9",
            "ticker": "KXHIGHAUS-24NOV28-B60.5",
            "count": 1991,
            "created_time": "2024-11-28T20:41:40.142417Z",
            "yes_price": 1,
            "no_price": 99,
            "taker_side": "yes"
        },
        {
            "trade_id": "61ab90bd-7de4-45fd-b16b-fbd2f9ffc08b",
            "ticker": "KXHIGHAUS-24NOV28-B60.5",
            "count": 202,
            "created_time": "2024-11-28T20:41:40.142417Z",
            "yes_price": 1,
            "no_price": 99,
            "taker_side": "yes"
        },
        {
            "trade_id": "6073d2e7-bc10-4934-ab52-cc6c1be40055",
            "ticker": "KXHIGHAUS-24NOV28-B60.5",
            "count": 144,
            "created_time": "2024-11-28T20:41:40.142417Z",
            "yes_price": 1,
            "no_price": 99,
            "taker_side": "yes"
        },
        {
            "trade_id": "50900cff-5a2f-4c43-9560-0543e9359075",
            "ticker": "KXHIGHAUS-24NOV28-B60.5",
            "count": 4553,
            "created_time": "2024-11-28T18:46:12.761699Z",
            "yes_price": 1,
            "no_price": 99,
            "taker_side": "yes"
        },
        {
            "trade_id": "463305a0-5caa-4d55-8133-b62f86004eac",
            "ticker": "KXHIGHAUS-24NOV28-B60.5",
            "count": 4798,
            "created_time": "2024-11-28T18:46:12.761699Z",
            "yes_price": 1,
            "no_price": 99,
            "taker_side": "yes"
        },
        {
            "trade_id": "b2e81364-11d7-422a-a305-dd35c8fb25fc",
            "ticker": "KXHIGHAUS-24NOV28-B60.5",
            "count": 100,
            "created_time": "2024-11-28T18:35:44.999866Z",
            "yes_price": 1,
            "no_price": 99,
            "taker_side": "yes"
        },
        {
            "trade_id": "a9c2b1d0-d685-4f9e-85cb-d0bc5ab1c252",
            "ticker": "KXHIGHAUS-24NOV28-B60.5",
            "count": 200,
            "created_time": "2024-11-28T18:34:55.665872Z",
            "yes_price": 1,
            "no_price": 99,
            "taker_side": "yes"
        },
        {
            "trade_id": "00714610-5d73-4f94-8ef4-635ca8bdf6e6",
            "ticker": "KXHIGHAUS-24NOV28-B60.5",
            "count": 100,
            "created_time": "2024-11-28T18:32:16.001689Z",
            "yes_price": 1,
            "no_price": 99,
            "taker_side": "yes"
        },
        {
            "trade_id": "9e329070-4b38-407d-bf4e-4cecc577e051",
            "ticker": "KXHIGHAUS-24NOV28-B60.5",
            "count": 1870,
            "created_time": "2024-11-28T18:29:33.324834Z",
            "yes_price": 1,
            "no_price": 99,
            "taker_side": "yes"
        },
        {
            "trade_id": "769ff1b0-6685-4266-a631-ec7424c7267f",
            "ticker": "KXHIGHAUS-24NOV28-B60.5",
            "count": 935,
            "created_time": "2024-11-28T18:14:29.395123Z",
            "yes_price": 1,
            "no_price": 99,
            "taker_side": "yes"
        },
        {
            "trade_id": "8f9245b6-60f8-4f00-a519-eb442b51083a",
            "ticker": "KXHIGHAUS-24NOV28-B60.5",
            "count": 1870,
            "created_time": "2024-11-28T17:54:24.063544Z",
            "yes_price": 1,
            "no_price": 99,
            "taker_side": "yes"
        },
        {
            "trade_id": "3c73109d-4172-4bc6-bd6a-cf7be78ea6ca",
            "ticker": "KXHIGHAUS-24NOV28-B60.5",
            "count": 1870,
            "created_time": "2024-11-28T17:51:59.256075Z",
            "yes_price": 1,
            "no_price": 99,
            "taker_side": "yes"
        },
        {
            "trade_id": "be7d2425-2e9b-4ba4-b1e7-ec272e4fd9c9",
            "ticker": "KXHIGHAUS-24NOV28-B60.5",
            "count": 935,
            "created_time": "2024-11-28T17:46:58.897999Z",
            "yes_price": 1,
            "no_price": 99,
            "taker_side": "yes"
        },
        {
            "trade_id": "266a6d64-7794-4307-bd11-9cbf3efbadf5",
            "ticker": "KXHIGHAUS-24NOV28-B60.5",
            "count": 113,
            "created_time": "2024-11-28T17:36:19.536177Z",
            "yes_price": 1,
            "no_price": 99,
            "taker_side": "yes"
        },
        {
            "trade_id": "b6543f49-b730-4dbc-b6a9-c05db9598d02",
            "ticker": "KXHIGHAUS-24NOV28-B60.5",
            "count": 280,
            "created_time": "2024-11-28T17:14:40.801065Z",
            "yes_price": 1,
            "no_price": 99,
            "taker_side": "yes"
        },
        {
            "trade_id": "9a6b0420-67d3-4a88-b3ab-fd91825202d8",
            "ticker": "KXHIGHAUS-24NOV28-B60.5",
            "count": 500,
            "created_time": "2024-11-28T17:13:45.168124Z",
            "yes_price": 1,
            "no_price": 99,
            "taker_side": "yes"
        },
        {
            "trade_id": "c2d4fd58-887f-436b-823d-c21095d2924a",
            "ticker": "KXHIGHAUS-24NOV28-B60.5",
            "count": 467,
            "created_time": "2024-11-28T17:13:40.765733Z",
            "yes_price": 1,
            "no_price": 99,
            "taker_side": "yes"
        },
        {
            "trade_id": "124053a7-a8e9-4900-9005-588d37e0034f",
            "ticker": "KXHIGHAUS-24NOV28-B60.5",
            "count": 467,
            "created_time": "2024-11-28T17:12:58.656527Z",
            "yes_price": 1,
            "no_price": 99,
            "taker_side": "yes"
        },
        {
            "trade_id": "5203225b-c1ca-4188-aefa-deb390abde22",
            "ticker": "KXHIGHAUS-24NOV28-B60.5",
            "count": 500,
            "created_time": "2024-11-28T17:10:33.223781Z",
            "yes_price": 1,
            "no_price": 99,
            "taker_side": "yes"
        },
        {
            "trade_id": "72d73942-74c5-46dd-b70b-3070f88ffc06",
            "ticker": "KXHIGHAUS-24NOV28-B60.5",
            "count": 467,
            "created_time": "2024-11-28T16:47:14.657975Z",
            "yes_price": 1,
            "no_price": 99,
            "taker_side": "yes"
        },
        {
            "trade_id": "ed30a6c9-65ce-48e2-8223-37877d4b097b",
            "ticker": "KXHIGHAUS-24NOV28-B60.5",
            "count": 93,
            "created_time": "2024-11-28T16:16:04.68973Z",
            "yes_price": 1,
            "no_price": 99,
            "taker_side": "yes"
        },
        {
            "trade_id": "1ac99c60-db5b-4ada-aee3-1bb9320e6664",
            "ticker": "KXHIGHAUS-24NOV28-B60.5",
            "count": 1200,
            "created_time": "2024-11-28T16:12:50.800542Z",
            "yes_price": 1,
            "no_price": 99,
            "taker_side": "yes"
        },
        {
            "trade_id": "d20fadfb-634b-42f3-aa9f-e862dedd1cd2",
            "ticker": "KXHIGHAUS-24NOV28-B60.5",
            "count": 654,
            "created_time": "2024-11-28T16:04:06.921666Z",
            "yes_price": 1,
            "no_price": 99,
            "taker_side": "yes"
        },
        {
            "trade_id": "f6417c45-3444-472c-90c9-52966e210d51",
            "ticker": "KXHIGHAUS-24NOV28-B60.5",
            "count": 46,
            "created_time": "2024-11-28T15:44:18.802535Z",
            "yes_price": 1,
            "no_price": 99,
            "taker_side": "yes"
        },
        {
            "trade_id": "6280ea25-7fa5-4e82-93ea-f33490b09f74",
            "ticker": "KXHIGHAUS-24NOV28-B60.5",
            "count": 114,
            "created_time": "2024-11-28T15:44:09.684823Z",
            "yes_price": 1,
            "no_price": 99,
            "taker_side": "yes"
        },
        {
            "trade_id": "2d36bfc7-af82-46fa-baf7-67bb8462030b",
            "ticker": "KXHIGHAUS-24NOV28-B60.5",
            "count": 2337,
            "created_time": "2024-11-28T15:41:34.571098Z",
            "yes_price": 1,
            "no_price": 99,
            "taker_side": "yes"
        },
        {
            "trade_id": "57a7636d-9ee1-48df-a9f2-1cdbee567ee1",
            "ticker": "KXHIGHAUS-24NOV28-B60.5",
            "count": 280,
            "created_time": "2024-11-28T15:38:26.233683Z",
            "yes_price": 1,
            "no_price": 99,
            "taker_side": "yes"
        },
        {
            "trade_id": "e3ccee04-1fb5-401a-9245-fcfa23e040b3",
            "ticker": "KXHIGHAUS-24NOV28-B60.5",
            "count": 467,
            "created_time": "2024-11-28T15:35:38.186847Z",
            "yes_price": 1,
            "no_price": 99,
            "taker_side": "yes"
        },
        {
            "trade_id": "49e964ec-5732-4bc5-a930-f727b6c6b55b",
            "ticker": "KXHIGHAUS-24NOV28-B60.5",
            "count": 300,
            "created_time": "2024-11-28T15:00:48.434552Z",
            "yes_price": 1,
            "no_price": 99,
            "taker_side": "yes"
        },
        {
            "trade_id": "db9b2bf6-bffc-4fcb-b26b-edf639788ec1",
            "ticker": "KXHIGHAUS-24NOV28-B60.5",
            "count": 75,
            "created_time": "2024-11-28T14:49:25.4516Z",
            "yes_price": 1,
            "no_price": 99,
            "taker_side": "yes"
        },
        {
            "trade_id": "f86117bf-11d4-4413-920b-944a48e5797c",
            "ticker": "KXHIGHAUS-24NOV28-B60.5",
            "count": 4,
            "created_time": "2024-11-28T14:42:12.185546Z",
            "yes_price": 1,
            "no_price": 99,
            "taker_side": "yes"
        },
        {
            "trade_id": "df8c27b3-f993-49ac-b16d-a2c60f26c345",
            "ticker": "KXHIGHAUS-24NOV28-B60.5",
            "count": 528,
            "created_time": "2024-11-28T14:39:25.140027Z",
            "yes_price": 1,
            "no_price": 99,
            "taker_side": "yes"
        },
        {
            "trade_id": "a4a70ffb-0a45-4319-a710-6837243ac465",
            "ticker": "KXHIGHAUS-24NOV28-B60.5",
            "count": 3740,
            "created_time": "2024-11-28T14:39:25.140027Z",
            "yes_price": 1,
            "no_price": 99,
            "taker_side": "yes"
        },
        {
            "trade_id": "71f983c5-2ff1-41b7-b545-1a0c0bbbf3ed",
            "ticker": "KXHIGHAUS-24NOV28-B60.5",
            "count": 80,
            "created_time": "2024-11-28T14:39:25.140027Z",
            "yes_price": 1,
            "no_price": 99,
            "taker_side": "yes"
        },
        {
            "trade_id": "0ace2d33-eac6-4501-bdc7-0fdf98920c32",
            "ticker": "KXHIGHAUS-24NOV28-B60.5",
            "count": 5000,
            "created_time": "2024-11-28T14:39:25.140027Z",
            "yes_price": 1,
            "no_price": 99,
            "taker_side": "yes"
        },
        {
            "trade_id": "7c51bc5e-de47-4c76-9dcf-cf42cc4ba246",
            "ticker": "KXHIGHAUS-24NOV28-B60.5",
            "count": 1363,
            "created_time": "2024-11-28T14:27:40.682324Z",
            "yes_price": 1,
            "no_price": 99,
            "taker_side": "yes"
        },
        {
            "trade_id": "10efcef4-fc5d-4c4b-af62-d0c87ec6dac0",
            "ticker": "KXHIGHAUS-24NOV28-B60.5",
            "count": 506,
            "created_time": "2024-11-28T14:27:40.682324Z",
            "yes_price": 1,
            "no_price": 99,
            "taker_side": "yes"
        },
        {
            "trade_id": "3ed53939-ef4e-4c65-9e5a-f0a091f282fd",
            "ticker": "KXHIGHAUS-24NOV28-B60.5",
            "count": 9351,
            "created_time": "2024-11-28T14:21:56.862002Z",
            "yes_price": 1,
            "no_price": 99,
            "taker_side": "yes"
        },
        {
            "trade_id": "667030f7-252e-48df-8bde-cac72a6cf2d4",
            "ticker": "KXHIGHAUS-24NOV28-B60.5",
            "count": 90,
            "created_time": "2024-11-28T14:21:29.555576Z",
            "yes_price": 1,
            "no_price": 99,
            "taker_side": "yes"
        },
        {
            "trade_id": "9658237e-01bf-48ee-881a-980b186b83c5",
            "ticker": "KXHIGHAUS-24NOV28-B60.5",
            "count": 93,
            "created_time": "2024-11-28T14:14:57.752207Z",
            "yes_price": 1,
            "no_price": 99,
            "taker_side": "yes"
        },
        {
            "trade_id": "71de81ed-9f93-4e58-a0c7-229b0f9b4d76",
            "ticker": "KXHIGHAUS-24NOV28-B60.5",
            "count": 935,
            "created_time": "2024-11-28T14:09:02.472485Z",
            "yes_price": 1,
            "no_price": 99,
            "taker_side": "yes"
        },
        {
            "trade_id": "5373ec19-eaa8-401b-a891-da73f64df839",
            "ticker": "KXHIGHAUS-24NOV28-B60.5",
            "count": 84,
            "created_time": "2024-11-28T14:08:39.000149Z",
            "yes_price": 1,
            "no_price": 99,
            "taker_side": "yes"
        },
        {
            "trade_id": "37394e20-a05e-4187-8bd4-85284a36808d",
            "ticker": "KXHIGHAUS-24NOV28-B60.5",
            "count": 36,
            "created_time": "2024-11-28T14:06:40.519709Z",
            "yes_price": 1,
            "no_price": 99,
            "taker_side": "yes"
        },
        {
            "trade_id": "49081cf9-cc8f-4626-9787-1483361df528",
            "ticker": "KXHIGHAUS-24NOV28-B60.5",
            "count": 935,
            "created_time": "2024-11-28T14:02:24.314457Z",
            "yes_price": 1,
            "no_price": 99,
            "taker_side": "yes"
        },
        {
            "trade_id": "a4f58cdc-68d2-40c8-9eaa-8599235462d3",
            "ticker": "KXHIGHAUS-24NOV28-B60.5",
            "count": 67,
            "created_time": "2024-11-28T14:01:11.938971Z",
            "yes_price": 1,
            "no_price": 99,
            "taker_side": "yes"
        },
        {
            "trade_id": "18886c2d-d5ce-4e9f-8df2-eb4e83826cf9",
            "ticker": "KXHIGHAUS-24NOV28-B60.5",
            "count": 93,
            "created_time": "2024-11-28T13:57:43.380678Z",
            "yes_price": 1,
            "no_price": 99,
            "taker_side": "yes"
        },
        {
            "trade_id": "5a77e373-959b-44e4-846d-3027929f6af5",
            "ticker": "KXHIGHAUS-24NOV28-B60.5",
            "count": 935,
            "created_time": "2024-11-28T13:42:11.463049Z",
            "yes_price": 1,
            "no_price": 99,
            "taker_side": "yes"
        },
        {
            "trade_id": "66da9b01-e046-4784-bbf6-f6bc74fbe8d7",
            "ticker": "KXHIGHAUS-24NOV28-B60.5",
            "count": 467,
            "created_time": "2024-11-28T13:33:15.959681Z",
            "yes_price": 1,
            "no_price": 99,
            "taker_side": "yes"
        },
        {
            "trade_id": "db89559c-d2a1-443c-88a1-f575cde5b234",
            "ticker": "KXHIGHAUS-24NOV28-B60.5",
            "count": 124,
            "created_time": "2024-11-28T13:33:04.585335Z",
            "yes_price": 1,
            "no_price": 99,
            "taker_side": "yes"
        },
        {
            "trade_id": "d1e18508-467f-4f79-b03f-4d3f99002ac0",
            "ticker": "KXHIGHAUS-24NOV28-B60.5",
            "count": 93,
            "created_time": "2024-11-28T13:28:04.168599Z",
            "yes_price": 1,
            "no_price": 99,
            "taker_side": "yes"
        },
        {
            "trade_id": "2b9bdb1f-3a9f-4009-bf0f-dcc74aa59931",
            "ticker": "KXHIGHAUS-24NOV28-B60.5",
            "count": 748,
            "created_time": "2024-11-28T13:27:46.971366Z",
            "yes_price": 1,
            "no_price": 99,
            "taker_side": "yes"
        },
        {
            "trade_id": "0329fada-c15e-4e7a-9e9b-7c2592275192",
            "ticker": "KXHIGHAUS-24NOV28-B60.5",
            "count": 20,
            "created_time": "2024-11-28T13:24:58.535644Z",
            "yes_price": 1,
            "no_price": 99,
            "taker_side": "yes"
        },
        {
            "trade_id": "39e332e3-b5a5-427c-8602-03a2f7f083c8",
            "ticker": "KXHIGHAUS-24NOV28-B60.5",
            "count": 34,
            "created_time": "2024-11-28T13:17:51.202459Z",
            "yes_price": 1,
            "no_price": 99,
            "taker_side": "yes"
        },
        {
            "trade_id": "1fde865d-0d19-4d65-9498-1147292fcea7",
            "ticker": "KXHIGHAUS-24NOV28-B60.5",
            "count": 6,
            "created_time": "2024-11-28T13:15:33.484178Z",
            "yes_price": 1,
            "no_price": 99,
            "taker_side": "yes"
        },
        {
            "trade_id": "fe0cea66-7f51-4c86-95cb-806b6e103c23",
            "ticker": "KXHIGHAUS-24NOV28-B60.5",
            "count": 2500,
            "created_time": "2024-11-28T13:10:50.624423Z",
            "yes_price": 1,
            "no_price": 99,
            "taker_side": "yes"
        },
        {
            "trade_id": "5c85e523-b279-4725-8226-cfeca90f66f3",
            "ticker": "KXHIGHAUS-24NOV28-B60.5",
            "count": 349,
            "created_time": "2024-11-28T13:10:50.043553Z",
            "yes_price": 1,
            "no_price": 99,
            "taker_side": "yes"
        },
        {
            "trade_id": "c9e148f9-2049-439e-8ec1-28ed71ccb485",
            "ticker": "KXHIGHAUS-24NOV28-B60.5",
            "count": 437,
            "created_time": "2024-11-28T13:09:40.762617Z",
            "yes_price": 1,
            "no_price": 99,
            "taker_side": "yes"
        },
        {
            "trade_id": "42d2d0c4-ec1a-475c-85cb-d6b24bc507f4",
            "ticker": "KXHIGHAUS-24NOV28-B60.5",
            "count": 100,
            "created_time": "2024-11-28T13:09:05.056427Z",
            "yes_price": 1,
            "no_price": 99,
            "taker_side": "yes"
        },
        {
            "trade_id": "7a6410c4-a404-46d1-bd35-2532ec12ff47",
            "ticker": "KXHIGHAUS-24NOV28-B60.5",
            "count": 300,
            "created_time": "2024-11-28T13:08:20.77941Z",
            "yes_price": 1,
            "no_price": 99,
            "taker_side": "yes"
        },
        {
            "trade_id": "ca1b785c-15c4-400f-b3af-d653dc17bcca",
            "ticker": "KXHIGHAUS-24NOV28-B60.5",
            "count": 1000,
            "created_time": "2024-11-28T13:07:51.077087Z",
            "yes_price": 1,
            "no_price": 99,
            "taker_side": "yes"
        },
        {
            "trade_id": "d0976df5-04b2-4da0-a460-268596449c06",
            "ticker": "KXHIGHAUS-24NOV28-B60.5",
            "count": 16,
            "created_time": "2024-11-28T13:06:25.313507Z",
            "yes_price": 1,
            "no_price": 99,
            "taker_side": "yes"
        },
        {
            "trade_id": "8d02e4fd-ebef-4666-aaf3-4f6acbeb544b",
            "ticker": "KXHIGHAUS-24NOV28-B60.5",
            "count": 1000,
            "created_time": "2024-11-28T13:05:52.593599Z",
            "yes_price": 1,
            "no_price": 99,
            "taker_side": "yes"
        },
        {
            "trade_id": "dba19a83-cdfe-4c7a-a797-1e0674275a34",
            "ticker": "KXHIGHAUS-24NOV28-B60.5",
            "count": 93,
            "created_time": "2024-11-28T13:02:16.129047Z",
            "yes_price": 1,
            "no_price": 99,
            "taker_side": "yes"
        },
        {
            "trade_id": "7768b858-15cf-49f9-bfda-3b59c91031b8",
            "ticker": "KXHIGHAUS-24NOV28-B60.5",
            "count": 3268,
            "created_time": "2024-11-28T13:02:04.42435Z",
            "yes_price": 1,
            "no_price": 99,
            "taker_side": "yes"
        },
        {
            "trade_id": "25874079-07ff-4b80-8c05-9b2608c80f29",
            "ticker": "KXHIGHAUS-24NOV28-B60.5",
            "count": 1407,
            "created_time": "2024-11-28T13:02:04.42435Z",
            "yes_price": 1,
            "no_price": 99,
            "taker_side": "yes"
        },
        {
            "trade_id": "94b963af-686a-4a6b-b233-e1fce9958d08",
            "ticker": "KXHIGHAUS-24NOV28-B60.5",
            "count": 6546,
            "created_time": "2024-11-28T13:02:00.834762Z",
            "yes_price": 1,
            "no_price": 99,
            "taker_side": "yes"
        },
        {
            "trade_id": "6b6898de-c473-4df1-beaf-8f1f6b0453fc",
            "ticker": "KXHIGHAUS-24NOV28-B60.5",
            "count": 467,
            "created_time": "2024-11-28T13:00:47.295179Z",
            "yes_price": 1,
            "no_price": 99,
            "taker_side": "yes"
        },
        {
            "trade_id": "86037ba6-0188-4960-9fe0-e1e33cf26596",
            "ticker": "KXHIGHAUS-24NOV28-B60.5",
            "count": 1402,
            "created_time": "2024-11-28T13:00:19.265194Z",
            "yes_price": 1,
            "no_price": 99,
            "taker_side": "yes"
        },
        {
            "trade_id": "a51e96b7-14ab-4225-a2bf-4a7ddb2c49c3",
            "ticker": "KXHIGHAUS-24NOV28-B60.5",
            "count": 2337,
            "created_time": "2024-11-28T07:57:40.687334Z",
            "yes_price": 1,
            "no_price": 99,
            "taker_side": "yes"
        },
        {
            "trade_id": "eb92d3ac-09f1-46e7-9167-d3546708269b",
            "ticker": "KXHIGHAUS-24NOV28-B60.5",
            "count": 93,
            "created_time": "2024-11-28T07:28:55.687068Z",
            "yes_price": 1,
            "no_price": 99,
            "taker_side": "yes"
        },
        {
            "trade_id": "6ea8d0be-54de-46e9-b320-b4580da55860",
            "ticker": "KXHIGHAUS-24NOV28-B60.5",
            "count": 467,
            "created_time": "2024-11-28T06:52:52.365508Z",
            "yes_price": 1,
            "no_price": 99,
            "taker_side": "yes"
        },
        {
            "trade_id": "3778f5eb-0d2b-4441-8fbb-c8ab86ea7e75",
            "ticker": "KXHIGHAUS-24NOV28-B60.5",
            "count": 2,
            "created_time": "2024-11-28T06:46:26.445631Z",
            "yes_price": 1,
            "no_price": 99,
            "taker_side": "yes"
        },
        {
            "trade_id": "8eb784b4-ada9-49dd-9974-20126914ad2f",
            "ticker": "KXHIGHAUS-24NOV28-B60.5",
            "count": 680,
            "created_time": "2024-11-28T06:22:19.786553Z",
            "yes_price": 1,
            "no_price": 99,
            "taker_side": "yes"
        },
        {
            "trade_id": "efe21814-058a-4012-ad07-7ce0f80ca62c",
            "ticker": "KXHIGHAUS-24NOV28-B60.5",
            "count": 4500,
            "created_time": "2024-11-28T06:21:17.972249Z",
            "yes_price": 1,
            "no_price": 99,
            "taker_side": "yes"
        },
        {
            "trade_id": "755f8f83-5066-4a47-a445-81dbad805dfb",
            "ticker": "KXHIGHAUS-24NOV28-B60.5",
            "count": 467,
            "created_time": "2024-11-28T06:20:44.950542Z",
            "yes_price": 1,
            "no_price": 99,
            "taker_side": "yes"
        },
        {
            "trade_id": "dcfdc49c-6b55-45dc-9c5b-d53355c73c7c",
            "ticker": "KXHIGHAUS-24NOV28-B60.5",
            "count": 1000,
            "created_time": "2024-11-28T06:19:20.680465Z",
            "yes_price": 1,
            "no_price": 99,
            "taker_side": "yes"
        },
        {
            "trade_id": "b2efa30a-a432-45de-8c3d-eccdcf575933",
            "ticker": "KXHIGHAUS-24NOV28-B60.5",
            "count": 187,
            "created_time": "2024-11-28T06:18:48.945813Z",
            "yes_price": 1,
            "no_price": 99,
            "taker_side": "yes"
        },
        {
            "trade_id": "503f9b1c-c394-4821-969f-6e07ae38abbd",
            "ticker": "KXHIGHAUS-24NOV28-B60.5",
            "count": 346,
            "created_time": "2024-11-28T06:08:57.2516Z",
            "yes_price": 1,
            "no_price": 99,
            "taker_side": "yes"
        },
        {
            "trade_id": "6101f246-e88a-43b6-bb28-5b25aec1826e",
            "ticker": "KXHIGHAUS-24NOV28-B60.5",
            "count": 99,
            "created_time": "2024-11-28T06:01:24.441378Z",
            "yes_price": 1,
            "no_price": 99,
            "taker_side": "no"
        },
        {
            "trade_id": "33d88b9c-063e-4a78-b205-3b180fb3e8b1",
            "ticker": "KXHIGHAUS-24NOV28-B60.5",
            "count": 59,
            "created_time": "2024-11-28T05:57:40.944901Z",
            "yes_price": 1,
            "no_price": 99,
            "taker_side": "no"
        },
        {
            "trade_id": "07519f10-e37c-4720-8c33-85d183e0c850",
            "ticker": "KXHIGHAUS-24NOV28-B60.5",
            "count": 91,
            "created_time": "2024-11-28T05:57:40.944901Z",
            "yes_price": 1,
            "no_price": 99,
            "taker_side": "no"
        },
        {
            "trade_id": "9f50e15c-d4fa-4720-84cc-7d860256a1a6",
            "ticker": "KXHIGHAUS-24NOV28-B60.5",
            "count": 100,
            "created_time": "2024-11-28T05:56:15.656385Z",
            "yes_price": 2,
            "no_price": 98,
            "taker_side": "no"
        },
        {
            "trade_id": "cc7a83b6-6f39-4b93-a8ca-8559414902e9",
            "ticker": "KXHIGHAUS-24NOV28-B60.5",
            "count": 200,
            "created_time": "2024-11-28T05:55:13.164751Z",
            "yes_price": 2,
            "no_price": 98,
            "taker_side": "no"
        },
        {
            "trade_id": "42932c28-7b71-4a29-87fb-b497494ffff3",
            "ticker": "KXHIGHAUS-24NOV28-B60.5",
            "count": 39,
            "created_time": "2024-11-28T05:54:22.828884Z",
            "yes_price": 1,
            "no_price": 99,
            "taker_side": "no"
        },
        {
            "trade_id": "98e7cfce-569e-4dd8-80df-8ee378f21009",
            "ticker": "KXHIGHAUS-24NOV28-B60.5",
            "count": 22,
            "created_time": "2024-11-28T05:54:22.800506Z",
            "yes_price": 1,
            "no_price": 99,
            "taker_side": "no"
        },
        {
            "trade_id": "f058a8a4-54c6-4608-97d0-ae36fcb708b8",
            "ticker": "KXHIGHAUS-24NOV28-B60.5",
            "count": 200,
            "created_time": "2024-11-28T05:52:36.467186Z",
            "yes_price": 3,
            "no_price": 97,
            "taker_side": "no"
        },
        {
            "trade_id": "6cbc6cd7-a596-4acf-b469-255ecc22faf1",
            "ticker": "KXHIGHAUS-24NOV28-B60.5",
            "count": 200,
            "created_time": "2024-11-28T05:48:46.717017Z",
            "yes_price": 9,
            "no_price": 91,
            "taker_side": "yes"
        },
        {
            "trade_id": "9e8efff4-01f9-4127-9a58-0e8ae194fa7c",
            "ticker": "KXHIGHAUS-24NOV28-B60.5",
            "count": 752,
            "created_time": "2024-11-28T05:45:32.40418Z",
            "yes_price": 7,
            "no_price": 93,
            "taker_side": "no"
        },
        {
            "trade_id": "3c419118-ee08-4d68-8613-3e7d1233f5a2",
            "ticker": "KXHIGHAUS-24NOV28-B60.5",
            "count": 124,
            "created_time": "2024-11-28T05:45:27.601693Z",
            "yes_price": 7,
            "no_price": 93,
            "taker_side": "no"
        },
        {
            "trade_id": "34c3f2eb-055d-4899-8027-81aeb64e6ea5",
            "ticker": "KXHIGHAUS-24NOV28-B60.5",
            "count": 124,
            "created_time": "2024-11-28T05:45:27.551298Z",
            "yes_price": 7,
            "no_price": 93,
            "taker_side": "no"
        },
        {
            "trade_id": "93e767c3-eb71-4574-9ef5-a79fda26c737",
            "ticker": "KXHIGHAUS-24NOV28-B60.5",
            "count": 50,
            "created_time": "2024-11-28T05:35:25.83489Z",
            "yes_price": 9,
            "no_price": 91,
            "taker_side": "yes"
        },
        {
            "trade_id": "74d105f3-e8be-4133-abd9-5d2e1248d0d7",
            "ticker": "KXHIGHAUS-24NOV28-B60.5",
            "count": 100,
            "created_time": "2024-11-28T05:30:29.432148Z",
            "yes_price": 6,
            "no_price": 94,
            "taker_side": "no"
        },
        {
            "trade_id": "f1eb34ca-b9f4-42fd-9855-d2028b2375c4",
            "ticker": "KXHIGHAUS-24NOV28-B60.5",
            "count": 240,
            "created_time": "2024-11-28T05:27:33.745439Z",
            "yes_price": 9,
            "no_price": 91,
            "taker_side": "yes"
        },
        {
            "trade_id": "eaac9e4d-f5c4-46ee-88d1-032c2c6bf032",
            "ticker": "KXHIGHAUS-24NOV28-B60.5",
            "count": 200,
            "created_time": "2024-11-28T05:27:33.745439Z",
            "yes_price": 7,
            "no_price": 93,
            "taker_side": "yes"
        },
        {
            "trade_id": "a4eab21d-dbc3-4408-8b5d-718c8b47a4ef",
            "ticker": "KXHIGHAUS-24NOV28-B60.5",
            "count": 240,
            "created_time": "2024-11-28T05:27:33.745439Z",
            "yes_price": 8,
            "no_price": 92,
            "taker_side": "yes"
        },
        {
            "trade_id": "ac09f719-01a5-4ff5-b951-73c6d82055c9",
            "ticker": "KXHIGHAUS-24NOV28-B60.5",
            "count": 800,
            "created_time": "2024-11-28T05:27:09.486573Z",
            "yes_price": 12,
            "no_price": 88,
            "taker_side": "yes"
        },
        {
            "trade_id": "51612724-03b9-4a05-a4a8-ff148c43c884",
            "ticker": "KXHIGHAUS-24NOV28-B60.5",
            "count": 12,
            "created_time": "2024-11-28T05:27:09.486573Z",
            "yes_price": 12,
            "no_price": 88,
            "taker_side": "yes"
        },
        {
            "trade_id": "84f655ca-eedc-4d8e-8da8-1a9e9d91022f",
            "ticker": "KXHIGHAUS-24NOV28-B60.5",
            "count": 100,
            "created_time": "2024-11-28T05:24:25.96804Z",
            "yes_price": 7,
            "no_price": 93,
            "taker_side": "no"
        },
        {
            "trade_id": "3417514f-f773-4cda-9137-42cbb0bec2ed",
            "ticker": "KXHIGHAUS-24NOV28-B60.5",
            "count": 80,
            "created_time": "2024-11-28T05:24:25.96804Z",
            "yes_price": 10,
            "no_price": 90,
            "taker_side": "no"
        },
        {
            "trade_id": "c7651f80-9d81-440b-a5b6-4e447e8e28db",
            "ticker": "KXHIGHAUS-24NOV28-B60.5",
            "count": 200,
            "created_time": "2024-11-28T05:23:31.266348Z",
            "yes_price": 12,
            "no_price": 88,
            "taker_side": "yes"
        },
        {
            "trade_id": "c089ec1e-e726-4d51-af5b-4c1d2b7bbfab",
            "ticker": "KXHIGHAUS-24NOV28-B60.5",
            "count": 99,
            "created_time": "2024-11-28T05:23:12.371223Z",
            "yes_price": 13,
            "no_price": 87,
            "taker_side": "yes"
        },
        {
            "trade_id": "5b22fa31-d3db-4406-98d9-f527ed1c1287",
            "ticker": "KXHIGHAUS-24NOV28-B60.5",
            "count": 1000,
            "created_time": "2024-11-28T05:22:52.4882Z",
            "yes_price": 13,
            "no_price": 87,
            "taker_side": "yes"
        },
        {
            "trade_id": "8b9427f8-7444-49de-916a-1bf253268a5e",
            "ticker": "KXHIGHAUS-24NOV28-B60.5",
            "count": 240,
            "created_time": "2024-11-28T05:09:53.13059Z",
            "yes_price": 7,
            "no_price": 93,
            "taker_side": "yes"
        },
        {
            "trade_id": "1c55d31e-8593-4fca-b2d4-242c4d4810ed",
            "ticker": "KXHIGHAUS-24NOV28-B60.5",
            "count": 96,
            "created_time": "2024-11-28T05:06:21.844703Z",
            "yes_price": 9,
            "no_price": 91,
            "taker_side": "no"
        },
        {
            "trade_id": "4bbb6634-7861-4b85-8359-54882872c7e4",
            "ticker": "KXHIGHAUS-24NOV28-B60.5",
            "count": 240,
            "created_time": "2024-11-28T05:04:21.70355Z",
            "yes_price": 11,
            "no_price": 89,
            "taker_side": "yes"
        },
        {
            "trade_id": "ef6bcbc6-1b31-4643-a2b0-f2c4021de699",
            "ticker": "KXHIGHAUS-24NOV28-B60.5",
            "count": 760,
            "created_time": "2024-11-28T05:04:18.93708Z",
            "yes_price": 10,
            "no_price": 90,
            "taker_side": "no"
        },
        {
            "trade_id": "8ef5e54d-4d9d-4559-958a-ee5aabe74bc8",
            "ticker": "KXHIGHAUS-24NOV28-B60.5",
            "count": 240,
            "created_time": "2024-11-28T05:03:33.641309Z",
            "yes_price": 10,
            "no_price": 90,
            "taker_side": "yes"
        },
        {
            "trade_id": "d38896f9-fc6f-4ab4-b55a-699faf46d28a",
            "ticker": "KXHIGHAUS-24NOV28-B60.5",
            "count": 50,
            "created_time": "2024-11-28T05:01:43.780583Z",
            "yes_price": 12,
            "no_price": 88,
            "taker_side": "no"
        },
        {
            "trade_id": "f54a896f-07a6-4a6c-8db0-4c2e0beac1bf",
            "ticker": "KXHIGHAUS-24NOV28-B60.5",
            "count": 100,
            "created_time": "2024-11-28T05:00:27.577742Z",
            "yes_price": 14,
            "no_price": 86,
            "taker_side": "no"
        },
        {
            "trade_id": "abc5bcd7-05bd-4db2-9c9f-8fcd5ac1323e",
            "ticker": "KXHIGHAUS-24NOV28-B60.5",
            "count": 821,
            "created_time": "2024-11-28T04:56:55.017079Z",
            "yes_price": 13,
            "no_price": 87,
            "taker_side": "no"
        },
        {
            "trade_id": "85c5d005-4fcf-4c42-b19f-9ca3661b82af",
            "ticker": "KXHIGHAUS-24NOV28-B60.5",
            "count": 40,
            "created_time": "2024-11-28T04:56:55.017079Z",
            "yes_price": 15,
            "no_price": 85,
            "taker_side": "no"
        },
        {
            "trade_id": "6ecd9ee1-44d6-4e55-97fb-999faeebb08b",
            "ticker": "KXHIGHAUS-24NOV28-B60.5",
            "count": 79,
            "created_time": "2024-11-28T04:54:55.234341Z",
            "yes_price": 16,
            "no_price": 84,
            "taker_side": "no"
        },
        {
            "trade_id": "8b7caa4f-47eb-48e7-bff7-4e08eb307cd3",
            "ticker": "KXHIGHAUS-24NOV28-B60.5",
            "count": 100,
            "created_time": "2024-11-28T04:54:29.630478Z",
            "yes_price": 16,
            "no_price": 84,
            "taker_side": "no"
        },
        {
            "trade_id": "56261a57-7480-442e-906d-8e83bfeb87a1",
            "ticker": "KXHIGHAUS-24NOV28-B60.5",
            "count": 100,
            "created_time": "2024-11-28T04:53:54.970939Z",
            "yes_price": 17,
            "no_price": 83,
            "taker_side": "yes"
        },
        {
            "trade_id": "c86a4784-6730-40dd-975d-d493b5bcb6ac",
            "ticker": "KXHIGHAUS-24NOV28-B60.5",
            "count": 15,
            "created_time": "2024-11-28T04:51:56.514074Z",
            "yes_price": 16,
            "no_price": 84,
            "taker_side": "yes"
        },
        {
            "trade_id": "f94e893d-0c96-4de6-9a2a-f09aa6dbd7e6",
            "ticker": "KXHIGHAUS-24NOV28-B60.5",
            "count": 200,
            "created_time": "2024-11-28T04:46:48.037846Z",
            "yes_price": 17,
            "no_price": 83,
            "taker_side": "yes"
        },
        {
            "trade_id": "f9f3b5ed-8498-4203-a28b-4b7e9e5293f9",
            "ticker": "KXHIGHAUS-24NOV28-B60.5",
            "count": 9,
            "created_time": "2024-11-28T04:45:25.419512Z",
            "yes_price": 18,
            "no_price": 82,
            "taker_side": "no"
        },
        {
            "trade_id": "75b69582-c7d4-45bc-a1a1-41cb85fd1495",
            "ticker": "KXHIGHAUS-24NOV28-B60.5",
            "count": 25,
            "created_time": "2024-11-28T04:45:25.368849Z",
            "yes_price": 18,
            "no_price": 82,
            "taker_side": "no"
        },
        {
            "trade_id": "2573556a-f640-4d8d-b886-9ea5d06a2ab4",
            "ticker": "KXHIGHAUS-24NOV28-B60.5",
            "count": 75,
            "created_time": "2024-11-28T04:45:25.368849Z",
            "yes_price": 19,
            "no_price": 81,
            "taker_side": "no"
        },
        {
            "trade_id": "cb8820f8-08bf-4217-878e-bbf51aa00cfa",
            "ticker": "KXHIGHAUS-24NOV28-B60.5",
            "count": 20,
            "created_time": "2024-11-28T04:33:18.91808Z",
            "yes_price": 31,
            "no_price": 69,
            "taker_side": "yes"
        },
        {
            "trade_id": "3b7ac51a-4bfb-4aa8-b304-f09595bb7681",
            "ticker": "KXHIGHAUS-24NOV28-B60.5",
            "count": 46,
            "created_time": "2024-11-28T04:09:24.157883Z",
            "yes_price": 33,
            "no_price": 67,
            "taker_side": "yes"
        },
        {
            "trade_id": "71049a09-9020-4d62-a464-88b3baeb481e",
            "ticker": "KXHIGHAUS-24NOV28-B60.5",
            "count": 6,
            "created_time": "2024-11-28T04:09:24.107683Z",
            "yes_price": 32,
            "no_price": 68,
            "taker_side": "yes"
        },
        {
            "trade_id": "5b136edf-c6b0-4410-93b9-28d4363f0f56",
            "ticker": "KXHIGHAUS-24NOV28-B60.5",
            "count": 19,
            "created_time": "2024-11-28T03:50:45.200616Z",
            "yes_price": 25,
            "no_price": 75,
            "taker_side": "yes"
        },
        {
            "trade_id": "6fc37993-c04f-439a-a315-644fb5759f1a",
            "ticker": "KXHIGHAUS-24NOV28-B60.5",
            "count": 79,
            "created_time": "2024-11-28T03:39:42.281924Z",
            "yes_price": 24,
            "no_price": 76,
            "taker_side": "yes"
        },
        {
            "trade_id": "ee62e669-de8c-4659-a243-af2311b72464",
            "ticker": "KXHIGHAUS-24NOV28-B60.5",
            "count": 100,
            "created_time": "2024-11-28T03:23:29.340234Z",
            "yes_price": 22,
            "no_price": 78,
            "taker_side": "yes"
        },
        {
            "trade_id": "cb5d759c-6d9a-4435-8a36-2f818675eee1",
            "ticker": "KXHIGHAUS-24NOV28-B60.5",
            "count": 200,
            "created_time": "2024-11-28T03:22:30.685804Z",
            "yes_price": 21,
            "no_price": 79,
            "taker_side": "yes"
        },
        {
            "trade_id": "ee0b84bd-eeb4-4dd0-ade1-e73816d0d2ef",
            "ticker": "KXHIGHAUS-24NOV28-B60.5",
            "count": 200,
            "created_time": "2024-11-28T03:18:35.011586Z",
            "yes_price": 25,
            "no_price": 75,
            "taker_side": "yes"
        },
        {
            "trade_id": "da0851f8-1d2d-46d0-846f-4c879eea8a95",
            "ticker": "KXHIGHAUS-24NOV28-B60.5",
            "count": 4,
            "created_time": "2024-11-28T03:16:05.725159Z",
            "yes_price": 22,
            "no_price": 78,
            "taker_side": "yes"
        },
        {
            "trade_id": "87bb33b7-ff74-43b3-853a-7d64ae5f1d5e",
            "ticker": "KXHIGHAUS-24NOV28-B60.5",
            "count": 55,
            "created_time": "2024-11-28T03:15:34.850161Z",
            "yes_price": 22,
            "no_price": 78,
            "taker_side": "no"
        },
        {
            "trade_id": "995936fa-d0c3-4390-8e2e-4b681764333f",
            "ticker": "KXHIGHAUS-24NOV28-B60.5",
            "count": 45,
            "created_time": "2024-11-28T03:15:34.799375Z",
            "yes_price": 22,
            "no_price": 78,
            "taker_side": "no"
        },
        {
            "trade_id": "7e74124d-3315-40f9-8470-10a3ef7b5f17",
            "ticker": "KXHIGHAUS-24NOV28-B60.5",
            "count": 55,
            "created_time": "2024-11-28T03:15:34.799375Z",
            "yes_price": 25,
            "no_price": 75,
            "taker_side": "no"
        },
        {
            "trade_id": "7c45f5e5-ba7f-438c-85fb-bfc1fc8ef09a",
            "ticker": "KXHIGHAUS-24NOV28-B60.5",
            "count": 100,
            "created_time": "2024-11-28T03:15:34.799375Z",
            "yes_price": 25,
            "no_price": 75,
            "taker_side": "no"
        },
        {
            "trade_id": "ea9ccb4e-3c7b-4d0a-b683-7cbcf49162a3",
            "ticker": "KXHIGHAUS-24NOV28-B60.5",
            "count": 100,
            "created_time": "2024-11-28T03:08:08.552332Z",
            "yes_price": 27,
            "no_price": 73,
            "taker_side": "yes"
        },
        {
            "trade_id": "3752fad4-6211-4348-9609-f4d55d46a3f0",
            "ticker": "KXHIGHAUS-24NOV28-B60.5",
            "count": 100,
            "created_time": "2024-11-28T03:08:08.552332Z",
            "yes_price": 26,
            "no_price": 74,
            "taker_side": "yes"
        },
        {
            "trade_id": "c61e70bd-2fcc-4ca3-913d-1732bc14d32b",
            "ticker": "KXHIGHAUS-24NOV28-B60.5",
            "count": 100,
            "created_time": "2024-11-28T03:06:51.287743Z",
            "yes_price": 25,
            "no_price": 75,
            "taker_side": "no"
        },
        {
            "trade_id": "73c6c22c-1d97-4cd0-b955-1df1ec96683d",
            "ticker": "KXHIGHAUS-24NOV28-B60.5",
            "count": 100,
            "created_time": "2024-11-28T03:06:51.287743Z",
            "yes_price": 28,
            "no_price": 72,
            "taker_side": "no"
        },
        {
            "trade_id": "7798bdb8-c502-49fa-9113-2bca67e41fb7",
            "ticker": "KXHIGHAUS-24NOV28-B60.5",
            "count": 1,
            "created_time": "2024-11-28T03:06:26.280338Z",
            "yes_price": 33,
            "no_price": 67,
            "taker_side": "yes"
        },
        {
            "trade_id": "5778cda8-87b2-4820-a899-05969119a0a6",
            "ticker": "KXHIGHAUS-24NOV28-B60.5",
            "count": 100,
            "created_time": "2024-11-28T02:55:10.300739Z",
            "yes_price": 28,
            "no_price": 72,
            "taker_side": "no"
        },
        {
            "trade_id": "d7273b85-a8da-4da9-9401-b3d55c44e4b9",
            "ticker": "KXHIGHAUS-24NOV28-B60.5",
            "count": 14,
            "created_time": "2024-11-28T02:43:55.662051Z",
            "yes_price": 32,
            "no_price": 68,
            "taker_side": "yes"
        },
        {
            "trade_id": "5c1ef275-a3a7-4d0d-b0d6-c7a52bc5acae",
            "ticker": "KXHIGHAUS-24NOV28-B60.5",
            "count": 8,
            "created_time": "2024-11-28T02:28:17.422482Z",
            "yes_price": 33,
            "no_price": 67,
            "taker_side": "yes"
        },
        {
            "trade_id": "cfbaaaab-ffa2-42bb-9a8c-aa96eeaa5aab",
            "ticker": "KXHIGHAUS-24NOV28-B60.5",
            "count": 100,
            "created_time": "2024-11-28T00:51:34.759078Z",
            "yes_price": 33,
            "no_price": 67,
            "taker_side": "no"
        },
        {
            "trade_id": "b4211356-227a-4e3a-9464-3b849c863478",
            "ticker": "KXHIGHAUS-24NOV28-B60.5",
            "count": 1,
            "created_time": "2024-11-28T00:46:00.514716Z",
            "yes_price": 36,
            "no_price": 64,
            "taker_side": "yes"
        },
        {
            "trade_id": "c47d27cb-e5c8-448a-9d2b-42c3749d2950",
            "ticker": "KXHIGHAUS-24NOV28-B60.5",
            "count": 5,
            "created_time": "2024-11-28T00:07:01.558808Z",
            "yes_price": 37,
            "no_price": 63,
            "taker_side": "yes"
        },
        {
            "trade_id": "23fecdfb-801d-4f96-860c-5ed028ba5a35",
            "ticker": "KXHIGHAUS-24NOV28-B60.5",
            "count": 100,
            "created_time": "2024-11-27T23:57:53.172244Z",
            "yes_price": 33,
            "no_price": 67,
            "taker_side": "no"
        },
        {
            "trade_id": "d53b070f-072f-49ce-a9f3-88245860ddea",
            "ticker": "KXHIGHAUS-24NOV28-B60.5",
            "count": 100,
            "created_time": "2024-11-27T23:56:55.389269Z",
            "yes_price": 34,
            "no_price": 66,
            "taker_side": "no"
        },
        {
            "trade_id": "10fb3343-7ace-4e26-98b2-5b445e38d4b8",
            "ticker": "KXHIGHAUS-24NOV28-B60.5",
            "count": 80,
            "created_time": "2024-11-27T23:21:26.990156Z",
            "yes_price": 28,
            "no_price": 72,
            "taker_side": "no"
        },
        {
            "trade_id": "0a1cfdef-fa65-4cda-a7b6-b372b7a299a2",
            "ticker": "KXHIGHAUS-24NOV28-B60.5",
            "count": 20,
            "created_time": "2024-11-27T23:20:33.521349Z",
            "yes_price": 28,
            "no_price": 72,
            "taker_side": "no"
        },
        {
            "trade_id": "2c82ce1a-3a88-4ee4-a0e7-c591ed9c720d",
            "ticker": "KXHIGHAUS-24NOV28-B60.5",
            "count": 30,
            "created_time": "2024-11-27T23:13:27.906304Z",
            "yes_price": 30,
            "no_price": 70,
            "taker_side": "no"
        },
        {
            "trade_id": "2923f1db-13c7-41be-8c07-dfbf4b0a5b70",
            "ticker": "KXHIGHAUS-24NOV28-B60.5",
            "count": 100,
            "created_time": "2024-11-27T23:13:27.906304Z",
            "yes_price": 30,
            "no_price": 70,
            "taker_side": "no"
        },
        {
            "trade_id": "255cb83a-7842-4692-bd7d-b2379eb2a674",
            "ticker": "KXHIGHAUS-24NOV28-B60.5",
            "count": 38,
            "created_time": "2024-11-27T23:13:27.906304Z",
            "yes_price": 28,
            "no_price": 72,
            "taker_side": "no"
        },
        {
            "trade_id": "4c50a0a0-fa8d-4bf1-8004-6b1db496231f",
            "ticker": "KXHIGHAUS-24NOV28-B60.5",
            "count": 82,
            "created_time": "2024-11-27T23:06:10.58081Z",
            "yes_price": 35,
            "no_price": 65,
            "taker_side": "yes"
        },
        {
            "trade_id": "45f1f302-4fc8-4bfe-82c9-09332a4bc1de",
            "ticker": "KXHIGHAUS-24NOV28-B60.5",
            "count": 86,
            "created_time": "2024-11-27T23:06:10.58081Z",
            "yes_price": 33,
            "no_price": 67,
            "taker_side": "yes"
        },
        {
            "trade_id": "74f58abe-af79-4ec5-b307-1da49903e36e",
            "ticker": "KXHIGHAUS-24NOV28-B60.5",
            "count": 1,
            "created_time": "2024-11-27T22:24:55.010288Z",
            "yes_price": 33,
            "no_price": 67,
            "taker_side": "yes"
        },
        {
            "trade_id": "4771e50f-1301-4298-994f-78b0219934ba",
            "ticker": "KXHIGHAUS-24NOV28-B60.5",
            "count": 14,
            "created_time": "2024-11-27T22:24:55.010288Z",
            "yes_price": 33,
            "no_price": 67,
            "taker_side": "yes"
        },
        {
            "trade_id": "7e7aee96-77ed-426c-94fa-10d27d509f50",
            "ticker": "KXHIGHAUS-24NOV28-B60.5",
            "count": 1,
            "created_time": "2024-11-27T17:30:18.377445Z",
            "yes_price": 33,
            "no_price": 67,
            "taker_side": "no"
        },
        {
            "trade_id": "93bb8906-bf1f-4cac-b99f-ddc9611199e9",
            "ticker": "KXHIGHAUS-24NOV28-B60.5",
            "count": 8,
            "created_time": "2024-11-27T16:02:41.4204Z",
            "yes_price": 31,
            "no_price": 69,
            "taker_side": "no"
        },
        {
            "trade_id": "5f21a4bf-b5fd-467f-a181-1dc69e2fde79",
            "ticker": "KXHIGHAUS-24NOV28-B60.5",
            "count": 8,
            "created_time": "2024-11-27T16:00:30.737461Z",
            "yes_price": 30,
            "no_price": 70,
            "taker_side": "yes"
        },
        {
            "trade_id": "20247270-43a2-4c0a-9efd-1db643fab465",
            "ticker": "KXHIGHAUS-24NOV28-B60.5",
            "count": 100,
            "created_time": "2024-11-27T15:57:37.828038Z",
            "yes_price": 30,
            "no_price": 70,
            "taker_side": "yes"
        },
        {
            "trade_id": "a9a2fc29-8715-4876-bb6e-59cedcefe5cc",
            "ticker": "KXHIGHAUS-24NOV28-B60.5",
            "count": 7,
            "created_time": "2024-11-27T15:39:29.958845Z",
            "yes_price": 25,
            "no_price": 75,
            "taker_side": "yes"
        },
        {
            "trade_id": "f0a479eb-6914-45a1-bb3f-aa14765b7593",
            "ticker": "KXHIGHAUS-24NOV28-B60.5",
            "count": 8,
            "created_time": "2024-11-27T15:17:13.93487Z",
            "yes_price": 24,
            "no_price": 76,
            "taker_side": "no"
        },
        {
            "trade_id": "94e2cad1-9464-4068-aa15-2c6a230a1fe3",
            "ticker": "KXHIGHAUS-24NOV28-B60.5",
            "count": 6,
            "created_time": "2024-11-27T15:12:26.97737Z",
            "yes_price": 16,
            "no_price": 84,
            "taker_side": "yes"
        }
    ],
    "KXHIGHAUS-24NOV28-B62.5": [
        {
            "trade_id": "8debca7b-0b68-4ffd-9c78-d38bb2634dd1",
            "ticker": "KXHIGHAUS-24NOV28-B62.5",
            "count": 1000,
            "created_time": "2024-11-29T04:53:20.684082Z",
            "yes_price": 99,
            "no_price": 1,
            "taker_side": "no"
        },
        {
            "trade_id": "cd53425c-5161-4a8e-8066-fe7b33d7d505",
            "ticker": "KXHIGHAUS-24NOV28-B62.5",
            "count": 223,
            "created_time": "2024-11-28T22:13:06.770186Z",
            "yes_price": 98,
            "no_price": 2,
            "taker_side": "no"
        },
        {
            "trade_id": "275e125f-6a65-4326-993b-20dc9799f1cc",
            "ticker": "KXHIGHAUS-24NOV28-B62.5",
            "count": 235,
            "created_time": "2024-11-28T21:57:01.764312Z",
            "yes_price": 98,
            "no_price": 2,
            "taker_side": "no"
        },
        {
            "trade_id": "971b6fc7-50f1-4f7e-84e6-0ed2d0caab1c",
            "ticker": "KXHIGHAUS-24NOV28-B62.5",
            "count": 7,
            "created_time": "2024-11-28T21:56:02.20278Z",
            "yes_price": 98,
            "no_price": 2,
            "taker_side": "no"
        },
        {
            "trade_id": "08f83212-99bd-4f7a-b8cd-c2f5ce5284ce",
            "ticker": "KXHIGHAUS-24NOV28-B62.5",
            "count": 13,
            "created_time": "2024-11-28T21:51:14.506715Z",
            "yes_price": 98,
            "no_price": 2,
            "taker_side": "no"
        },
        {
            "trade_id": "e86ef53e-6549-484c-8446-7ef9166640f4",
            "ticker": "KXHIGHAUS-24NOV28-B62.5",
            "count": 22,
            "created_time": "2024-11-28T21:47:51.857143Z",
            "yes_price": 99,
            "no_price": 1,
            "taker_side": "yes"
        },
        {
            "trade_id": "e6bd4cbb-2c76-4b71-adfb-b19dee799bb1",
            "ticker": "KXHIGHAUS-24NOV28-B62.5",
            "count": 58,
            "created_time": "2024-11-28T21:47:51.857143Z",
            "yes_price": 99,
            "no_price": 1,
            "taker_side": "yes"
        },
        {
            "trade_id": "354ed387-ea84-408c-a051-745f4babc32c",
            "ticker": "KXHIGHAUS-24NOV28-B62.5",
            "count": 4,
            "created_time": "2024-11-28T21:47:51.857143Z",
            "yes_price": 99,
            "no_price": 1,
            "taker_side": "yes"
        },
        {
            "trade_id": "7fe1e6c4-720b-4765-b478-76e5d1894e82",
            "ticker": "KXHIGHAUS-24NOV28-B62.5",
            "count": 23,
            "created_time": "2024-11-28T21:24:44.309957Z",
            "yes_price": 99,
            "no_price": 1,
            "taker_side": "yes"
        },
        {
            "trade_id": "2c300a6f-d31a-4bc1-afb4-858445e71116",
            "ticker": "KXHIGHAUS-24NOV28-B62.5",
            "count": 18,
            "created_time": "2024-11-28T21:24:44.309957Z",
            "yes_price": 99,
            "no_price": 1,
            "taker_side": "yes"
        },
        {
            "trade_id": "221c6784-bf4a-42e2-beee-0ce9ce70ab0b",
            "ticker": "KXHIGHAUS-24NOV28-B62.5",
            "count": 21,
            "created_time": "2024-11-28T21:24:44.309957Z",
            "yes_price": 99,
            "no_price": 1,
            "taker_side": "yes"
        },
        {
            "trade_id": "393e0c92-6337-4707-95a6-d8b1c3dd3319",
            "ticker": "KXHIGHAUS-24NOV28-B62.5",
            "count": 13,
            "created_time": "2024-11-28T21:07:16.299509Z",
            "yes_price": 98,
            "no_price": 2,
            "taker_side": "yes"
        },
        {
            "trade_id": "25123bf8-d64c-484c-a205-b57179398d19",
            "ticker": "KXHIGHAUS-24NOV28-B62.5",
            "count": 8,
            "created_time": "2024-11-28T21:07:16.299509Z",
            "yes_price": 99,
            "no_price": 1,
            "taker_side": "yes"
        },
        {
            "trade_id": "5407d7a5-6e33-41e4-b8d8-9ed4e5b8be03",
            "ticker": "KXHIGHAUS-24NOV28-B62.5",
            "count": 52,
            "created_time": "2024-11-28T20:48:55.589387Z",
            "yes_price": 91,
            "no_price": 9,
            "taker_side": "no"
        },
        {
            "trade_id": "e7bb3915-d85c-471a-b30e-3b2c56777292",
            "ticker": "KXHIGHAUS-24NOV28-B62.5",
            "count": 124,
            "created_time": "2024-11-28T20:46:14.104987Z",
            "yes_price": 90,
            "no_price": 10,
            "taker_side": "no"
        },
        {
            "trade_id": "e6574abd-df29-4071-a990-529fd9998aeb",
            "ticker": "KXHIGHAUS-24NOV28-B62.5",
            "count": 15,
            "created_time": "2024-11-28T20:46:14.104987Z",
            "yes_price": 98,
            "no_price": 2,
            "taker_side": "no"
        },
        {
            "trade_id": "2ded4dee-54c1-4cc6-8bdf-33ab885fcc09",
            "ticker": "KXHIGHAUS-24NOV28-B62.5",
            "count": 16,
            "created_time": "2024-11-28T20:36:49.080816Z",
            "yes_price": 98,
            "no_price": 2,
            "taker_side": "yes"
        },
        {
            "trade_id": "07f7993c-9e82-46c8-9d89-b8999b19cb42",
            "ticker": "KXHIGHAUS-24NOV28-B62.5",
            "count": 9,
            "created_time": "2024-11-28T20:36:49.080816Z",
            "yes_price": 98,
            "no_price": 2,
            "taker_side": "yes"
        },
        {
            "trade_id": "9c18094a-885f-4505-b718-e8641f96f048",
            "ticker": "KXHIGHAUS-24NOV28-B62.5",
            "count": 100,
            "created_time": "2024-11-28T20:32:17.43108Z",
            "yes_price": 97,
            "no_price": 3,
            "taker_side": "yes"
        },
        {
            "trade_id": "1b64e930-4808-4274-bfae-2aa73f025c5f",
            "ticker": "KXHIGHAUS-24NOV28-B62.5",
            "count": 1,
            "created_time": "2024-11-28T20:18:18.133727Z",
            "yes_price": 92,
            "no_price": 8,
            "taker_side": "no"
        },
        {
            "trade_id": "f91a67a1-5472-4552-b818-b4535104df08",
            "ticker": "KXHIGHAUS-24NOV28-B62.5",
            "count": 64,
            "created_time": "2024-11-28T20:16:55.536257Z",
            "yes_price": 97,
            "no_price": 3,
            "taker_side": "yes"
        },
        {
            "trade_id": "a508f505-2f31-42b9-9acb-b9309021e872",
            "ticker": "KXHIGHAUS-24NOV28-B62.5",
            "count": 27,
            "created_time": "2024-11-28T20:16:55.536257Z",
            "yes_price": 98,
            "no_price": 2,
            "taker_side": "yes"
        },
        {
            "trade_id": "746563b2-8899-4893-acdc-23e3587bc73c",
            "ticker": "KXHIGHAUS-24NOV28-B62.5",
            "count": 11,
            "created_time": "2024-11-28T20:16:55.536257Z",
            "yes_price": 98,
            "no_price": 2,
            "taker_side": "yes"
        },
        {
            "trade_id": "e6e046ad-bf51-4fe0-b94d-c855de64c933",
            "ticker": "KXHIGHAUS-24NOV28-B62.5",
            "count": 93,
            "created_time": "2024-11-28T20:16:34.842336Z",
            "yes_price": 92,
            "no_price": 8,
            "taker_side": "no"
        },
        {
            "trade_id": "9b7db373-a548-4637-9b63-d284769c6648",
            "ticker": "KXHIGHAUS-24NOV28-B62.5",
            "count": 31,
            "created_time": "2024-11-28T20:14:02.008036Z",
            "yes_price": 97,
            "no_price": 3,
            "taker_side": "yes"
        },
        {
            "trade_id": "e47ff71a-4a0f-442f-b694-c8ace8b5a0aa",
            "ticker": "KXHIGHAUS-24NOV28-B62.5",
            "count": 27,
            "created_time": "2024-11-28T20:13:00.932305Z",
            "yes_price": 97,
            "no_price": 3,
            "taker_side": "yes"
        },
        {
            "trade_id": "ced8ace5-4a56-4283-9485-9e16d0c7d267",
            "ticker": "KXHIGHAUS-24NOV28-B62.5",
            "count": 20,
            "created_time": "2024-11-28T20:13:00.932305Z",
            "yes_price": 97,
            "no_price": 3,
            "taker_side": "yes"
        },
        {
            "trade_id": "47bcad82-896e-48d7-884f-4bda50c156e7",
            "ticker": "KXHIGHAUS-24NOV28-B62.5",
            "count": 17,
            "created_time": "2024-11-28T20:13:00.932305Z",
            "yes_price": 97,
            "no_price": 3,
            "taker_side": "yes"
        },
        {
            "trade_id": "7bac5388-0ab5-4267-a0a9-cde28b82c194",
            "ticker": "KXHIGHAUS-24NOV28-B62.5",
            "count": 27,
            "created_time": "2024-11-28T20:07:59.138763Z",
            "yes_price": 90,
            "no_price": 10,
            "taker_side": "no"
        },
        {
            "trade_id": "18462b27-39a9-4855-9443-e2b6c723195f",
            "ticker": "KXHIGHAUS-24NOV28-B62.5",
            "count": 3,
            "created_time": "2024-11-28T20:07:59.138763Z",
            "yes_price": 93,
            "no_price": 7,
            "taker_side": "no"
        },
        {
            "trade_id": "b05fbccd-c540-4dfc-a88d-26c267706b3c",
            "ticker": "KXHIGHAUS-24NOV28-B62.5",
            "count": 3,
            "created_time": "2024-11-28T19:55:39.301963Z",
            "yes_price": 96,
            "no_price": 4,
            "taker_side": "no"
        },
        {
            "trade_id": "33667802-fca1-4900-8e15-b84f201691d3",
            "ticker": "KXHIGHAUS-24NOV28-B62.5",
            "count": 47,
            "created_time": "2024-11-28T19:53:00.557274Z",
            "yes_price": 90,
            "no_price": 10,
            "taker_side": "no"
        },
        {
            "trade_id": "45dcceb5-89e3-4353-b8f9-4d28aabe01f7",
            "ticker": "KXHIGHAUS-24NOV28-B62.5",
            "count": 48,
            "created_time": "2024-11-28T19:52:42.485354Z",
            "yes_price": 90,
            "no_price": 10,
            "taker_side": "no"
        },
        {
            "trade_id": "8656064e-3039-4e33-bd55-afbeb5a6749b",
            "ticker": "KXHIGHAUS-24NOV28-B62.5",
            "count": 12,
            "created_time": "2024-11-28T19:52:30.380735Z",
            "yes_price": 90,
            "no_price": 10,
            "taker_side": "no"
        },
        {
            "trade_id": "84e1e50f-74b6-48d8-ad4d-709051cc209c",
            "ticker": "KXHIGHAUS-24NOV28-B62.5",
            "count": 38,
            "created_time": "2024-11-28T19:52:30.380735Z",
            "yes_price": 91,
            "no_price": 9,
            "taker_side": "no"
        },
        {
            "trade_id": "13a899e3-412c-4316-a33f-79306addc5ba",
            "ticker": "KXHIGHAUS-24NOV28-B62.5",
            "count": 104,
            "created_time": "2024-11-28T19:52:09.999273Z",
            "yes_price": 91,
            "no_price": 9,
            "taker_side": "no"
        },
        {
            "trade_id": "cd7ba2e2-246d-470f-9236-d1e46a4bb74d",
            "ticker": "KXHIGHAUS-24NOV28-B62.5",
            "count": 108,
            "created_time": "2024-11-28T19:52:01.093988Z",
            "yes_price": 91,
            "no_price": 9,
            "taker_side": "no"
        },
        {
            "trade_id": "8c8b52a0-0172-4a5b-9572-5cf80cf6b774",
            "ticker": "KXHIGHAUS-24NOV28-B62.5",
            "count": 1,
            "created_time": "2024-11-28T19:52:01.093988Z",
            "yes_price": 96,
            "no_price": 4,
            "taker_side": "no"
        },
        {
            "trade_id": "100ed5e3-2e03-43b3-81e8-4ebb01de054b",
            "ticker": "KXHIGHAUS-24NOV28-B62.5",
            "count": 11,
            "created_time": "2024-11-28T19:52:01.093988Z",
            "yes_price": 92,
            "no_price": 8,
            "taker_side": "no"
        },
        {
            "trade_id": "01db3b86-66a3-41ac-9e24-7a0b71954e27",
            "ticker": "KXHIGHAUS-24NOV28-B62.5",
            "count": 35,
            "created_time": "2024-11-28T19:52:01.093988Z",
            "yes_price": 93,
            "no_price": 7,
            "taker_side": "no"
        },
        {
            "trade_id": "e6710863-83f1-4aaf-b9e3-19f4e135a578",
            "ticker": "KXHIGHAUS-24NOV28-B62.5",
            "count": 200,
            "created_time": "2024-11-28T19:50:00.182409Z",
            "yes_price": 96,
            "no_price": 4,
            "taker_side": "no"
        },
        {
            "trade_id": "b6022291-7b36-4f0b-adc5-33a58beb2c9f",
            "ticker": "KXHIGHAUS-24NOV28-B62.5",
            "count": 483,
            "created_time": "2024-11-28T19:49:41.631836Z",
            "yes_price": 97,
            "no_price": 3,
            "taker_side": "no"
        },
        {
            "trade_id": "48205742-c001-4cd1-9c23-9afdda432052",
            "ticker": "KXHIGHAUS-24NOV28-B62.5",
            "count": 156,
            "created_time": "2024-11-28T19:42:35.07198Z",
            "yes_price": 97,
            "no_price": 3,
            "taker_side": "no"
        },
        {
            "trade_id": "0921d4ad-14d7-4112-afbb-28dbbe33956c",
            "ticker": "KXHIGHAUS-24NOV28-B62.5",
            "count": 156,
            "created_time": "2024-11-28T19:42:13.855245Z",
            "yes_price": 97,
            "no_price": 3,
            "taker_side": "no"
        },
        {
            "trade_id": "a7e3f6e4-b4b4-4d15-9515-3cd34643aa1f",
            "ticker": "KXHIGHAUS-24NOV28-B62.5",
            "count": 5,
            "created_time": "2024-11-28T19:36:02.276118Z",
            "yes_price": 97,
            "no_price": 3,
            "taker_side": "no"
        },
        {
            "trade_id": "a0da3e46-7096-4829-a875-4672921f4d9e",
            "ticker": "KXHIGHAUS-24NOV28-B62.5",
            "count": 32,
            "created_time": "2024-11-28T19:30:09.09306Z",
            "yes_price": 99,
            "no_price": 1,
            "taker_side": "yes"
        },
        {
            "trade_id": "6133496c-16c6-4c4d-9042-40b3a70a302e",
            "ticker": "KXHIGHAUS-24NOV28-B62.5",
            "count": 89,
            "created_time": "2024-11-28T19:30:09.09306Z",
            "yes_price": 99,
            "no_price": 1,
            "taker_side": "yes"
        },
        {
            "trade_id": "4763e0c0-b2af-44d5-bd3b-2b0547dc5519",
            "ticker": "KXHIGHAUS-24NOV28-B62.5",
            "count": 80,
            "created_time": "2024-11-28T19:30:09.09306Z",
            "yes_price": 99,
            "no_price": 1,
            "taker_side": "yes"
        },
        {
            "trade_id": "6c8b3a86-9802-49f2-b3a2-34a2a0761519",
            "ticker": "KXHIGHAUS-24NOV28-B62.5",
            "count": 100,
            "created_time": "2024-11-28T19:25:54.698923Z",
            "yes_price": 99,
            "no_price": 1,
            "taker_side": "yes"
        },
        {
            "trade_id": "58cfb10b-ca4d-4f27-b43d-d03f97943fef",
            "ticker": "KXHIGHAUS-24NOV28-B62.5",
            "count": 106,
            "created_time": "2024-11-28T19:24:47.562372Z",
            "yes_price": 96,
            "no_price": 4,
            "taker_side": "no"
        },
        {
            "trade_id": "4da20e1c-7f74-4970-98db-5f35378b5c91",
            "ticker": "KXHIGHAUS-24NOV28-B62.5",
            "count": 20,
            "created_time": "2024-11-28T19:16:14.15072Z",
            "yes_price": 96,
            "no_price": 4,
            "taker_side": "no"
        },
        {
            "trade_id": "550f3fbf-7118-4003-bbfb-e57ae6ec49cb",
            "ticker": "KXHIGHAUS-24NOV28-B62.5",
            "count": 1,
            "created_time": "2024-11-28T18:04:38.875398Z",
            "yes_price": 96,
            "no_price": 4,
            "taker_side": "no"
        },
        {
            "trade_id": "5fab46c6-9815-4a25-a0ac-6afa178c9c09",
            "ticker": "KXHIGHAUS-24NOV28-B62.5",
            "count": 60,
            "created_time": "2024-11-28T18:03:38.995334Z",
            "yes_price": 99,
            "no_price": 1,
            "taker_side": "yes"
        },
        {
