{
    "HIGHAUS-24SEP06-T87": [
        {
            "trade_id": "f16ef055-5390-4409-be71-fe39af19c3a2",
            "ticker": "HIGHAUS-24SEP06-T87",
            "count": 104,
            "created_time": "2024-09-06T20:14:56.11568Z",
            "yes_price": 1,
            "no_price": 99,
            "taker_side": "yes"
        },
        {
            "trade_id": "e0db4c8a-d5fd-46b6-8658-754dbe09287e",
            "ticker": "HIGHAUS-24SEP06-T87",
            "count": 104,
            "created_time": "2024-09-06T20:14:56.11568Z",
            "yes_price": 1,
            "no_price": 99,
            "taker_side": "yes"
        },
        {
            "trade_id": "bffc2f22-bb2a-48f3-bdac-ff4b32ad87fc",
            "ticker": "HIGHAUS-24SEP06-T87",
            "count": 104,
            "created_time": "2024-09-06T20:14:56.11568Z",
            "yes_price": 1,
            "no_price": 99,
            "taker_side": "yes"
        },
        {
            "trade_id": "7abbb3f6-c9e3-473e-9d83-3723fd56d26d",
            "ticker": "HIGHAUS-24SEP06-T87",
            "count": 104,
            "created_time": "2024-09-06T20:14:56.11568Z",
            "yes_price": 1,
            "no_price": 99,
            "taker_side": "yes"
        },
        {
            "trade_id": "61297903-afd0-498f-9026-53e50341d435",
            "ticker": "HIGHAUS-24SEP06-T87",
            "count": 104,
            "created_time": "2024-09-06T20:14:56.11568Z",
            "yes_price": 1,
            "no_price": 99,
            "taker_side": "yes"
        },
        {
            "trade_id": "53be6519-1fbf-4c53-8728-e097816a83b8",
            "ticker": "HIGHAUS-24SEP06-T87",
            "count": 104,
            "created_time": "2024-09-06T20:14:56.11568Z",
            "yes_price": 1,
            "no_price": 99,
            "taker_side": "yes"
        },
        {
            "trade_id": "3e99b10e-8212-422e-a5d6-d3e7271fdc5c",
            "ticker": "HIGHAUS-24SEP06-T87",
            "count": 104,
            "created_time": "2024-09-06T20:14:56.11568Z",
            "yes_price": 1,
            "no_price": 99,
            "taker_side": "yes"
        },
        {
            "trade_id": "2a8450a3-d02a-4cdd-8884-e9f08ec7dc3f",
            "ticker": "HIGHAUS-24SEP06-T87",
            "count": 104,
            "created_time": "2024-09-06T20:14:56.11568Z",
            "yes_price": 1,
            "no_price": 99,
            "taker_side": "yes"
        },
        {
            "trade_id": "117e5f28-7ba4-4183-8282-496ae2921a79",
            "ticker": "HIGHAUS-24SEP06-T87",
            "count": 18,
            "created_time": "2024-09-06T20:14:56.11568Z",
            "yes_price": 1,
            "no_price": 99,
            "taker_side": "yes"
        },
        {
            "trade_id": "090c34ed-f7ce-4742-abf4-e720a734846d",
            "ticker": "HIGHAUS-24SEP06-T87",
            "count": 104,
            "created_time": "2024-09-06T20:14:56.11568Z",
            "yes_price": 1,
            "no_price": 99,
            "taker_side": "yes"
        },
        {
            "trade_id": "b75d3e52-4ce6-4cf3-ab6e-0968c6b9c7ba",
            "ticker": "HIGHAUS-24SEP06-T87",
            "count": 13,
            "created_time": "2024-09-06T16:50:02.362149Z",
            "yes_price": 1,
            "no_price": 99,
            "taker_side": "yes"
        },
        {
            "trade_id": "e20d1625-ac26-4bf0-a2d9-be26986a92dd",
            "ticker": "HIGHAUS-24SEP06-T87",
            "count": 5,
            "created_time": "2024-09-06T12:40:59.086885Z",
            "yes_price": 1,
            "no_price": 99,
            "taker_side": "no"
        },
        {
            "trade_id": "e45e9413-1b8d-49cb-b663-77ebbb16fad8",
            "ticker": "HIGHAUS-24SEP06-T87",
            "count": 45,
            "created_time": "2024-09-06T12:11:29.449407Z",
            "yes_price": 1,
            "no_price": 99,
            "taker_side": "no"
        },
        {
            "trade_id": "cfb9ae70-2111-44f9-8cf2-193e917b5d67",
            "ticker": "HIGHAUS-24SEP06-T87",
            "count": 54,
            "created_time": "2024-09-05T20:05:17.867489Z",
            "yes_price": 10,
            "no_price": 90,
            "taker_side": "no"
        },
        {
            "trade_id": "24301d31-bb21-44bd-9568-539e7fdc75fb",
            "ticker": "HIGHAUS-24SEP06-T87",
            "count": 180,
            "created_time": "2024-09-05T20:05:17.867489Z",
            "yes_price": 9,
            "no_price": 91,
            "taker_side": "no"
        },
        {
            "trade_id": "35920efd-a431-44e5-a240-9389cf82945f",
            "ticker": "HIGHAUS-24SEP06-T87",
            "count": 108,
            "created_time": "2024-09-05T19:17:59.656664Z",
            "yes_price": 13,
            "no_price": 87,
            "taker_side": "no"
        },
        {
            "trade_id": "1c4c1f42-96b7-43eb-aacd-05db12ce85c4",
            "ticker": "HIGHAUS-24SEP06-T87",
            "count": 144,
            "created_time": "2024-09-05T19:14:44.598426Z",
            "yes_price": 17,
            "no_price": 83,
            "taker_side": "no"
        },
        {
            "trade_id": "ee75ccfd-b1eb-4b37-b0ff-77e61cdb16a2",
            "ticker": "HIGHAUS-24SEP06-T87",
            "count": 180,
            "created_time": "2024-09-05T19:13:38.394106Z",
            "yes_price": 19,
            "no_price": 81,
            "taker_side": "no"
        },
        {
            "trade_id": "9e3cda1f-c52b-4ff7-9229-401963f21ce0",
            "ticker": "HIGHAUS-24SEP06-T87",
            "count": 180,
            "created_time": "2024-09-05T19:13:38.394106Z",
            "yes_price": 18,
            "no_price": 82,
            "taker_side": "no"
        },
        {
            "trade_id": "95e33413-8baf-4478-9836-8d6e7c84c85c",
            "ticker": "HIGHAUS-24SEP06-T87",
            "count": 108,
            "created_time": "2024-09-05T19:13:38.394106Z",
            "yes_price": 21,
            "no_price": 79,
            "taker_side": "no"
        },
        {
            "trade_id": "5a3b171b-a1ee-4003-ab32-f093d629d4aa",
            "ticker": "HIGHAUS-24SEP06-T87",
            "count": 1,
            "created_time": "2024-09-05T18:35:30.681688Z",
            "yes_price": 6,
            "no_price": 94,
            "taker_side": "no"
        },
        {
            "trade_id": "949feb77-0445-4ce5-b90a-31c96541e3a2",
            "ticker": "HIGHAUS-24SEP06-T87",
            "count": 28,
            "created_time": "2024-09-05T18:08:40.466257Z",
            "yes_price": 5,
            "no_price": 95,
            "taker_side": "yes"
        }
    ],
    "HIGHAUS-24SEP06-B87.5": [
        {
            "trade_id": "7c9c4110-5572-4b75-a5ee-da4fde07b245",
            "ticker": "HIGHAUS-24SEP06-B87.5",
            "count": 1023,
            "created_time": "2024-09-06T20:14:46.876181Z",
            "yes_price": 1,
            "no_price": 99,
            "taker_side": "yes"
        },
        {
            "trade_id": "dd55300f-b2b1-4082-9411-f65ab3b3605b",
            "ticker": "HIGHAUS-24SEP06-B87.5",
            "count": 200,
            "created_time": "2024-09-06T20:14:31.932653Z",
            "yes_price": 1,
            "no_price": 99,
            "taker_side": "yes"
        },
        {
            "trade_id": "bbf567c6-5d52-45cd-995f-46d3940b43f2",
            "ticker": "HIGHAUS-24SEP06-B87.5",
            "count": 50,
            "created_time": "2024-09-06T18:42:30.285445Z",
            "yes_price": 1,
            "no_price": 99,
            "taker_side": "no"
        },
        {
            "trade_id": "02c15cfd-6c6d-453e-bbe0-99328187b4c2",
            "ticker": "HIGHAUS-24SEP06-B87.5",
            "count": 80,
            "created_time": "2024-09-06T16:56:11.183344Z",
            "yes_price": 8,
            "no_price": 92,
            "taker_side": "no"
        },
        {
            "trade_id": "d03aba1b-ee5e-4b01-9cd7-d1d2290350a3",
            "ticker": "HIGHAUS-24SEP06-B87.5",
            "count": 72,
            "created_time": "2024-09-06T16:56:06.467389Z",
            "yes_price": 8,
            "no_price": 92,
            "taker_side": "no"
        },
        {
            "trade_id": "e304e5f6-396d-4681-adff-65bf6f74889f",
            "ticker": "HIGHAUS-24SEP06-B87.5",
            "count": 18,
            "created_time": "2024-09-06T16:49:20.034769Z",
            "yes_price": 8,
            "no_price": 92,
            "taker_side": "no"
        },
        {
            "trade_id": "d76f8007-4e96-4c4b-91b3-1456103b6078",
            "ticker": "HIGHAUS-24SEP06-B87.5",
            "count": 18,
            "created_time": "2024-09-06T16:49:02.121374Z",
            "yes_price": 8,
            "no_price": 92,
            "taker_side": "no"
        },
        {
            "trade_id": "62841b40-d2f9-4222-a2fa-e52d3169b1a7",
            "ticker": "HIGHAUS-24SEP06-B87.5",
            "count": 16,
            "created_time": "2024-09-06T16:48:22.535779Z",
            "yes_price": 8,
            "no_price": 92,
            "taker_side": "no"
        },
        {
            "trade_id": "21e9f941-4e81-4d64-ad72-26c517f61dab",
            "ticker": "HIGHAUS-24SEP06-B87.5",
            "count": 20,
            "created_time": "2024-09-06T16:47:45.80431Z",
            "yes_price": 8,
            "no_price": 92,
            "taker_side": "no"
        },
        {
            "trade_id": "d9f2a454-39bd-4702-be30-05221e1b6e79",
            "ticker": "HIGHAUS-24SEP06-B87.5",
            "count": 28,
            "created_time": "2024-09-06T16:47:14.595464Z",
            "yes_price": 8,
            "no_price": 92,
            "taker_side": "no"
        },
        {
            "trade_id": "a4abba8f-9363-4d8d-a5d0-b748f09e11ad",
            "ticker": "HIGHAUS-24SEP06-B87.5",
            "count": 18,
            "created_time": "2024-09-06T12:41:06.026815Z",
            "yes_price": 17,
            "no_price": 83,
            "taker_side": "yes"
        },
        {
            "trade_id": "aa3c29bd-e987-4714-9a5b-123cfd26d5ff",
            "ticker": "HIGHAUS-24SEP06-B87.5",
            "count": 18,
            "created_time": "2024-09-06T12:40:59.013019Z",
            "yes_price": 17,
            "no_price": 83,
            "taker_side": "yes"
        },
        {
            "trade_id": "969b03fa-d1a7-4f70-9f31-4ed85ab1e5f5",
            "ticker": "HIGHAUS-24SEP06-B87.5",
            "count": 45,
            "created_time": "2024-09-06T12:11:29.363134Z",
            "yes_price": 21,
            "no_price": 79,
            "taker_side": "yes"
        },
        {
            "trade_id": "543e8770-92e2-4ca4-9b7e-42d6b190e152",
            "ticker": "HIGHAUS-24SEP06-B87.5",
            "count": 14,
            "created_time": "2024-09-06T00:52:36.487193Z",
            "yes_price": 14,
            "no_price": 86,
            "taker_side": "no"
        },
        {
            "trade_id": "fdcf4d1a-6486-4b19-9009-c8283b1efb20",
            "ticker": "HIGHAUS-24SEP06-B87.5",
            "count": 126,
            "created_time": "2024-09-06T00:48:32.90722Z",
            "yes_price": 14,
            "no_price": 86,
            "taker_side": "no"
        },
        {
            "trade_id": "e40ef5e0-811e-4e83-9f83-842fed08d744",
            "ticker": "HIGHAUS-24SEP06-B87.5",
            "count": 144,
            "created_time": "2024-09-06T00:44:36.05063Z",
            "yes_price": 14,
            "no_price": 86,
            "taker_side": "no"
        },
        {
            "trade_id": "86590b68-de80-4a87-9b4e-407847c856cd",
            "ticker": "HIGHAUS-24SEP06-B87.5",
            "count": 90,
            "created_time": "2024-09-06T00:40:44.972936Z",
            "yes_price": 14,
            "no_price": 86,
            "taker_side": "no"
        },
        {
            "trade_id": "4fe1b127-b2f0-4034-91ee-218d58ef4eca",
            "ticker": "HIGHAUS-24SEP06-B87.5",
            "count": 36,
            "created_time": "2024-09-06T00:08:39.988136Z",
            "yes_price": 14,
            "no_price": 86,
            "taker_side": "no"
        },
        {
            "trade_id": "19fbfb37-c512-4b30-aae6-17099ef884fd",
            "ticker": "HIGHAUS-24SEP06-B87.5",
            "count": 90,
            "created_time": "2024-09-06T00:04:38.073618Z",
            "yes_price": 14,
            "no_price": 86,
            "taker_side": "no"
        },
        {
            "trade_id": "d86c8dd6-1488-47e4-89d7-bd41fa2c9c0c",
            "ticker": "HIGHAUS-24SEP06-B87.5",
            "count": 12,
            "created_time": "2024-09-05T23:32:41.487677Z",
            "yes_price": 15,
            "no_price": 85,
            "taker_side": "no"
        },
        {
            "trade_id": "c75cb1d5-ddcc-48b1-a5f4-57312c333ff1",
            "ticker": "HIGHAUS-24SEP06-B87.5",
            "count": 2,
            "created_time": "2024-09-05T23:29:47.829484Z",
            "yes_price": 20,
            "no_price": 80,
            "taker_side": "yes"
        },
        {
            "trade_id": "51b79e54-b072-4c16-9f3d-d3de1620f746",
            "ticker": "HIGHAUS-24SEP06-B87.5",
            "count": 10,
            "created_time": "2024-09-05T23:29:35.71162Z",
            "yes_price": 21,
            "no_price": 79,
            "taker_side": "yes"
        },
        {
            "trade_id": "856f29a4-6048-40a2-b25c-0236c401ea59",
            "ticker": "HIGHAUS-24SEP06-B87.5",
            "count": 34,
            "created_time": "2024-09-05T23:27:33.224177Z",
            "yes_price": 20,
            "no_price": 80,
            "taker_side": "no"
        },
        {
            "trade_id": "6f2aa06e-92e2-43fe-97ed-0041480aa918",
            "ticker": "HIGHAUS-24SEP06-B87.5",
            "count": 198,
            "created_time": "2024-09-05T23:27:33.224177Z",
            "yes_price": 19,
            "no_price": 81,
            "taker_side": "no"
        },
        {
            "trade_id": "37d12f4f-992e-423b-b730-88420cbe910d",
            "ticker": "HIGHAUS-24SEP06-B87.5",
            "count": 1,
            "created_time": "2024-09-05T23:27:33.224177Z",
            "yes_price": 19,
            "no_price": 81,
            "taker_side": "no"
        },
        {
            "trade_id": "9d82060f-e647-499c-ae4e-8bd3b2b9a312",
            "ticker": "HIGHAUS-24SEP06-B87.5",
            "count": 1,
            "created_time": "2024-09-05T22:11:20.087423Z",
            "yes_price": 21,
            "no_price": 79,
            "taker_side": "yes"
        },
        {
            "trade_id": "f6ad5f42-3f9e-4b9a-8ee2-1a95c3a8ddb7",
            "ticker": "HIGHAUS-24SEP06-B87.5",
            "count": 2,
            "created_time": "2024-09-05T22:10:47.85347Z",
            "yes_price": 21,
            "no_price": 79,
            "taker_side": "yes"
        },
        {
            "trade_id": "01fa1ec9-581f-40e6-85d5-12ec4b7a82d9",
            "ticker": "HIGHAUS-24SEP06-B87.5",
            "count": 3,
            "created_time": "2024-09-05T22:10:13.642486Z",
            "yes_price": 21,
            "no_price": 79,
            "taker_side": "yes"
        },
        {
            "trade_id": "cc8d7014-e4ba-43ce-b250-e2682bfdcc6c",
            "ticker": "HIGHAUS-24SEP06-B87.5",
            "count": 6,
            "created_time": "2024-09-05T22:09:39.593282Z",
            "yes_price": 21,
            "no_price": 79,
            "taker_side": "yes"
        },
        {
            "trade_id": "9cb27344-fe8d-407c-acc2-13a7ba5fd380",
            "ticker": "HIGHAUS-24SEP06-B87.5",
            "count": 10,
            "created_time": "2024-09-05T22:09:14.015031Z",
            "yes_price": 21,
            "no_price": 79,
            "taker_side": "yes"
        },
        {
            "trade_id": "1b11fd54-f071-4721-827f-7343951a206b",
            "ticker": "HIGHAUS-24SEP06-B87.5",
            "count": 108,
            "created_time": "2024-09-05T22:08:49.190293Z",
            "yes_price": 20,
            "no_price": 80,
            "taker_side": "no"
        },
        {
            "trade_id": "cdf793d4-55a9-46b4-ada6-c43b0b17a61e",
            "ticker": "HIGHAUS-24SEP06-B87.5",
            "count": 108,
            "created_time": "2024-09-05T22:08:39.793001Z",
            "yes_price": 20,
            "no_price": 80,
            "taker_side": "no"
        },
        {
            "trade_id": "3183325f-c5d8-458d-9b83-bf4c9109e839",
            "ticker": "HIGHAUS-24SEP06-B87.5",
            "count": 14,
            "created_time": "2024-09-05T22:08:39.74934Z",
            "yes_price": 21,
            "no_price": 79,
            "taker_side": "no"
        },
        {
            "trade_id": "6c0a3ef9-c46e-4750-8f1c-4c6e4bd7c744",
            "ticker": "HIGHAUS-24SEP06-B87.5",
            "count": 35,
            "created_time": "2024-09-05T21:58:07.423664Z",
            "yes_price": 28,
            "no_price": 72,
            "taker_side": "yes"
        },
        {
            "trade_id": "991878a9-aef2-44f1-8116-1448d8ef0652",
            "ticker": "HIGHAUS-24SEP06-B87.5",
            "count": 36,
            "created_time": "2024-09-05T21:57:49.913464Z",
            "yes_price": 27,
            "no_price": 73,
            "taker_side": "yes"
        },
        {
            "trade_id": "1ca3b761-e7c9-42ba-9dec-503c58efc60d",
            "ticker": "HIGHAUS-24SEP06-B87.5",
            "count": 29,
            "created_time": "2024-09-05T21:57:49.913464Z",
            "yes_price": 27,
            "no_price": 73,
            "taker_side": "yes"
        },
        {
            "trade_id": "4cb23d5a-8f54-4c09-be02-2f2ee708a7e8",
            "ticker": "HIGHAUS-24SEP06-B87.5",
            "count": 1,
            "created_time": "2024-09-05T20:45:20.491776Z",
            "yes_price": 21,
            "no_price": 79,
            "taker_side": "yes"
        },
        {
            "trade_id": "f9a2fe8a-6f53-49b5-b56f-dede6bdd771d",
            "ticker": "HIGHAUS-24SEP06-B87.5",
            "count": 1,
            "created_time": "2024-09-05T20:44:46.116912Z",
            "yes_price": 21,
            "no_price": 79,
            "taker_side": "yes"
        },
        {
            "trade_id": "4e42459c-5e23-4db2-a495-c151e34794b7",
            "ticker": "HIGHAUS-24SEP06-B87.5",
            "count": 1,
            "created_time": "2024-09-05T20:44:13.775475Z",
            "yes_price": 21,
            "no_price": 79,
            "taker_side": "yes"
        },
        {
            "trade_id": "c8bd5fef-93b9-4cb5-b295-1bfcf5f5422a",
            "ticker": "HIGHAUS-24SEP06-B87.5",
            "count": 2,
            "created_time": "2024-09-05T20:43:40.781285Z",
            "yes_price": 21,
            "no_price": 79,
            "taker_side": "yes"
        },
        {
            "trade_id": "1311834f-c0e9-4c41-a3c1-e40ba9db2047",
            "ticker": "HIGHAUS-24SEP06-B87.5",
            "count": 2,
            "created_time": "2024-09-05T20:43:08.121926Z",
            "yes_price": 21,
            "no_price": 79,
            "taker_side": "yes"
        },
        {
            "trade_id": "56a8a732-2cc8-4715-b567-63bfa2db71a0",
            "ticker": "HIGHAUS-24SEP06-B87.5",
            "count": 3,
            "created_time": "2024-09-05T20:42:34.169053Z",
            "yes_price": 21,
            "no_price": 79,
            "taker_side": "yes"
        },
        {
            "trade_id": "e16c22f7-6837-4593-a9dc-a136c0ad9df4",
            "ticker": "HIGHAUS-24SEP06-B87.5",
            "count": 108,
            "created_time": "2024-09-05T20:05:02.801477Z",
            "yes_price": 25,
            "no_price": 75,
            "taker_side": "no"
        },
        {
            "trade_id": "458da603-cf25-4841-9393-d9d9a7f16eea",
            "ticker": "HIGHAUS-24SEP06-B87.5",
            "count": 3,
            "created_time": "2024-09-05T20:05:02.801477Z",
            "yes_price": 26,
            "no_price": 74,
            "taker_side": "no"
        },
        {
            "trade_id": "0555a343-ba0e-46e2-a494-9fab17ec21da",
            "ticker": "HIGHAUS-24SEP06-B87.5",
            "count": 5,
            "created_time": "2024-09-05T20:05:02.801477Z",
            "yes_price": 28,
            "no_price": 72,
            "taker_side": "no"
        },
        {
            "trade_id": "2bba7e4d-b250-4b4e-aa56-aced6e98fd13",
            "ticker": "HIGHAUS-24SEP06-B87.5",
            "count": 72,
            "created_time": "2024-09-05T19:21:34.766575Z",
            "yes_price": 28,
            "no_price": 72,
            "taker_side": "no"
        },
        {
            "trade_id": "222ca6f0-6d24-4229-ac0a-ca5767ef894b",
            "ticker": "HIGHAUS-24SEP06-B87.5",
            "count": 11,
            "created_time": "2024-09-05T19:21:34.766575Z",
            "yes_price": 29,
            "no_price": 71,
            "taker_side": "no"
        },
        {
            "trade_id": "6cb08da4-30d0-4ea1-8219-c9af257a2d13",
            "ticker": "HIGHAUS-24SEP06-B87.5",
            "count": 18,
            "created_time": "2024-09-05T18:48:36.185059Z",
            "yes_price": 20,
            "no_price": 80,
            "taker_side": "yes"
        },
        {
            "trade_id": "c15f2020-a8f9-428e-8260-3b581ba1d760",
            "ticker": "HIGHAUS-24SEP06-B87.5",
            "count": 1,
            "created_time": "2024-09-05T18:35:30.669235Z",
            "yes_price": 19,
            "no_price": 81,
            "taker_side": "no"
        },
        {
            "trade_id": "b49ca05f-ddfc-4939-952f-8e102df4178c",
            "ticker": "HIGHAUS-24SEP06-B87.5",
            "count": 1,
            "created_time": "2024-09-05T18:35:29.67809Z",
            "yes_price": 19,
            "no_price": 81,
            "taker_side": "no"
        },
        {
            "trade_id": "aaa02e4b-12aa-47c8-a87c-631da374bf72",
            "ticker": "HIGHAUS-24SEP06-B87.5",
            "count": 5,
            "created_time": "2024-09-05T18:10:54.463105Z",
            "yes_price": 20,
            "no_price": 80,
            "taker_side": "yes"
        },
        {
            "trade_id": "d670fbea-0af4-49ea-94cd-63cd0b095696",
            "ticker": "HIGHAUS-24SEP06-B87.5",
            "count": 10,
            "created_time": "2024-09-05T18:07:29.074397Z",
            "yes_price": 17,
            "no_price": 83,
            "taker_side": "no"
        },
        {
            "trade_id": "88262ad9-5b68-4eef-9293-27d1f64e1d07",
            "ticker": "HIGHAUS-24SEP06-B87.5",
            "count": 126,
            "created_time": "2024-09-05T18:07:29.074397Z",
            "yes_price": 17,
            "no_price": 83,
            "taker_side": "no"
        },
        {
            "trade_id": "af5a6fe1-b25d-4fa5-86b0-8ccb443c4c54",
            "ticker": "HIGHAUS-24SEP06-B87.5",
            "count": 13,
            "created_time": "2024-09-05T18:07:05.063368Z",
            "yes_price": 19,
            "no_price": 81,
            "taker_side": "no"
        },
        {
            "trade_id": "3ae457e8-9c51-4325-a36b-4b74908f923c",
            "ticker": "HIGHAUS-24SEP06-B87.5",
            "count": 108,
            "created_time": "2024-09-05T18:07:05.063368Z",
            "yes_price": 18,
            "no_price": 82,
            "taker_side": "no"
        },
        {
            "trade_id": "5b24bdc2-6141-42c9-af75-0d7125755000",
            "ticker": "HIGHAUS-24SEP06-B87.5",
            "count": 18,
            "created_time": "2024-09-05T18:04:35.387991Z",
            "yes_price": 16,
            "no_price": 84,
            "taker_side": "yes"
        },
        {
            "trade_id": "b4a5d27f-1fbb-43cc-ac71-38e662150355",
            "ticker": "HIGHAUS-24SEP06-B87.5",
            "count": 18,
            "created_time": "2024-09-05T18:04:35.365311Z",
            "yes_price": 16,
            "no_price": 84,
            "taker_side": "yes"
        },
        {
            "trade_id": "6b8dcaf3-2b6a-4980-89b7-fffa0f175ea1",
            "ticker": "HIGHAUS-24SEP06-B87.5",
            "count": 180,
            "created_time": "2024-09-05T17:54:03.931034Z",
            "yes_price": 12,
            "no_price": 88,
            "taker_side": "no"
        },
        {
            "trade_id": "ecea19e5-a39c-4729-ace1-771e182c8207",
            "ticker": "HIGHAUS-24SEP06-B87.5",
            "count": 1,
            "created_time": "2024-09-05T17:53:57.990255Z",
            "yes_price": 13,
            "no_price": 87,
            "taker_side": "no"
        },
        {
            "trade_id": "d7261348-f1cb-4d41-891b-62182ce7920c",
            "ticker": "HIGHAUS-24SEP06-B87.5",
            "count": 180,
            "created_time": "2024-09-05T17:53:57.990255Z",
            "yes_price": 13,
            "no_price": 87,
            "taker_side": "no"
        },
        {
            "trade_id": "d67859ab-bb83-4073-b1a7-528c8a629796",
            "ticker": "HIGHAUS-24SEP06-B87.5",
            "count": 8,
            "created_time": "2024-09-05T17:53:57.990255Z",
            "yes_price": 13,
            "no_price": 87,
            "taker_side": "no"
        },
        {
            "trade_id": "8ea99754-5e13-4cd8-afd9-55d73e13457f",
            "ticker": "HIGHAUS-24SEP06-B87.5",
            "count": 15,
            "created_time": "2024-09-05T17:53:57.990255Z",
            "yes_price": 16,
            "no_price": 84,
            "taker_side": "no"
        },
        {
            "trade_id": "8def2b0e-e5c1-44e4-8907-8476f1c06a4d",
            "ticker": "HIGHAUS-24SEP06-B87.5",
            "count": 126,
            "created_time": "2024-09-05T17:53:57.990255Z",
            "yes_price": 15,
            "no_price": 85,
            "taker_side": "no"
        },
        {
            "trade_id": "50b383b1-dba5-49da-8e8a-6913a0ab977e",
            "ticker": "HIGHAUS-24SEP06-B87.5",
            "count": 12,
            "created_time": "2024-09-05T17:53:57.990255Z",
            "yes_price": 14,
            "no_price": 86,
            "taker_side": "no"
        },
        {
            "trade_id": "1fc437a8-1a93-40a6-81dd-2f08c446ce1e",
            "ticker": "HIGHAUS-24SEP06-B87.5",
            "count": 26,
            "created_time": "2024-09-05T17:52:43.179439Z",
            "yes_price": 15,
            "no_price": 85,
            "taker_side": "yes"
        },
        {
            "trade_id": "ef3fce7b-e967-491a-a400-7f628f8a178d",
            "ticker": "HIGHAUS-24SEP06-B87.5",
            "count": 1,
            "created_time": "2024-09-05T17:30:29.856865Z",
            "yes_price": 14,
            "no_price": 86,
            "taker_side": "no"
        },
        {
            "trade_id": "f78f18d9-cfcb-426f-b715-41f9a78be044",
            "ticker": "HIGHAUS-24SEP06-B87.5",
            "count": 25,
            "created_time": "2024-09-05T14:39:02.576078Z",
            "yes_price": 13,
            "no_price": 87,
            "taker_side": "no"
        },
        {
            "trade_id": "8c1e6e01-41f7-47d2-9bb8-ea2a15268a68",
            "ticker": "HIGHAUS-24SEP06-B87.5",
            "count": 3,
            "created_time": "2024-09-05T14:39:02.576078Z",
            "yes_price": 12,
            "no_price": 88,
            "taker_side": "no"
        },
        {
            "trade_id": "d253347c-4c99-4251-8091-42000d43b257",
            "ticker": "HIGHAUS-24SEP06-B87.5",
            "count": 1,
            "created_time": "2024-09-05T14:36:40.996342Z",
            "yes_price": 8,
            "no_price": 92,
            "taker_side": "yes"
        }
    ],
    "HIGHAUS-24SEP06-B89.5": [
        {
            "trade_id": "e8e425a5-f4ab-4c92-bec8-d85c43cc1a54",
            "ticker": "HIGHAUS-24SEP06-B89.5",
            "count": 93,
            "created_time": "2024-09-06T20:01:46.656177Z",
            "yes_price": 1,
            "no_price": 99,
            "taker_side": "yes"
        },
        {
            "trade_id": "45bd3252-7614-4727-9cde-01972a97d24e",
            "ticker": "HIGHAUS-24SEP06-B89.5",
            "count": 50,
            "created_time": "2024-09-06T19:06:20.048318Z",
            "yes_price": 1,
            "no_price": 99,
            "taker_side": "no"
        },
        {
            "trade_id": "72656ece-77a4-41f4-9e93-11b4ad3e6cab",
            "ticker": "HIGHAUS-24SEP06-B89.5",
            "count": 72,
            "created_time": "2024-09-06T16:56:06.419832Z",
            "yes_price": 37,
            "no_price": 63,
            "taker_side": "no"
        },
        {
            "trade_id": "f8c5f61a-9432-4054-9bb1-0f08147eaf16",
            "ticker": "HIGHAUS-24SEP06-B89.5",
            "count": 180,
            "created_time": "2024-09-06T16:55:52.946122Z",
            "yes_price": 37,
            "no_price": 63,
            "taker_side": "no"
        },
        {
            "trade_id": "56387395-de52-4048-b545-a957e90d3602",
            "ticker": "HIGHAUS-24SEP06-B89.5",
            "count": 180,
            "created_time": "2024-09-06T16:55:52.946122Z",
            "yes_price": 40,
            "no_price": 60,
            "taker_side": "no"
        },
        {
            "trade_id": "3268a54a-4f04-4397-84c9-5146b7686754",
            "ticker": "HIGHAUS-24SEP06-B89.5",
            "count": 18,
            "created_time": "2024-09-06T16:55:52.946122Z",
            "yes_price": 42,
            "no_price": 58,
            "taker_side": "no"
        },
        {
            "trade_id": "b1bf91c7-48ea-49b5-9455-d15ec46ffa10",
            "ticker": "HIGHAUS-24SEP06-B89.5",
            "count": 90,
            "created_time": "2024-09-06T16:49:19.932532Z",
            "yes_price": 44,
            "no_price": 56,
            "taker_side": "yes"
        },
        {
            "trade_id": "63411100-750f-4af2-b9cf-be6ea46ecdd7",
            "ticker": "HIGHAUS-24SEP06-B89.5",
            "count": 18,
            "created_time": "2024-09-06T16:49:19.932532Z",
            "yes_price": 44,
            "no_price": 56,
            "taker_side": "yes"
        },
        {
            "trade_id": "3c9f8ea8-acc7-49a6-833b-d45db4c21d3b",
            "ticker": "HIGHAUS-24SEP06-B89.5",
            "count": 18,
            "created_time": "2024-09-06T16:49:01.989228Z",
            "yes_price": 43,
            "no_price": 57,
            "taker_side": "yes"
        },
        {
            "trade_id": "015dfbac-4a4c-4e4c-bc2f-627488920c9b",
            "ticker": "HIGHAUS-24SEP06-B89.5",
            "count": 52,
            "created_time": "2024-09-06T16:49:01.989228Z",
            "yes_price": 43,
            "no_price": 57,
            "taker_side": "yes"
        },
        {
            "trade_id": "1949db30-3145-4112-9e4d-e7a69791c05b",
            "ticker": "HIGHAUS-24SEP06-B89.5",
            "count": 20,
            "created_time": "2024-09-06T16:48:45.242255Z",
            "yes_price": 43,
            "no_price": 57,
            "taker_side": "yes"
        },
        {
            "trade_id": "e854df91-ceeb-49fb-a347-da82498c3316",
            "ticker": "HIGHAUS-24SEP06-B89.5",
            "count": 16,
            "created_time": "2024-09-06T16:48:22.375779Z",
            "yes_price": 39,
            "no_price": 61,
            "taker_side": "yes"
        },
        {
            "trade_id": "e8443e6b-9f7a-4254-a25a-b3a7d21353ee",
            "ticker": "HIGHAUS-24SEP06-B89.5",
            "count": 4,
            "created_time": "2024-09-06T16:48:22.375779Z",
            "yes_price": 40,
            "no_price": 60,
            "taker_side": "yes"
        },
        {
            "trade_id": "bce4cf31-4a42-43fd-bd64-0548ee9ca5d1",
            "ticker": "HIGHAUS-24SEP06-B89.5",
            "count": 20,
            "created_time": "2024-09-06T16:47:45.651814Z",
            "yes_price": 39,
            "no_price": 61,
            "taker_side": "yes"
        },
        {
            "trade_id": "819c2966-8664-4840-a0a5-3c4121ae0b55",
            "ticker": "HIGHAUS-24SEP06-B89.5",
            "count": 28,
            "created_time": "2024-09-06T16:47:14.478045Z",
            "yes_price": 39,
            "no_price": 61,
            "taker_side": "yes"
        },
        {
            "trade_id": "dd53f6d9-eb2f-4a36-80ba-2e28e6dfcd64",
            "ticker": "HIGHAUS-24SEP06-B89.5",
            "count": 2,
            "created_time": "2024-09-06T15:59:26.176938Z",
            "yes_price": 34,
            "no_price": 66,
            "taker_side": "no"
        },
        {
            "trade_id": "08ebaddb-13c0-4f21-8292-d360e9dd1c1d",
            "ticker": "HIGHAUS-24SEP06-B89.5",
            "count": 36,
            "created_time": "2024-09-06T15:40:44.843494Z",
            "yes_price": 40,
            "no_price": 60,
            "taker_side": "yes"
        },
        {
            "trade_id": "63d6899b-58fa-4dad-b3e5-853e87c08b6a",
            "ticker": "HIGHAUS-24SEP06-B89.5",
            "count": 180,
            "created_time": "2024-09-06T15:25:40.260417Z",
            "yes_price": 35,
            "no_price": 65,
            "taker_side": "yes"
        },
        {
            "trade_id": "3b4ae221-d667-491d-9a65-8ac3d465be12",
            "ticker": "HIGHAUS-24SEP06-B89.5",
            "count": 180,
            "created_time": "2024-09-06T15:25:40.260417Z",
            "yes_price": 37,
            "no_price": 63,
            "taker_side": "yes"
        },
        {
            "trade_id": "3186eed3-3b07-4227-914f-78d82a45169d",
            "ticker": "HIGHAUS-24SEP06-B89.5",
            "count": 18,
            "created_time": "2024-09-06T15:25:40.260417Z",
            "yes_price": 33,
            "no_price": 67,
            "taker_side": "yes"
        },
        {
            "trade_id": "75247447-18b2-4f51-8547-1084f17fdabc",
            "ticker": "HIGHAUS-24SEP06-B89.5",
            "count": 14,
            "created_time": "2024-09-06T14:24:35.394743Z",
            "yes_price": 30,
            "no_price": 70,
            "taker_side": "no"
        },
        {
            "trade_id": "5ef1f18a-6c2f-4ff6-a77e-e3f3b6f72991",
            "ticker": "HIGHAUS-24SEP06-B89.5",
            "count": 36,
            "created_time": "2024-09-06T14:24:16.907513Z",
            "yes_price": 30,
            "no_price": 70,
            "taker_side": "yes"
        },
        {
            "trade_id": "38295494-cbe5-40d7-9ae9-32ed389364c1",
            "ticker": "HIGHAUS-24SEP06-B89.5",
            "count": 3,
            "created_time": "2024-09-06T14:20:55.179636Z",
            "yes_price": 23,
            "no_price": 77,
            "taker_side": "no"
        },
        {
            "trade_id": "0c4b1b54-cccf-445e-858f-35fe1802499b",
            "ticker": "HIGHAUS-24SEP06-B89.5",
            "count": 3,
            "created_time": "2024-09-06T14:20:55.179636Z",
            "yes_price": 24,
            "no_price": 76,
            "taker_side": "no"
        },
        {
            "trade_id": "47cedc75-c25a-400e-af01-c68307ad3b2b",
            "ticker": "HIGHAUS-24SEP06-B89.5",
            "count": 97,
            "created_time": "2024-09-06T14:14:47.773006Z",
            "yes_price": 24,
            "no_price": 76,
            "taker_side": "no"
        },
        {
            "trade_id": "c1852664-7a29-4c91-bf35-9b529ae0a3e2",
            "ticker": "HIGHAUS-24SEP06-B89.5",
            "count": 40,
            "created_time": "2024-09-06T12:42:07.405479Z",
            "yes_price": 30,
            "no_price": 70,
            "taker_side": "yes"
        },
        {
            "trade_id": "a703fead-81f0-4612-a1bd-a643e878579e",
            "ticker": "HIGHAUS-24SEP06-B89.5",
            "count": 18,
            "created_time": "2024-09-06T12:41:06.103537Z",
            "yes_price": 20,
            "no_price": 80,
            "taker_side": "no"
        },
        {
            "trade_id": "41864e27-889b-4771-b609-fadad6aa0e98",
            "ticker": "HIGHAUS-24SEP06-B89.5",
            "count": 18,
            "created_time": "2024-09-06T12:40:59.159411Z",
            "yes_price": 22,
            "no_price": 78,
            "taker_side": "no"
        },
        {
            "trade_id": "9b7c4096-da36-4104-a693-6cf61f5bbd3c",
            "ticker": "HIGHAUS-24SEP06-B89.5",
            "count": 18,
            "created_time": "2024-09-06T12:40:47.862015Z",
            "yes_price": 28,
            "no_price": 72,
            "taker_side": "yes"
        },
        {
            "trade_id": "f80bfbc6-ede2-443c-93de-46553e97c102",
            "ticker": "HIGHAUS-24SEP06-B89.5",
            "count": 34,
            "created_time": "2024-09-06T12:40:27.413096Z",
            "yes_price": 28,
            "no_price": 72,
            "taker_side": "yes"
        },
        {
            "trade_id": "265d9486-f1b8-40a5-bf74-53741f9ffe1c",
            "ticker": "HIGHAUS-24SEP06-B89.5",
            "count": 20,
            "created_time": "2024-09-06T12:36:54.232185Z",
            "yes_price": 28,
            "no_price": 72,
            "taker_side": "yes"
        },
        {
            "trade_id": "f64ec87a-016d-402c-bbdd-929afc8d6522",
            "ticker": "HIGHAUS-24SEP06-B89.5",
            "count": 45,
            "created_time": "2024-09-06T12:11:29.490599Z",
            "yes_price": 21,
            "no_price": 79,
            "taker_side": "no"
        },
        {
            "trade_id": "95d298be-2dc9-4a8e-9c37-d5400a184d34",
            "ticker": "HIGHAUS-24SEP06-B89.5",
            "count": 68,
            "created_time": "2024-09-06T12:09:29.187907Z",
            "yes_price": 28,
            "no_price": 72,
            "taker_side": "yes"
        },
        {
            "trade_id": "91d5dc30-e585-4b59-8c68-93b8422b121e",
            "ticker": "HIGHAUS-24SEP06-B89.5",
            "count": 32,
            "created_time": "2024-09-06T12:05:04.343391Z",
            "yes_price": 27,
            "no_price": 73,
            "taker_side": "yes"
        },
        {
            "trade_id": "94ffbe2b-0ae6-49b1-a195-b5ee4270db66",
            "ticker": "HIGHAUS-24SEP06-B89.5",
            "count": 240,
            "created_time": "2024-09-06T12:02:07.623869Z",
            "yes_price": 19,
            "no_price": 81,
            "taker_side": "no"
        },
        {
            "trade_id": "3e8014d7-1acc-4233-9fc1-490d89b44e97",
            "ticker": "HIGHAUS-24SEP06-B89.5",
            "count": 3,
            "created_time": "2024-09-06T12:02:07.623869Z",
            "yes_price": 19,
            "no_price": 81,
            "taker_side": "no"
        },
        {
            "trade_id": "ad8b6253-9d8b-47c4-bbc7-bdba67673947",
            "ticker": "HIGHAUS-24SEP06-B89.5",
            "count": 60,
            "created_time": "2024-09-06T12:01:47.595177Z",
            "yes_price": 19,
            "no_price": 81,
            "taker_side": "no"
        },
        {
            "trade_id": "3b748894-bb0c-4678-b04e-4858bba1ff63",
            "ticker": "HIGHAUS-24SEP06-B89.5",
            "count": 61,
            "created_time": "2024-09-06T12:01:04.266739Z",
            "yes_price": 20,
            "no_price": 80,
            "taker_side": "no"
        },
        {
            "trade_id": "c1e2e3a7-6536-4aaa-89d5-40a6ff26ac05",
            "ticker": "HIGHAUS-24SEP06-B89.5",
            "count": 52,
            "created_time": "2024-09-06T12:00:11.639341Z",
            "yes_price": 35,
            "no_price": 65,
            "taker_side": "no"
        },
        {
            "trade_id": "b64b930b-2dbf-47ed-a11e-fd428b4aa454",
            "ticker": "HIGHAUS-24SEP06-B89.5",
            "count": 11,
            "created_time": "2024-09-06T12:00:11.639341Z",
            "yes_price": 30,
            "no_price": 70,
            "taker_side": "no"
        },
        {
            "trade_id": "802709f4-98ab-4e48-b988-e94d7251c0cf",
            "ticker": "HIGHAUS-24SEP06-B89.5",
            "count": 72,
            "created_time": "2024-09-06T01:48:31.951013Z",
            "yes_price": 49,
            "no_price": 51,
            "taker_side": "yes"
        },
        {
            "trade_id": "0ed63af0-6a63-4b64-8740-bb641ccd467c",
            "ticker": "HIGHAUS-24SEP06-B89.5",
            "count": 25,
            "created_time": "2024-09-06T01:48:31.951013Z",
            "yes_price": 51,
            "no_price": 49,
            "taker_side": "yes"
        },
        {
            "trade_id": "ff844419-7263-4848-be13-2f71cc49601d",
            "ticker": "HIGHAUS-24SEP06-B89.5",
            "count": 180,
            "created_time": "2024-09-06T01:30:56.556132Z",
            "yes_price": 43,
            "no_price": 57,
            "taker_side": "yes"
        },
        {
            "trade_id": "5208de4b-a466-4411-962b-4b242035eaf7",
            "ticker": "HIGHAUS-24SEP06-B89.5",
            "count": 180,
            "created_time": "2024-09-06T01:30:56.556132Z",
            "yes_price": 44,
            "no_price": 56,
            "taker_side": "yes"
        },
        {
            "trade_id": "0295b9b6-77b1-4f62-9fd2-b5988ac3c8c9",
            "ticker": "HIGHAUS-24SEP06-B89.5",
            "count": 36,
            "created_time": "2024-09-06T01:30:56.556132Z",
            "yes_price": 40,
            "no_price": 60,
            "taker_side": "yes"
        },
        {
            "trade_id": "7d71654d-f69e-4c34-9ba7-65cccd99f1af",
            "ticker": "HIGHAUS-24SEP06-B89.5",
            "count": 27,
            "created_time": "2024-09-06T00:59:40.413158Z",
            "yes_price": 35,
            "no_price": 65,
            "taker_side": "yes"
        },
        {
            "trade_id": "910e7473-65a6-466c-8d36-f2467ed8b641",
            "ticker": "HIGHAUS-24SEP06-B89.5",
            "count": 108,
            "created_time": "2024-09-05T23:29:31.612254Z",
            "yes_price": 36,
            "no_price": 64,
            "taker_side": "yes"
        },
        {
            "trade_id": "0baa0a4c-8ed9-4b4c-ab71-53ea7712e704",
            "ticker": "HIGHAUS-24SEP06-B89.5",
            "count": 129,
            "created_time": "2024-09-05T23:29:31.612254Z",
            "yes_price": 38,
            "no_price": 62,
            "taker_side": "yes"
        },
        {
            "trade_id": "e0c6a96c-bbdf-4fdb-a2c4-ba411a4a6fda",
            "ticker": "HIGHAUS-24SEP06-B89.5",
            "count": 180,
            "created_time": "2024-09-05T23:29:09.176131Z",
            "yes_price": 33,
            "no_price": 67,
            "taker_side": "yes"
        },
        {
            "trade_id": "7e971e3b-bbf4-46cf-a1a0-78f4e51a1cf4",
            "ticker": "HIGHAUS-24SEP06-B89.5",
            "count": 179,
            "created_time": "2024-09-05T23:29:09.176131Z",
            "yes_price": 35,
            "no_price": 65,
            "taker_side": "yes"
        },
        {
            "trade_id": "1daf0477-dd2e-4609-8f07-f7d86e1eccc2",
            "ticker": "HIGHAUS-24SEP06-B89.5",
            "count": 1,
            "created_time": "2024-09-05T23:29:09.176131Z",
            "yes_price": 30,
            "no_price": 70,
            "taker_side": "yes"
        },
        {
            "trade_id": "199c4301-b49a-412d-8e07-0589dbec80d9",
            "ticker": "HIGHAUS-24SEP06-B89.5",
            "count": 108,
            "created_time": "2024-09-05T23:29:09.176131Z",
            "yes_price": 31,
            "no_price": 69,
            "taker_side": "yes"
        },
        {
            "trade_id": "daebb4d3-7901-426b-ae9b-d6eef0bcd46f",
            "ticker": "HIGHAUS-24SEP06-B89.5",
            "count": 1,
            "created_time": "2024-09-05T23:27:43.901593Z",
            "yes_price": 31,
            "no_price": 69,
            "taker_side": "yes"
        },
        {
            "trade_id": "543dc9dc-22ea-4ef9-81a3-6db56c1dcd6b",
            "ticker": "HIGHAUS-24SEP06-B89.5",
            "count": 17,
            "created_time": "2024-09-05T23:27:43.901593Z",
            "yes_price": 30,
            "no_price": 70,
            "taker_side": "yes"
        },
        {
            "trade_id": "13e7d0e4-c77b-42bd-b551-d7def45e6738",
            "ticker": "HIGHAUS-24SEP06-B89.5",
            "count": 2,
            "created_time": "2024-09-05T23:27:43.901593Z",
            "yes_price": 32,
            "no_price": 68,
            "taker_side": "yes"
        },
        {
            "trade_id": "f530890e-152d-4441-9dae-8c7207651969",
            "ticker": "HIGHAUS-24SEP06-B89.5",
            "count": 1,
            "created_time": "2024-09-05T23:27:22.908905Z",
            "yes_price": 30,
            "no_price": 70,
            "taker_side": "yes"
        },
        {
            "trade_id": "1b5d420c-d0c0-4d13-a306-44da20b19b0a",
            "ticker": "HIGHAUS-24SEP06-B89.5",
            "count": 8,
            "created_time": "2024-09-05T23:27:22.908905Z",
            "yes_price": 29,
            "no_price": 71,
            "taker_side": "yes"
        },
        {
            "trade_id": "0fe6d9e5-589c-4dc1-b037-4c93fdea6f15",
            "ticker": "HIGHAUS-24SEP06-B89.5",
            "count": 1,
            "created_time": "2024-09-05T23:27:22.908905Z",
            "yes_price": 29,
            "no_price": 71,
            "taker_side": "yes"
        },
        {
            "trade_id": "7e8d2f28-1481-4a4e-88e8-0f14c4898c86",
            "ticker": "HIGHAUS-24SEP06-B89.5",
            "count": 14,
            "created_time": "2024-09-05T22:01:10.391891Z",
            "yes_price": 33,
            "no_price": 67,
            "taker_side": "yes"
        },
        {
            "trade_id": "b326d3c3-ce3c-4272-8161-62e8b9856c67",
            "ticker": "HIGHAUS-24SEP06-B89.5",
            "count": 36,
            "created_time": "2024-09-05T22:00:52.790242Z",
            "yes_price": 32,
            "no_price": 68,
            "taker_side": "yes"
        },
        {
            "trade_id": "49831825-0fb0-4392-8f3b-722be01193d2",
            "ticker": "HIGHAUS-24SEP06-B89.5",
            "count": 28,
            "created_time": "2024-09-05T21:58:17.982691Z",
            "yes_price": 32,
            "no_price": 68,
            "taker_side": "yes"
        },
        {
            "trade_id": "33261993-731e-4887-b906-dd57781ea0ed",
            "ticker": "HIGHAUS-24SEP06-B89.5",
            "count": 72,
            "created_time": "2024-09-05T21:57:33.822384Z",
            "yes_price": 31,
            "no_price": 69,
            "taker_side": "yes"
        },
        {
            "trade_id": "41be0647-b2d8-4edb-92d8-18a8ceb35c92",
            "ticker": "HIGHAUS-24SEP06-B89.5",
            "count": 14,
            "created_time": "2024-09-05T19:24:38.383352Z",
            "yes_price": 27,
            "no_price": 73,
            "taker_side": "yes"
        },
        {
            "trade_id": "a8b79658-ca13-49fa-979d-3fe55183ef09",
            "ticker": "HIGHAUS-24SEP06-B89.5",
            "count": 1,
            "created_time": "2024-09-05T18:35:30.643912Z",
            "yes_price": 24,
            "no_price": 76,
            "taker_side": "no"
        },
        {
            "trade_id": "ceb0ee79-7632-42c5-87d9-ccd1ba89345e",
            "ticker": "HIGHAUS-24SEP06-B89.5",
            "count": 5,
            "created_time": "2024-09-05T18:10:43.840137Z",
            "yes_price": 25,
            "no_price": 75,
            "taker_side": "yes"
        },
        {
            "trade_id": "cd4dfce0-a470-4fe7-8904-240ebfdb461a",
            "ticker": "HIGHAUS-24SEP06-B89.5",
            "count": 108,
            "created_time": "2024-09-05T18:07:38.235819Z",
            "yes_price": 24,
            "no_price": 76,
            "taker_side": "no"
        },
        {
            "trade_id": "77ba29ec-888b-4f5e-8a8a-ef2a400bdae4",
            "ticker": "HIGHAUS-24SEP06-B89.5",
            "count": 8,
            "created_time": "2024-09-05T18:07:38.235819Z",
            "yes_price": 24,
            "no_price": 76,
            "taker_side": "no"
        },
        {
            "trade_id": "a7d5dda7-062a-4e96-b814-6b85d3ac7998",
            "ticker": "HIGHAUS-24SEP06-B89.5",
            "count": 72,
            "created_time": "2024-09-05T18:07:12.939025Z",
            "yes_price": 25,
            "no_price": 75,
            "taker_side": "no"
        },
        {
            "trade_id": "9674a705-64ce-45dc-88d1-57b8dbfbc4ec",
            "ticker": "HIGHAUS-24SEP06-B89.5",
            "count": 11,
            "created_time": "2024-09-05T18:07:12.939025Z",
            "yes_price": 26,
            "no_price": 74,
            "taker_side": "no"
        },
        {
            "trade_id": "1f740001-5c06-4ecb-bc36-c155859c88ee",
            "ticker": "HIGHAUS-24SEP06-B89.5",
            "count": 20,
            "created_time": "2024-09-05T18:00:56.624111Z",
            "yes_price": 25,
            "no_price": 75,
            "taker_side": "yes"
        },
        {
            "trade_id": "f5672867-9b82-4e8c-b31b-5dd96be9f91c",
            "ticker": "HIGHAUS-24SEP06-B89.5",
            "count": 8,
            "created_time": "2024-09-05T17:55:33.288388Z",
            "yes_price": 23,
            "no_price": 77,
            "taker_side": "no"
        },
        {
            "trade_id": "5afd4be8-385a-487e-8d44-0c993d8432c1",
            "ticker": "HIGHAUS-24SEP06-B89.5",
            "count": 72,
            "created_time": "2024-09-05T17:54:32.286746Z",
            "yes_price": 23,
            "no_price": 77,
            "taker_side": "no"
        },
        {
            "trade_id": "13c773d0-f3c4-45dc-a191-858ffae0b346",
            "ticker": "HIGHAUS-24SEP06-B89.5",
            "count": 12,
            "created_time": "2024-09-05T17:54:32.286746Z",
            "yes_price": 24,
            "no_price": 76,
            "taker_side": "no"
        },
        {
            "trade_id": "fe110a5d-241a-43b2-b8b0-c769323a3460",
            "ticker": "HIGHAUS-24SEP06-B89.5",
            "count": 1,
            "created_time": "2024-09-05T16:24:35.123473Z",
            "yes_price": 25,
            "no_price": 75,
            "taker_side": "no"
        },
        {
            "trade_id": "ec9df6f6-8eed-40e1-9531-e24dcd78f334",
            "ticker": "HIGHAUS-24SEP06-B89.5",
            "count": 180,
            "created_time": "2024-09-05T16:22:45.194179Z",
            "yes_price": 27,
            "no_price": 73,
            "taker_side": "no"
        },
        {
            "trade_id": "c51874c3-e5d3-4f3f-93a2-6cc9bcc4f9ee",
            "ticker": "HIGHAUS-24SEP06-B89.5",
            "count": 180,
            "created_time": "2024-09-05T16:22:45.194179Z",
            "yes_price": 28,
            "no_price": 72,
            "taker_side": "no"
        },
        {
            "trade_id": "6b56319f-2690-4d34-874c-ce8d34302180",
            "ticker": "HIGHAUS-24SEP06-B89.5",
            "count": 54,
            "created_time": "2024-09-05T16:22:45.194179Z",
            "yes_price": 31,
            "no_price": 69,
            "taker_side": "no"
        },
        {
            "trade_id": "3cbef4a1-eb31-4cf9-b58a-b137b3b81d8b",
            "ticker": "HIGHAUS-24SEP06-B89.5",
            "count": 23,
            "created_time": "2024-09-05T14:39:02.959091Z",
            "yes_price": 36,
            "no_price": 64,
            "taker_side": "no"
        },
        {
            "trade_id": "442e25ed-a35c-493e-b6a8-731fc03be223",
            "ticker": "HIGHAUS-24SEP06-B89.5",
            "count": 1,
            "created_time": "2024-09-05T14:16:40.521748Z",
            "yes_price": 28,
            "no_price": 72,
            "taker_side": "yes"
        },
        {
            "trade_id": "04623b3d-5f6e-444b-9e42-512b852d2cc2",
            "ticker": "HIGHAUS-24SEP06-B89.5",
            "count": 1,
            "created_time": "2024-09-05T14:16:40.521748Z",
            "yes_price": 27,
            "no_price": 73,
            "taker_side": "yes"
        }
    ],
    "HIGHAUS-24SEP06-B91.5": [
        {
            "trade_id": "bb6d1f7c-b7f3-4cea-8c5e-988042a8a75d",
            "ticker": "HIGHAUS-24SEP06-B91.5",
            "count": 280,
            "created_time": "2024-09-06T22:21:53.721064Z",
            "yes_price": 1,
            "no_price": 99,
            "taker_side": "yes"
        },
        {
            "trade_id": "05cd266f-8803-4b8b-9174-99ed216c12f6",
            "ticker": "HIGHAUS-24SEP06-B91.5",
            "count": 100,
            "created_time": "2024-09-06T21:09:25.272974Z",
            "yes_price": 1,
            "no_price": 99,
            "taker_side": "yes"
        },
        {
            "trade_id": "6941d806-ef75-4f24-8996-709f05ba133d",
            "ticker": "HIGHAUS-24SEP06-B91.5",
            "count": 935,
            "created_time": "2024-09-06T21:06:40.660415Z",
            "yes_price": 1,
            "no_price": 99,
            "taker_side": "yes"
        },
        {
            "trade_id": "fd323502-e872-4f0a-9cc3-57d2741b775b",
            "ticker": "HIGHAUS-24SEP06-B91.5",
            "count": 6,
            "created_time": "2024-09-06T21:06:27.321551Z",
            "yes_price": 18,
            "no_price": 82,
            "taker_side": "no"
        },
        {
            "trade_id": "cdcad3f0-cf48-4af7-8caf-cd69a100324d",
            "ticker": "HIGHAUS-24SEP06-B91.5",
            "count": 4,
            "created_time": "2024-09-06T21:06:27.321551Z",
            "yes_price": 13,
            "no_price": 87,
            "taker_side": "no"
        },
        {
            "trade_id": "7c7f2eb8-00cc-4405-a6a5-aa61524f1448",
            "ticker": "HIGHAUS-24SEP06-B91.5",
            "count": 50,
            "created_time": "2024-09-06T21:06:27.321551Z",
            "yes_price": 2,
            "no_price": 98,
            "taker_side": "no"
        },
        {
            "trade_id": "16c44ded-455b-4470-81f6-48166d4c2ff1",
            "ticker": "HIGHAUS-24SEP06-B91.5",
            "count": 9,
            "created_time": "2024-09-06T21:06:27.321551Z",
            "yes_price": 23,
            "no_price": 77,
            "taker_side": "no"
        },
        {
            "trade_id": "6853e2f3-3da6-4b68-bb65-646b4cbde2ef",
            "ticker": "HIGHAUS-24SEP06-B91.5",
            "count": 2,
            "created_time": "2024-09-06T21:01:22.070945Z",
            "yes_price": 35,
            "no_price": 65,
            "taker_side": "no"
        },
        {
            "trade_id": "44eaa703-9a70-4205-913b-f06323090757",
            "ticker": "HIGHAUS-24SEP06-B91.5",
            "count": 11,
            "created_time": "2024-09-06T21:01:22.070945Z",
            "yes_price": 29,
            "no_price": 71,
            "taker_side": "no"
        },
        {
            "trade_id": "7639ff96-4276-4e4d-b012-a730697defcd",
            "ticker": "HIGHAUS-24SEP06-B91.5",
            "count": 80,
            "created_time": "2024-09-06T20:45:12.134381Z",
            "yes_price": 50,
            "no_price": 50,
            "taker_side": "no"
        },
        {
            "trade_id": "348d8fcc-a422-473d-9c4a-b8582504fd9c",
            "ticker": "HIGHAUS-24SEP06-B91.5",
            "count": 280,
            "created_time": "2024-09-06T20:21:40.267036Z",
            "yes_price": 49,
            "no_price": 51,
            "taker_side": "no"
        },
        {
            "trade_id": "da80910c-fa5d-48dd-b8c5-926241d92228",
            "ticker": "HIGHAUS-24SEP06-B91.5",
            "count": 42,
            "created_time": "2024-09-06T17:02:50.367934Z",
            "yes_price": 62,
            "no_price": 38,
            "taker_side": "no"
        },
        {
            "trade_id": "c788f9f8-f856-4e6c-a672-923578e78c50",
            "ticker": "HIGHAUS-24SEP06-B91.5",
            "count": 90,
            "created_time": "2024-09-06T16:56:06.315642Z",
            "yes_price": 55,
            "no_price": 45,
            "taker_side": "yes"
        },
        {
            "trade_id": "365b5424-443b-4981-bda7-5da7a25ccfbe",
            "ticker": "HIGHAUS-24SEP06-B91.5",
            "count": 180,
            "created_time": "2024-09-06T16:56:06.315642Z",
            "yes_price": 58,
            "no_price": 42,
            "taker_side": "yes"
        },
        {
            "trade_id": "02d3b475-45f9-4fd4-85f5-0d591e6449af",
            "ticker": "HIGHAUS-24SEP06-B91.5",
            "count": 72,
            "created_time": "2024-09-06T16:56:06.315642Z",
            "yes_price": 55,
            "no_price": 45,
            "taker_side": "yes"
        },
        {
            "trade_id": "6cc0188f-a525-4055-8b46-44d33ac804d4",
            "ticker": "HIGHAUS-24SEP06-B91.5",
            "count": 54,
            "created_time": "2024-09-06T16:55:58.23816Z",
            "yes_price": 51,
            "no_price": 49,
            "taker_side": "yes"
        },
        {
            "trade_id": "29eeb66d-2d66-4c69-91fb-5ce6c1a610f6",
            "ticker": "HIGHAUS-24SEP06-B91.5",
            "count": 180,
            "created_time": "2024-09-06T16:55:58.23816Z",
            "yes_price": 53,
            "no_price": 47,
            "taker_side": "yes"
        },
        {
            "trade_id": "1e9c907d-7cad-4aa3-abe4-47a12f6c3148",
            "ticker": "HIGHAUS-24SEP06-B91.5",
            "count": 100,
            "created_time": "2024-09-06T16:55:58.23816Z",
            "yes_price": 50,
            "no_price": 50,
            "taker_side": "yes"
        },
        {
            "trade_id": "abb6b8e0-6e44-4587-8d60-4468894f41db",
            "ticker": "HIGHAUS-24SEP06-B91.5",
            "count": 180,
            "created_time": "2024-09-06T16:49:29.161608Z",
            "yes_price": 48,
            "no_price": 52,
            "taker_side": "no"
        },
        {
            "trade_id": "5cc756ef-2918-479a-af32-f3aafc1cab5d",
            "ticker": "HIGHAUS-24SEP06-B91.5",
            "count": 18,
            "created_time": "2024-09-06T16:49:20.092375Z",
            "yes_price": 51,
            "no_price": 49,
            "taker_side": "no"
        },
        {
            "trade_id": "0c3b96b0-cfba-4c94-b4d4-b0b51b5face9",
            "ticker": "HIGHAUS-24SEP06-B91.5",
            "count": 18,
            "created_time": "2024-09-06T16:49:02.070844Z",
            "yes_price": 51,
            "no_price": 49,
            "taker_side": "no"
        },
        {
            "trade_id": "2ade4811-9f36-4f0a-b06a-65d29103b4a9",
            "ticker": "HIGHAUS-24SEP06-B91.5",
            "count": 16,
            "created_time": "2024-09-06T16:48:22.52143Z",
            "yes_price": 52,
            "no_price": 48,
            "taker_side": "no"
        },
        {
            "trade_id": "9666be9d-faf0-4d93-929f-9e11d25680fa",
            "ticker": "HIGHAUS-24SEP06-B91.5",
            "count": 20,
            "created_time": "2024-09-06T16:47:45.814698Z",
            "yes_price": 52,
            "no_price": 48,
            "taker_side": "no"
        },
        {
            "trade_id": "f770169f-a015-4186-90e0-81d0b0aa1dc6",
            "ticker": "HIGHAUS-24SEP06-B91.5",
            "count": 28,
            "created_time": "2024-09-06T16:47:14.626284Z",
            "yes_price": 52,
            "no_price": 48,
            "taker_side": "no"
        },
        {
            "trade_id": "f3e081f4-9bb4-4ba2-bb42-358059de3ff1",
            "ticker": "HIGHAUS-24SEP06-B91.5",
            "count": 12,
            "created_time": "2024-09-06T16:42:06.088825Z",
            "yes_price": 52,
            "no_price": 48,
            "taker_side": "no"
        },
        {
            "trade_id": "2fdd63e1-97c3-48c9-a445-0aeab06ff1fe",
            "ticker": "HIGHAUS-24SEP06-B91.5",
            "count": 18,
            "created_time": "2024-09-06T16:41:27.316484Z",
            "yes_price": 53,
            "no_price": 47,
            "taker_side": "no"
        },
        {
            "trade_id": "842da5ee-6af4-4a14-a3dd-6a7d00bad73f",
            "ticker": "HIGHAUS-24SEP06-B91.5",
            "count": 10,
            "created_time": "2024-09-06T14:27:38.496262Z",
            "yes_price": 64,
            "no_price": 36,
            "taker_side": "yes"
        },
        {
            "trade_id": "c1979e46-b9d2-4e15-b882-5b4318213b59",
            "ticker": "HIGHAUS-24SEP06-B91.5",
            "count": 20,
            "created_time": "2024-09-06T13:58:24.31171Z",
            "yes_price": 56,
            "no_price": 44,
            "taker_side": "no"
        },
        {
            "trade_id": "e512b6e4-1226-4253-ac94-a8cc8cf9c825",
            "ticker": "HIGHAUS-24SEP06-B91.5",
            "count": 10,
            "created_time": "2024-09-06T12:55:35.96318Z",
            "yes_price": 56,
            "no_price": 44,
            "taker_side": "yes"
        },
        {
            "trade_id": "063946ae-200b-445f-ae21-eb9b47001eaa",
            "ticker": "HIGHAUS-24SEP06-B91.5",
            "count": 12,
            "created_time": "2024-09-06T12:44:25.559337Z",
            "yes_price": 50,
            "no_price": 50,
            "taker_side": "no"
        },
        {
            "trade_id": "ff18e624-602e-4704-9acf-21e196c59e8d",
            "ticker": "HIGHAUS-24SEP06-B91.5",
            "count": 18,
            "created_time": "2024-09-06T12:42:42.943381Z",
            "yes_price": 51,
            "no_price": 49,
            "taker_side": "no"
        },
        {
            "trade_id": "8f0a0195-3ce6-4ec2-bf73-ea6416e163f3",
            "ticker": "HIGHAUS-24SEP06-B91.5",
            "count": 18,
            "created_time": "2024-09-06T12:41:06.151047Z",
            "yes_price": 51,
            "no_price": 49,
            "taker_side": "no"
        },
        {
            "trade_id": "5fcc9fcb-c926-4841-9188-41b628068653",
            "ticker": "HIGHAUS-24SEP06-B91.5",
            "count": 18,
            "created_time": "2024-09-06T12:40:59.153295Z",
            "yes_price": 51,
            "no_price": 49,
            "taker_side": "no"
        },
        {
            "trade_id": "d91c00a3-b090-4f0a-84c7-183921f179a2",
            "ticker": "HIGHAUS-24SEP06-B91.5",
            "count": 45,
            "created_time": "2024-09-06T12:11:29.511772Z",
            "yes_price": 51,
            "no_price": 49,
            "taker_side": "no"
        },
        {
            "trade_id": "a1c1036c-799d-4f35-899a-40cd94349b07",
            "ticker": "HIGHAUS-24SEP06-B91.5",
            "count": 19,
            "created_time": "2024-09-06T12:05:04.418295Z",
            "yes_price": 52,
            "no_price": 48,
            "taker_side": "no"
        },
        {
            "trade_id": "41ffb5b7-8801-420d-a3a5-f61fe5ab8333",
            "ticker": "HIGHAUS-24SEP06-B91.5",
            "count": 8,
            "created_time": "2024-09-06T12:00:11.679773Z",
            "yes_price": 45,
            "no_price": 55,
            "taker_side": "yes"
        },
        {
            "trade_id": "a44e16ff-6686-4b4c-8c2f-8660114caac8",
            "ticker": "HIGHAUS-24SEP06-B91.5",
            "count": 9,
            "created_time": "2024-09-05T20:06:34.465081Z",
            "yes_price": 30,
            "no_price": 70,
            "taker_side": "yes"
        },
        {
            "trade_id": "a2e7a4de-696a-46ef-be32-12a030f47ead",
            "ticker": "HIGHAUS-24SEP06-B91.5",
            "count": 180,
            "created_time": "2024-09-05T20:06:34.465081Z",
            "yes_price": 33,
            "no_price": 67,
            "taker_side": "yes"
        },
        {
            "trade_id": "92018d20-6633-4a60-9150-36471cfa2ae0",
            "ticker": "HIGHAUS-24SEP06-B91.5",
            "count": 2,
            "created_time": "2024-09-05T20:06:34.465081Z",
            "yes_price": 32,
            "no_price": 68,
            "taker_side": "yes"
        },
        {
            "trade_id": "848401e1-92d0-4e14-8951-e38d4e75a890",
            "ticker": "HIGHAUS-24SEP06-B91.5",
            "count": 72,
            "created_time": "2024-09-05T20:06:34.465081Z",
            "yes_price": 31,
            "no_price": 69,
            "taker_side": "yes"
        },
        {
            "trade_id": "7e271dbb-ad2c-4680-9587-83af4e7c7faf",
            "ticker": "HIGHAUS-24SEP06-B91.5",
            "count": 180,
            "created_time": "2024-09-05T20:06:34.465081Z",
            "yes_price": 35,
            "no_price": 65,
            "taker_side": "yes"
        },
        {
            "trade_id": "feb3519d-f7f0-440a-b322-f2132b21cf56",
            "ticker": "HIGHAUS-24SEP06-B91.5",
            "count": 50,
            "created_time": "2024-09-05T19:05:09.555641Z",
            "yes_price": 1,
            "no_price": 99,
            "taker_side": "no"
        },
        {
            "trade_id": "e8bd6fcd-0f31-493a-8ad8-3b852995a767",
            "ticker": "HIGHAUS-24SEP06-B91.5",
            "count": 18,
            "created_time": "2024-09-05T19:05:09.555641Z",
            "yes_price": 20,
            "no_price": 80,
            "taker_side": "no"
        },
        {
            "trade_id": "a92be84d-d84c-4272-affd-046d38448517",
            "ticker": "HIGHAUS-24SEP06-B91.5",
            "count": 180,
            "created_time": "2024-09-05T19:05:09.555641Z",
            "yes_price": 19,
            "no_price": 81,
            "taker_side": "no"
        },
        {
            "trade_id": "38a76067-9ed4-4b36-a13e-f74214ee6192",
            "ticker": "HIGHAUS-24SEP06-B91.5",
            "count": 180,
            "created_time": "2024-09-05T19:05:09.555641Z",
            "yes_price": 17,
            "no_price": 83,
            "taker_side": "no"
        },
        {
            "trade_id": "91c5a057-2ae9-4c9d-a9d2-b328ecefe3f2",
            "ticker": "HIGHAUS-24SEP06-B91.5",
            "count": 11,
            "created_time": "2024-09-05T18:48:36.322913Z",
            "yes_price": 37,
            "no_price": 63,
            "taker_side": "no"
        },
        {
            "trade_id": "3265f13c-8490-48b8-aaf4-5085e3e908d4",
            "ticker": "HIGHAUS-24SEP06-B91.5",
            "count": 1,
            "created_time": "2024-09-05T18:35:30.644154Z",
            "yes_price": 37,
            "no_price": 63,
            "taker_side": "no"
        },
        {
            "trade_id": "85d140de-243e-4f09-a3f5-58088bbc966a",
            "ticker": "HIGHAUS-24SEP06-B91.5",
            "count": 12,
            "created_time": "2024-09-05T18:26:57.917045Z",
            "yes_price": 39,
            "no_price": 61,
            "taker_side": "yes"
        },
        {
            "trade_id": "6291737c-5c68-4e14-99af-75f671ef5b3a",
            "ticker": "HIGHAUS-24SEP06-B91.5",
            "count": 72,
            "created_time": "2024-09-05T18:26:57.917045Z",
            "yes_price": 40,
            "no_price": 60,
            "taker_side": "yes"
        },
        {
            "trade_id": "1c235a1b-4da3-4869-a7d3-816c82dd36c0",
            "ticker": "HIGHAUS-24SEP06-B91.5",
            "count": 13,
            "created_time": "2024-09-05T18:04:35.465786Z",
            "yes_price": 39,
            "no_price": 61,
            "taker_side": "no"
        },
        {
            "trade_id": "7050550d-1683-4cc4-b4f6-fdd113400399",
            "ticker": "HIGHAUS-24SEP06-B91.5",
            "count": 36,
            "created_time": "2024-09-05T16:43:15.444937Z",
            "yes_price": 51,
            "no_price": 49,
            "taker_side": "yes"
        },
        {
            "trade_id": "473616cc-cba7-4f94-8388-54c0ed677a98",
            "ticker": "HIGHAUS-24SEP06-B91.5",
            "count": 180,
            "created_time": "2024-09-05T16:43:15.444937Z",
            "yes_price": 53,
            "no_price": 47,
            "taker_side": "yes"
        },
        {
            "trade_id": "f40200fe-2c2c-41db-a31d-d528466d4501",
            "ticker": "HIGHAUS-24SEP06-B91.5",
            "count": 36,
            "created_time": "2024-09-05T16:31:41.858737Z",
            "yes_price": 48,
            "no_price": 52,
            "taker_side": "yes"
        },
        {
            "trade_id": "e5cbc518-d8e5-4e0e-99e5-a212e0d5e96e",
            "ticker": "HIGHAUS-24SEP06-B91.5",
            "count": 180,
            "created_time": "2024-09-05T16:31:41.858737Z",
            "yes_price": 51,
            "no_price": 49,
            "taker_side": "yes"
        },
        {
            "trade_id": "7913da30-2bc5-4ef7-acac-e8d13a69a77e",
            "ticker": "HIGHAUS-24SEP06-B91.5",
            "count": 23,
            "created_time": "2024-09-05T16:31:41.858737Z",
            "yes_price": 50,
            "no_price": 50,
            "taker_side": "yes"
        },
        {
            "trade_id": "ef9f1b6d-ddd2-4525-a2bb-12da28f0e67c",
            "ticker": "HIGHAUS-24SEP06-B91.5",
            "count": 10,
            "created_time": "2024-09-05T16:23:34.159459Z",
            "yes_price": 43,
            "no_price": 57,
            "taker_side": "yes"
        },
        {
            "trade_id": "aae17eea-4f4a-4663-b222-c3b22eef02b1",
            "ticker": "HIGHAUS-24SEP06-B91.5",
            "count": 20,
            "created_time": "2024-09-05T16:23:34.159459Z",
            "yes_price": 44,
            "no_price": 56,
            "taker_side": "yes"
        },
        {
            "trade_id": "ca0a496d-b310-4b67-a04a-1fadc5e1fcbd",
            "ticker": "HIGHAUS-24SEP06-B91.5",
            "count": 12,
            "created_time": "2024-09-05T16:22:55.317066Z",
            "yes_price": 40,
            "no_price": 60,
            "taker_side": "yes"
        },
        {
            "trade_id": "c2d25880-5299-4d80-9e76-1501675174ea",
            "ticker": "HIGHAUS-24SEP06-B91.5",
            "count": 54,
            "created_time": "2024-09-05T16:22:55.317066Z",
            "yes_price": 41,
            "no_price": 59,
            "taker_side": "yes"
        },
        {
            "trade_id": "1704b533-493e-4497-a452-cfd5b2b30c60",
            "ticker": "HIGHAUS-24SEP06-B91.5",
            "count": 1,
            "created_time": "2024-09-05T16:22:55.317066Z",
            "yes_price": 43,
            "no_price": 57,
            "taker_side": "yes"
        },
        {
            "trade_id": "0ad2d8e6-82b1-40da-9fcd-c9d6e6b3e74c",
            "ticker": "HIGHAUS-24SEP06-B91.5",
            "count": 180,
            "created_time": "2024-09-05T16:22:55.317066Z",
            "yes_price": 44,
            "no_price": 56,
            "taker_side": "yes"
        }
    ],
    "HIGHAUS-24SEP06-B93.5": [
        {
            "trade_id": "594ce93c-8d13-488f-8965-246771d624d6",
            "ticker": "HIGHAUS-24SEP06-B93.5",
            "count": 200,
            "created_time": "2024-09-07T02:18:58.974165Z",
            "yes_price": 97,
            "no_price": 3,
            "taker_side": "no"
        },
        {
            "trade_id": "37c5dd5a-62db-458b-bc51-f8439f9ae944",
            "ticker": "HIGHAUS-24SEP06-B93.5",
            "count": 191,
            "created_time": "2024-09-06T23:24:45.356164Z",
            "yes_price": 99,
            "no_price": 1,
            "taker_side": "yes"
        },
        {
            "trade_id": "d6113daf-3d25-465d-97e5-62c9643f1502",
            "ticker": "HIGHAUS-24SEP06-B93.5",
            "count": 9,
            "created_time": "2024-09-06T22:53:29.477997Z",
            "yes_price": 99,
            "no_price": 1,
            "taker_side": "yes"
        },
        {
            "trade_id": "42fe6500-72b3-4b5d-bd34-2ef9871907cd",
            "ticker": "HIGHAUS-24SEP06-B93.5",
            "count": 20,
            "created_time": "2024-09-06T21:53:18.429248Z",
            "yes_price": 99,
            "no_price": 1,
            "taker_side": "yes"
        },
        {
            "trade_id": "c7d97919-7170-480d-a643-0a82b4ae9c33",
            "ticker": "HIGHAUS-24SEP06-B93.5",
            "count": 100,
            "created_time": "2024-09-06T21:53:12.630002Z",
            "yes_price": 99,
            "no_price": 1,
            "taker_side": "yes"
        },
        {
            "trade_id": "f00deb19-1915-4b17-a7cb-215ea2e1abf8",
            "ticker": "HIGHAUS-24SEP06-B93.5",
            "count": 500,
            "created_time": "2024-09-06T21:52:53.251526Z",
            "yes_price": 99,
            "no_price": 1,
            "taker_side": "yes"
        },
        {
            "trade_id": "cdb6f530-fff2-4e20-a76b-a9f21e92953a",
            "ticker": "HIGHAUS-24SEP06-B93.5",
            "count": 50,
            "created_time": "2024-09-06T21:52:53.251526Z",
            "yes_price": 95,
            "no_price": 5,
            "taker_side": "yes"
        },
        {
            "trade_id": "b67f9982-b5f5-4d2c-88fa-bb1693d9a386",
            "ticker": "HIGHAUS-24SEP06-B93.5",
            "count": 50,
            "created_time": "2024-09-06T21:52:53.251526Z",
            "yes_price": 99,
            "no_price": 1,
            "taker_side": "yes"
        },
        {
            "trade_id": "1547ac20-443c-457d-a86c-6d1c3e116b3b",
            "ticker": "HIGHAUS-24SEP06-B93.5",
            "count": 25,
            "created_time": "2024-09-06T21:52:53.251526Z",
            "yes_price": 97,
            "no_price": 3,
            "taker_side": "yes"
        },
        {
            "trade_id": "aa660d07-e4ac-48bf-a117-5d2cde823b08",
            "ticker": "HIGHAUS-24SEP06-B93.5",
            "count": 23,
            "created_time": "2024-09-06T20:21:40.189025Z",
            "yes_price": 53,
            "no_price": 47,
            "taker_side": "yes"
        },
        {
            "trade_id": "26178696-a990-44d9-9b95-490c5bdc1f6a",
            "ticker": "HIGHAUS-24SEP06-B93.5",
            "count": 280,
            "created_time": "2024-09-06T20:21:40.189025Z",
            "yes_price": 53,
            "no_price": 47,
            "taker_side": "yes"
        },
        {
            "trade_id": "344ea217-2a53-465a-bd79-4ba8311b1dfe",
            "ticker": "HIGHAUS-24SEP06-B93.5",
            "count": 72,
            "created_time": "2024-09-06T16:56:06.411739Z",
            "yes_price": 2,
            "no_price": 98,
            "taker_side": "no"
        },
        {
            "trade_id": "e58f6c6e-0eae-4195-b60b-89767d28da39",
            "ticker": "HIGHAUS-24SEP06-B93.5",
            "count": 18,
            "created_time": "2024-09-06T16:49:20.037958Z",
            "yes_price": 1,
            "no_price": 99,
            "taker_side": "no"
        },
        {
            "trade_id": "2cdbba0d-3dd7-4fb8-bf40-89ca0d982778",
            "ticker": "HIGHAUS-24SEP06-B93.5",
            "count": 18,
            "created_time": "2024-09-06T16:49:02.12279Z",
            "yes_price": 2,
            "no_price": 98,
            "taker_side": "no"
        },
        {
            "trade_id": "20dcc3ff-ab51-4f1b-96b0-15b2b6717940",
            "ticker": "HIGHAUS-24SEP06-B93.5",
            "count": 16,
            "created_time": "2024-09-06T16:48:22.529714Z",
            "yes_price": 2,
            "no_price": 98,
            "taker_side": "no"
        },
        {
            "trade_id": "8f38d996-9e0a-4e8b-8353-dbe8b860ad59",
            "ticker": "HIGHAUS-24SEP06-B93.5",
            "count": 20,
            "created_time": "2024-09-06T16:47:45.806769Z",
            "yes_price": 2,
            "no_price": 98,
            "taker_side": "no"
        },
        {
            "trade_id": "88184d42-5444-4e87-b991-bdfd802b63e1",
            "ticker": "HIGHAUS-24SEP06-B93.5",
            "count": 28,
            "created_time": "2024-09-06T16:47:14.566697Z",
            "yes_price": 2,
            "no_price": 98,
            "taker_side": "no"
        },
        {
            "trade_id": "f0564e26-c198-4571-be14-d4acd66a8459",
            "ticker": "HIGHAUS-24SEP06-B93.5",
            "count": 180,
            "created_time": "2024-09-06T15:18:19.322552Z",
            "yes_price": 3,
            "no_price": 97,
            "taker_side": "no"
        },
        {
            "trade_id": "33878930-df3c-48fe-ae61-0ad4bf5a6957",
            "ticker": "HIGHAUS-24SEP06-B93.5",
            "count": 180,
            "created_time": "2024-09-06T15:18:19.322552Z",
            "yes_price": 5,
            "no_price": 95,
            "taker_side": "no"
        },
        {
            "trade_id": "1dac0dc1-3d15-4e80-9ccf-00f04c244fac",
            "ticker": "HIGHAUS-24SEP06-B93.5",
            "count": 180,
            "created_time": "2024-09-06T15:18:19.322552Z",
            "yes_price": 4,
            "no_price": 96,
            "taker_side": "no"
        },
        {
            "trade_id": "342f8358-7aa2-4845-8aba-6cf1210304a1",
            "ticker": "HIGHAUS-24SEP06-B93.5",
            "count": 50,
            "created_time": "2024-09-06T14:23:37.51774Z",
            "yes_price": 7,
            "no_price": 93,
            "taker_side": "no"
        },
        {
            "trade_id": "f606a90c-448c-4a73-a735-51b216d60b07",
            "ticker": "HIGHAUS-24SEP06-B93.5",
            "count": 54,
            "created_time": "2024-09-06T13:43:28.292636Z",
            "yes_price": 10,
            "no_price": 90,
            "taker_side": "no"
        },
        {
            "trade_id": "b1771c62-a87b-4ea6-b28e-9a6e071e3efa",
            "ticker": "HIGHAUS-24SEP06-B93.5",
            "count": 180,
            "created_time": "2024-09-06T13:43:28.292636Z",
            "yes_price": 9,
            "no_price": 91,
            "taker_side": "no"
        },
        {
            "trade_id": "340ccd41-0b70-4570-9ec8-dc67254052a8",
            "ticker": "HIGHAUS-24SEP06-B93.5",
            "count": 376,
            "created_time": "2024-09-06T13:43:28.292636Z",
            "yes_price": 1,
            "no_price": 99,
            "taker_side": "no"
        },
        {
            "trade_id": "2cf9019c-c753-4ed7-9902-42585eb165b3",
            "ticker": "HIGHAUS-24SEP06-B93.5",
            "count": 180,
            "created_time": "2024-09-06T13:43:28.292636Z",
            "yes_price": 8,
            "no_price": 92,
            "taker_side": "no"
        },
        {
            "trade_id": "bd7443f8-d383-4843-b388-e36b04f77ddf",
            "ticker": "HIGHAUS-24SEP06-B93.5",
            "count": 50,
            "created_time": "2024-09-06T13:37:56.444018Z",
            "yes_price": 1,
            "no_price": 99,
            "taker_side": "no"
        },
        {
            "trade_id": "770c3563-f54b-4556-81b6-e014aa383d9d",
            "ticker": "HIGHAUS-24SEP06-B93.5",
            "count": 126,
            "created_time": "2024-09-06T13:37:56.444018Z",
            "yes_price": 15,
            "no_price": 85,
            "taker_side": "no"
        },
        {
            "trade_id": "76aa29e6-ae94-4dd9-a0b2-82649cb98969",
            "ticker": "HIGHAUS-24SEP06-B93.5",
            "count": 24,
            "created_time": "2024-09-06T13:37:56.444018Z",
            "yes_price": 1,
            "no_price": 99,
            "taker_side": "no"
        },
        {
            "trade_id": "3d4a7a1f-4056-4435-87fa-37677a24d47b",
            "ticker": "HIGHAUS-24SEP06-B93.5",
            "count": 180,
            "created_time": "2024-09-06T13:37:56.444018Z",
            "yes_price": 12,
            "no_price": 88,
            "taker_side": "no"
        },
        {
            "trade_id": "184d4789-520b-4318-8724-2a714dd714c1",
            "ticker": "HIGHAUS-24SEP06-B93.5",
            "count": 180,
            "created_time": "2024-09-06T13:37:56.444018Z",
            "yes_price": 13,
            "no_price": 87,
            "taker_side": "no"
        },
        {
            "trade_id": "bb3722dc-39e7-4b01-b9fc-1c65cf553747",
            "ticker": "HIGHAUS-24SEP06-B93.5",
            "count": 18,
            "created_time": "2024-09-06T12:41:06.112767Z",
            "yes_price": 14,
            "no_price": 86,
            "taker_side": "no"
        },
        {
            "trade_id": "3384719d-da24-4327-8099-13c608f3e711",
            "ticker": "HIGHAUS-24SEP06-B93.5",
            "count": 18,
            "created_time": "2024-09-06T12:40:59.13211Z",
            "yes_price": 14,
            "no_price": 86,
            "taker_side": "no"
        },
        {
            "trade_id": "1622f0c4-f532-4215-8a99-122313d9c002",
            "ticker": "HIGHAUS-24SEP06-B93.5",
            "count": 45,
            "created_time": "2024-09-06T12:11:29.517796Z",
            "yes_price": 14,
            "no_price": 86,
            "taker_side": "no"
        },
        {
            "trade_id": "d0d02970-df07-46c1-861a-29861ac9c533",
            "ticker": "HIGHAUS-24SEP06-B93.5",
            "count": 180,
            "created_time": "2024-09-06T12:02:40.238714Z",
            "yes_price": 17,
            "no_price": 83,
            "taker_side": "no"
        },
        {
            "trade_id": "36db926f-c5bc-4104-8c7d-f586e9ea861a",
            "ticker": "HIGHAUS-24SEP06-B93.5",
            "count": 88,
            "created_time": "2024-09-06T12:02:40.238714Z",
            "yes_price": 16,
            "no_price": 84,
            "taker_side": "no"
        },
        {
            "trade_id": "142293a6-51d0-4ad4-af5c-1fe006631b0b",
            "ticker": "HIGHAUS-24SEP06-B93.5",
            "count": 90,
            "created_time": "2024-09-06T12:02:40.238714Z",
            "yes_price": 19,
            "no_price": 81,
            "taker_side": "no"
        },
        {
            "trade_id": "6cfdaf61-3823-4587-8a22-3048d4e7e426",
            "ticker": "HIGHAUS-24SEP06-B93.5",
            "count": 1,
            "created_time": "2024-09-05T18:35:30.540087Z",
            "yes_price": 15,
            "no_price": 85,
            "taker_side": "yes"
        },
        {
            "trade_id": "91bab09b-059c-4220-af73-c1601d71341f",
            "ticker": "HIGHAUS-24SEP06-B93.5",
            "count": 9,
            "created_time": "2024-09-05T18:21:50.900691Z",
            "yes_price": 15,
            "no_price": 85,
            "taker_side": "no"
        },
        {
            "trade_id": "fec85639-f787-4f8d-91ed-9701da77938b",
            "ticker": "HIGHAUS-24SEP06-B93.5",
            "count": 126,
            "created_time": "2024-09-05T17:55:15.452044Z",
            "yes_price": 17,
            "no_price": 83,
            "taker_side": "yes"
        },
        {
            "trade_id": "7f633744-84e8-4584-a7f6-84db29abe46d",
            "ticker": "HIGHAUS-24SEP06-B93.5",
            "count": 1,
            "created_time": "2024-09-05T17:30:30.372781Z",
            "yes_price": 18,
            "no_price": 82,
            "taker_side": "yes"
        },
        {
            "trade_id": "a1616511-b00c-4efa-a08f-19f734886b78",
            "ticker": "HIGHAUS-24SEP06-B93.5",
            "count": 180,
            "created_time": "2024-09-05T16:31:51.454081Z",
            "yes_price": 24,
            "no_price": 76,
            "taker_side": "yes"
        },
        {
            "trade_id": "0c4282e7-32bb-4215-87af-a48a3d5e5a44",
            "ticker": "HIGHAUS-24SEP06-B93.5",
            "count": 36,
            "created_time": "2024-09-05T16:31:51.454081Z",
            "yes_price": 22,
            "no_price": 78,
            "taker_side": "yes"
        },
        {
            "trade_id": "ace0e6b3-9b19-4073-8d4f-d0d07b43172d",
            "ticker": "HIGHAUS-24SEP06-B93.5",
            "count": 180,
            "created_time": "2024-09-05T16:23:05.061902Z",
            "yes_price": 22,
            "no_price": 78,
            "taker_side": "yes"
        },
        {
            "trade_id": "6513003f-f0b9-4af2-bfa6-cfd6cfc543d6",
            "ticker": "HIGHAUS-24SEP06-B93.5",
            "count": 9,
            "created_time": "2024-09-05T16:23:05.061902Z",
            "yes_price": 17,
            "no_price": 83,
            "taker_side": "yes"
        },
        {
            "trade_id": "437bad46-4047-45d9-ab76-57e6f5a1dab0",
            "ticker": "HIGHAUS-24SEP06-B93.5",
            "count": 36,
            "created_time": "2024-09-05T16:23:05.061902Z",
            "yes_price": 19,
            "no_price": 81,
            "taker_side": "yes"
        },
        {
            "trade_id": "2dbfbf5b-011b-454c-95d5-6ea8492c54c3",
            "ticker": "HIGHAUS-24SEP06-B93.5",
            "count": 180,
            "created_time": "2024-09-05T16:23:05.061902Z",
            "yes_price": 21,
            "no_price": 79,
            "taker_side": "yes"
        }
    ],
    "HIGHAUS-24SEP06-T94": [
        {
            "trade_id": "2d685890-1d01-4fe9-85cf-def6a9395233",
            "ticker": "HIGHAUS-24SEP06-T94",
            "count": 15,
            "created_time": "2024-09-06T22:26:42.199284Z",
            "yes_price": 25,
            "no_price": 75,
            "taker_side": "yes"
        },
        {
            "trade_id": "cd67848d-d1d2-47af-91f0-cab473836806",
            "ticker": "HIGHAUS-24SEP06-T94",
            "count": 20,
            "created_time": "2024-09-06T21:53:18.505189Z",
            "yes_price": 2,
            "no_price": 98,
            "taker_side": "no"
        },
        {
            "trade_id": "854b84e1-b16a-4b77-a32c-1b18e7de8708",
            "ticker": "HIGHAUS-24SEP06-T94",
            "count": 100,
            "created_time": "2024-09-06T21:53:12.699595Z",
            "yes_price": 3,
            "no_price": 97,
            "taker_side": "no"
        },
        {
            "trade_id": "3c5ff34d-e970-4ce5-8af9-3cd364f2e711",
            "ticker": "HIGHAUS-24SEP06-T94",
            "count": 14,
            "created_time": "2024-09-06T21:03:50.43735Z",
            "yes_price": 1,
            "no_price": 99,
            "taker_side": "yes"
        },
        {
            "trade_id": "a54426d6-5ff5-4728-a8a1-ad224feaf46e",
            "ticker": "HIGHAUS-24SEP06-T94",
            "count": 4,
            "created_time": "2024-09-06T12:40:59.140065Z",
            "yes_price": 1,
            "no_price": 99,
            "taker_side": "no"
        },
        {
            "trade_id": "4ef9e19d-6f0d-47bb-ba31-a084ad16d379",
            "ticker": "HIGHAUS-24SEP06-T94",
            "count": 45,
            "created_time": "2024-09-06T12:11:29.49861Z",
            "yes_price": 1,
            "no_price": 99,
            "taker_side": "no"
        },
        {
            "trade_id": "1f9f0edb-a6f1-4616-a137-0f39209db68a",
            "ticker": "HIGHAUS-24SEP06-T94",
            "count": 1,
            "created_time": "2024-09-05T18:35:30.623379Z",
            "yes_price": 1,
            "no_price": 99,
            "taker_side": "no"
        }
    ]
}