{
    "HIGHAUS-24AUG17-T96": [
        {
            "trade_id": "6193c6c7-3933-4c6b-bda7-b9cec9cf0813",
            "ticker": "HIGHAUS-24AUG17-T96",
            "count": 50,
            "created_time": "2024-08-16T14:19:59.785224Z",
            "yes_price": 1,
            "no_price": 99,
            "taker_side": "no"
        }
    ],
    "HIGHAUS-24AUG17-B96.5": [
        {
            "trade_id": "31b3012b-90a6-4119-af9d-d861a58c27e2",
            "ticker": "HIGHAUS-24AUG17-B96.5",
            "count": 50,
            "created_time": "2024-08-16T14:20:49.867429Z",
            "yes_price": 1,
            "no_price": 99,
            "taker_side": "no"
        },
        {
            "trade_id": "2c282532-9bb2-4378-a783-7f3a5e4ffab3",
            "ticker": "HIGHAUS-24AUG17-B96.5",
            "count": 10,
            "created_time": "2024-08-16T14:12:28.976549Z",
            "yes_price": 5,
            "no_price": 95,
            "taker_side": "yes"
        },
        {
            "trade_id": "d04642e1-15b8-4657-9423-7f5dc7953513",
            "ticker": "HIGHAUS-24AUG17-B96.5",
            "count": 10,
            "created_time": "2024-08-16T14:12:28.955368Z",
            "yes_price": 4,
            "no_price": 96,
            "taker_side": "yes"
        }
    ],
    "HIGHAUS-24AUG17-B98.5": [
        {
            "trade_id": "82c70837-5071-4911-a73a-4364339b2c32",
            "ticker": "HIGHAUS-24AUG17-B98.5",
            "count": 98,
            "created_time": "2024-08-17T23:59:57.05194Z",
            "yes_price": 1,
            "no_price": 99,
            "taker_side": "yes"
        },
        {
            "trade_id": "a1dece42-5aaf-4e4c-96bc-ce0f3f7c1668",
            "ticker": "HIGHAUS-24AUG17-B98.5",
            "count": 480,
            "created_time": "2024-08-17T22:18:31.473112Z",
            "yes_price": 1,
            "no_price": 99,
            "taker_side": "yes"
        },
        {
            "trade_id": "6a822843-f2c9-46c7-afbc-35f2e66173b0",
            "ticker": "HIGHAUS-24AUG17-B98.5",
            "count": 50,
            "created_time": "2024-08-17T22:16:31.202254Z",
            "yes_price": 1,
            "no_price": 99,
            "taker_side": "no"
        },
        {
            "trade_id": "119fddec-1a93-4ee5-941b-a465cd8f12e5",
            "ticker": "HIGHAUS-24AUG17-B98.5",
            "count": 187,
            "created_time": "2024-08-17T22:16:31.202254Z",
            "yes_price": 1,
            "no_price": 99,
            "taker_side": "no"
        },
        {
            "trade_id": "a5092871-51fc-4235-bb80-d33ff8152380",
            "ticker": "HIGHAUS-24AUG17-B98.5",
            "count": 20,
            "created_time": "2024-08-17T22:12:15.75626Z",
            "yes_price": 16,
            "no_price": 84,
            "taker_side": "yes"
        },
        {
            "trade_id": "caf2821b-e874-4bf9-88f7-013ef40b1c68",
            "ticker": "HIGHAUS-24AUG17-B98.5",
            "count": 1,
            "created_time": "2024-08-17T21:56:42.202409Z",
            "yes_price": 15,
            "no_price": 85,
            "taker_side": "yes"
        },
        {
            "trade_id": "3a1b1496-a754-4b28-be66-4ce01f135bb2",
            "ticker": "HIGHAUS-24AUG17-B98.5",
            "count": 187,
            "created_time": "2024-08-17T21:17:19.108886Z",
            "yes_price": 24,
            "no_price": 76,
            "taker_side": "no"
        },
        {
            "trade_id": "0da05e8e-35a6-4124-bbd6-a380cc03cffa",
            "ticker": "HIGHAUS-24AUG17-B98.5",
            "count": 2,
            "created_time": "2024-08-17T20:44:39.906093Z",
            "yes_price": 45,
            "no_price": 55,
            "taker_side": "yes"
        },
        {
            "trade_id": "876be7ef-cee4-408a-af70-efaaabce1f2d",
            "ticker": "HIGHAUS-24AUG17-B98.5",
            "count": 98,
            "created_time": "2024-08-17T19:34:49.620368Z",
            "yes_price": 36,
            "no_price": 64,
            "taker_side": "no"
        },
        {
            "trade_id": "d991e7f8-5d2a-4297-a39e-822305a38f15",
            "ticker": "HIGHAUS-24AUG17-B98.5",
            "count": 40,
            "created_time": "2024-08-17T18:41:04.396272Z",
            "yes_price": 36,
            "no_price": 64,
            "taker_side": "no"
        },
        {
            "trade_id": "2b5f6468-f746-40e7-a710-991b5625026c",
            "ticker": "HIGHAUS-24AUG17-B98.5",
            "count": 18,
            "created_time": "2024-08-17T18:18:04.371291Z",
            "yes_price": 38,
            "no_price": 62,
            "taker_side": "yes"
        },
        {
            "trade_id": "8ec58b21-1ed7-4959-8725-62785ca9110d",
            "ticker": "HIGHAUS-24AUG17-B98.5",
            "count": 18,
            "created_time": "2024-08-17T18:16:05.649456Z",
            "yes_price": 38,
            "no_price": 62,
            "taker_side": "yes"
        },
        {
            "trade_id": "f52d43f8-0893-4b69-9923-075813b30954",
            "ticker": "HIGHAUS-24AUG17-B98.5",
            "count": 17,
            "created_time": "2024-08-17T18:11:45.486493Z",
            "yes_price": 33,
            "no_price": 67,
            "taker_side": "yes"
        },
        {
            "trade_id": "44c22851-523b-415e-880b-c96164a5f7c4",
            "ticker": "HIGHAUS-24AUG17-B98.5",
            "count": 180,
            "created_time": "2024-08-17T18:11:45.486493Z",
            "yes_price": 35,
            "no_price": 65,
            "taker_side": "yes"
        },
        {
            "trade_id": "afd819c9-51c1-483c-80cd-097dc49f08ce",
            "ticker": "HIGHAUS-24AUG17-B98.5",
            "count": 163,
            "created_time": "2024-08-17T18:08:30.57389Z",
            "yes_price": 33,
            "no_price": 67,
            "taker_side": "no"
        },
        {
            "trade_id": "81e53aca-3729-4ce4-81e3-803e7684fcaa",
            "ticker": "HIGHAUS-24AUG17-B98.5",
            "count": 36,
            "created_time": "2024-08-17T18:08:30.550644Z",
            "yes_price": 33,
            "no_price": 67,
            "taker_side": "no"
        },
        {
            "trade_id": "31c756c6-be93-4b6d-ae7a-35c532a1bd04",
            "ticker": "HIGHAUS-24AUG17-B98.5",
            "count": 36,
            "created_time": "2024-08-17T17:56:47.965335Z",
            "yes_price": 37,
            "no_price": 63,
            "taker_side": "yes"
        },
        {
            "trade_id": "0f7d6ac0-5a6c-42ef-9dec-02fb855f10eb",
            "ticker": "HIGHAUS-24AUG17-B98.5",
            "count": 180,
            "created_time": "2024-08-17T17:56:47.965335Z",
            "yes_price": 39,
            "no_price": 61,
            "taker_side": "yes"
        },
        {
            "trade_id": "b0ae656d-9dab-4221-b72a-0d5a72e18734",
            "ticker": "HIGHAUS-24AUG17-B98.5",
            "count": 7,
            "created_time": "2024-08-17T17:43:33.253721Z",
            "yes_price": 28,
            "no_price": 72,
            "taker_side": "yes"
        },
        {
            "trade_id": "5e7ab983-c5e9-4716-a045-b4c2452137bc",
            "ticker": "HIGHAUS-24AUG17-B98.5",
            "count": 18,
            "created_time": "2024-08-17T17:43:23.472546Z",
            "yes_price": 28,
            "no_price": 72,
            "taker_side": "no"
        },
        {
            "trade_id": "586a5a42-7aaa-4c65-8424-0a2a02014808",
            "ticker": "HIGHAUS-24AUG17-B98.5",
            "count": 53,
            "created_time": "2024-08-17T17:21:37.124975Z",
            "yes_price": 36,
            "no_price": 64,
            "taker_side": "yes"
        },
        {
            "trade_id": "7e586328-fb0e-48b4-b04a-707576caffd8",
            "ticker": "HIGHAUS-24AUG17-B98.5",
            "count": 50,
            "created_time": "2024-08-17T16:31:18.09462Z",
            "yes_price": 20,
            "no_price": 80,
            "taker_side": "no"
        },
        {
            "trade_id": "75b5c7fe-02f2-4f84-b276-35d4ed619f5a",
            "ticker": "HIGHAUS-24AUG17-B98.5",
            "count": 2,
            "created_time": "2024-08-17T16:08:14.642944Z",
            "yes_price": 26,
            "no_price": 74,
            "taker_side": "yes"
        },
        {
            "trade_id": "4985ba10-af84-44b2-b720-f78a07cb86e0",
            "ticker": "HIGHAUS-24AUG17-B98.5",
            "count": 2,
            "created_time": "2024-08-17T16:08:14.463373Z",
            "yes_price": 26,
            "no_price": 74,
            "taker_side": "yes"
        },
        {
            "trade_id": "0a7ad6e0-f9fd-40e7-8336-1b66c3da7ea8",
            "ticker": "HIGHAUS-24AUG17-B98.5",
            "count": 33,
            "created_time": "2024-08-17T15:44:26.430996Z",
            "yes_price": 18,
            "no_price": 82,
            "taker_side": "no"
        },
        {
            "trade_id": "293d0298-6172-4f8b-956e-038a8d6395b6",
            "ticker": "HIGHAUS-24AUG17-B98.5",
            "count": 69,
            "created_time": "2024-08-17T15:18:16.103131Z",
            "yes_price": 18,
            "no_price": 82,
            "taker_side": "no"
        },
        {
            "trade_id": "273908e5-4475-401b-b5b8-38d600459874",
            "ticker": "HIGHAUS-24AUG17-B98.5",
            "count": 10,
            "created_time": "2024-08-17T15:07:39.836473Z",
            "yes_price": 18,
            "no_price": 82,
            "taker_side": "no"
        },
        {
            "trade_id": "d9d80075-1aa3-4240-8102-9f1d582652ac",
            "ticker": "HIGHAUS-24AUG17-B98.5",
            "count": 25,
            "created_time": "2024-08-17T14:33:36.919009Z",
            "yes_price": 19,
            "no_price": 81,
            "taker_side": "no"
        },
        {
            "trade_id": "c5431495-d9ae-48d8-a4de-c5f80a6d2000",
            "ticker": "HIGHAUS-24AUG17-B98.5",
            "count": 25,
            "created_time": "2024-08-17T14:14:02.807964Z",
            "yes_price": 19,
            "no_price": 81,
            "taker_side": "no"
        },
        {
            "trade_id": "f3455651-4513-4bb9-8722-d34140b0b7d5",
            "ticker": "HIGHAUS-24AUG17-B98.5",
            "count": 1,
            "created_time": "2024-08-17T13:52:07.558283Z",
            "yes_price": 26,
            "no_price": 74,
            "taker_side": "yes"
        },
        {
            "trade_id": "19ce1c53-69b7-4da4-b781-1e49c5722d71",
            "ticker": "HIGHAUS-24AUG17-B98.5",
            "count": 18,
            "created_time": "2024-08-17T13:52:07.558283Z",
            "yes_price": 24,
            "no_price": 76,
            "taker_side": "yes"
        },
        {
            "trade_id": "cab55823-5f81-4c08-9095-e3c81599dd78",
            "ticker": "HIGHAUS-24AUG17-B98.5",
            "count": 3,
            "created_time": "2024-08-17T12:56:25.743447Z",
            "yes_price": 25,
            "no_price": 75,
            "taker_side": "yes"
        },
        {
            "trade_id": "c1f4dd93-14b0-4d95-8d14-6504aec2083a",
            "ticker": "HIGHAUS-24AUG17-B98.5",
            "count": 1,
            "created_time": "2024-08-17T12:47:41.091404Z",
            "yes_price": 25,
            "no_price": 75,
            "taker_side": "yes"
        },
        {
            "trade_id": "f6cf69ab-fa6f-4f18-a60a-2140251d9d19",
            "ticker": "HIGHAUS-24AUG17-B98.5",
            "count": 18,
            "created_time": "2024-08-17T12:46:49.751073Z",
            "yes_price": 24,
            "no_price": 76,
            "taker_side": "yes"
        },
        {
            "trade_id": "dedba99f-a793-44c5-a8f0-b10bf376f7c6",
            "ticker": "HIGHAUS-24AUG17-B98.5",
            "count": 1,
            "created_time": "2024-08-17T12:46:49.751073Z",
            "yes_price": 26,
            "no_price": 74,
            "taker_side": "yes"
        },
        {
            "trade_id": "77c3be8d-5a2f-4557-9aea-4e3a1c69f8ec",
            "ticker": "HIGHAUS-24AUG17-B98.5",
            "count": 11,
            "created_time": "2024-08-17T12:40:22.264341Z",
            "yes_price": 24,
            "no_price": 76,
            "taker_side": "yes"
        },
        {
            "trade_id": "faa40242-8a1f-48a3-bb10-7ab91fef6f98",
            "ticker": "HIGHAUS-24AUG17-B98.5",
            "count": 180,
            "created_time": "2024-08-17T12:13:16.876605Z",
            "yes_price": 22,
            "no_price": 78,
            "taker_side": "yes"
        },
        {
            "trade_id": "f796382c-0c69-48d7-acdb-4069f2c56879",
            "ticker": "HIGHAUS-24AUG17-B98.5",
            "count": 18,
            "created_time": "2024-08-17T12:13:16.876605Z",
            "yes_price": 19,
            "no_price": 81,
            "taker_side": "yes"
        },
        {
            "trade_id": "81b51f15-b1a0-4edb-80a0-419e773e66a4",
            "ticker": "HIGHAUS-24AUG17-B98.5",
            "count": 180,
            "created_time": "2024-08-17T12:13:16.876605Z",
            "yes_price": 21,
            "no_price": 79,
            "taker_side": "yes"
        },
        {
            "trade_id": "c86882c2-2830-4502-886a-f3b41a2fcf07",
            "ticker": "HIGHAUS-24AUG17-B98.5",
            "count": 18,
            "created_time": "2024-08-17T03:58:00.265459Z",
            "yes_price": 22,
            "no_price": 78,
            "taker_side": "yes"
        },
        {
            "trade_id": "69725137-63d4-48f0-be61-9878663ed566",
            "ticker": "HIGHAUS-24AUG17-B98.5",
            "count": 18,
            "created_time": "2024-08-17T02:58:54.79486Z",
            "yes_price": 22,
            "no_price": 78,
            "taker_side": "yes"
        },
        {
            "trade_id": "1caa330b-9649-40bf-8335-9af76f6125e0",
            "ticker": "HIGHAUS-24AUG17-B98.5",
            "count": 8,
            "created_time": "2024-08-17T02:58:54.79486Z",
            "yes_price": 24,
            "no_price": 76,
            "taker_side": "yes"
        },
        {
            "trade_id": "d9f909e0-23d9-4f0b-9ed8-e45c4c8c8bc7",
            "ticker": "HIGHAUS-24AUG17-B98.5",
            "count": 72,
            "created_time": "2024-08-17T02:28:18.685882Z",
            "yes_price": 26,
            "no_price": 74,
            "taker_side": "yes"
        },
        {
            "trade_id": "e590bd87-396d-45c4-a9ff-b6e6950dfee5",
            "ticker": "HIGHAUS-24AUG17-B98.5",
            "count": 39,
            "created_time": "2024-08-17T01:15:30.969618Z",
            "yes_price": 24,
            "no_price": 76,
            "taker_side": "yes"
        },
        {
            "trade_id": "0ffb50d9-25f4-4dd3-8cf3-81d97d45eca4",
            "ticker": "HIGHAUS-24AUG17-B98.5",
            "count": 30,
            "created_time": "2024-08-17T00:36:25.880534Z",
            "yes_price": 25,
            "no_price": 75,
            "taker_side": "no"
        },
        {
            "trade_id": "ca27076b-3428-44bf-b994-80ce1832354d",
            "ticker": "HIGHAUS-24AUG17-B98.5",
            "count": 126,
            "created_time": "2024-08-17T00:19:04.278611Z",
            "yes_price": 25,
            "no_price": 75,
            "taker_side": "no"
        },
        {
            "trade_id": "096277b2-6b3e-4d77-a011-b0276c7c31d5",
            "ticker": "HIGHAUS-24AUG17-B98.5",
            "count": 108,
            "created_time": "2024-08-17T00:18:44.11074Z",
            "yes_price": 25,
            "no_price": 75,
            "taker_side": "no"
        },
        {
            "trade_id": "79b973bf-d5ee-4865-b56b-e784485e6070",
            "ticker": "HIGHAUS-24AUG17-B98.5",
            "count": 36,
            "created_time": "2024-08-17T00:18:33.217489Z",
            "yes_price": 25,
            "no_price": 75,
            "taker_side": "no"
        },
        {
            "trade_id": "d06ebc48-9f61-4101-bc53-31b0403ec71f",
            "ticker": "HIGHAUS-24AUG17-B98.5",
            "count": 60,
            "created_time": "2024-08-16T22:35:34.281763Z",
            "yes_price": 33,
            "no_price": 67,
            "taker_side": "yes"
        },
        {
            "trade_id": "979f63af-15aa-4c56-ae67-7e4ce5553c7d",
            "ticker": "HIGHAUS-24AUG17-B98.5",
            "count": 90,
            "created_time": "2024-08-16T22:35:34.281763Z",
            "yes_price": 31,
            "no_price": 69,
            "taker_side": "yes"
        },
        {
            "trade_id": "8c6ba215-4e58-4c8d-94db-9f22fb5749e0",
            "ticker": "HIGHAUS-24AUG17-B98.5",
            "count": 108,
            "created_time": "2024-08-16T21:23:30.587249Z",
            "yes_price": 29,
            "no_price": 71,
            "taker_side": "yes"
        },
        {
            "trade_id": "02c30936-1e82-43cb-8ca3-b4c62eb68e3e",
            "ticker": "HIGHAUS-24AUG17-B98.5",
            "count": 108,
            "created_time": "2024-08-16T21:23:18.835855Z",
            "yes_price": 28,
            "no_price": 72,
            "taker_side": "yes"
        },
        {
            "trade_id": "cece8516-5bc4-420f-ade6-d2f4e61c37b7",
            "ticker": "HIGHAUS-24AUG17-B98.5",
            "count": 108,
            "created_time": "2024-08-16T21:23:00.637592Z",
            "yes_price": 27,
            "no_price": 73,
            "taker_side": "yes"
        },
        {
            "trade_id": "c43f3cc6-b352-4baf-b00c-aed54d839b79",
            "ticker": "HIGHAUS-24AUG17-B98.5",
            "count": 18,
            "created_time": "2024-08-16T21:22:34.245639Z",
            "yes_price": 26,
            "no_price": 74,
            "taker_side": "yes"
        },
        {
            "trade_id": "c8f2b503-90ba-49ac-bad9-7af36c77a2ed",
            "ticker": "HIGHAUS-24AUG17-B98.5",
            "count": 65,
            "created_time": "2024-08-16T19:10:06.925236Z",
            "yes_price": 29,
            "no_price": 71,
            "taker_side": "yes"
        },
        {
            "trade_id": "e1105a8a-fe6f-4e24-9cab-0fc7bca831cf",
            "ticker": "HIGHAUS-24AUG17-B98.5",
            "count": 108,
            "created_time": "2024-08-16T18:48:02.112006Z",
            "yes_price": 26,
            "no_price": 74,
            "taker_side": "no"
        },
        {
            "trade_id": "d893fefb-95b2-4735-a366-d5093a781aaf",
            "ticker": "HIGHAUS-24AUG17-B98.5",
            "count": 62,
            "created_time": "2024-08-16T18:48:02.112006Z",
            "yes_price": 24,
            "no_price": 76,
            "taker_side": "no"
        },
        {
            "trade_id": "99721641-f606-4649-a533-a718649f2494",
            "ticker": "HIGHAUS-24AUG17-B98.5",
            "count": 1,
            "created_time": "2024-08-16T18:35:30.682027Z",
            "yes_price": 24,
            "no_price": 76,
            "taker_side": "no"
        },
        {
            "trade_id": "d2025439-e355-4b74-9fb0-d18ca7c981ba",
            "ticker": "HIGHAUS-24AUG17-B98.5",
            "count": 1,
            "created_time": "2024-08-16T17:30:32.552862Z",
            "yes_price": 23,
            "no_price": 77,
            "taker_side": "no"
        },
        {
            "trade_id": "f23b8d3d-f1ce-495d-98c8-944f66bea47b",
            "ticker": "HIGHAUS-24AUG17-B98.5",
            "count": 54,
            "created_time": "2024-08-16T17:21:50.708233Z",
            "yes_price": 24,
            "no_price": 76,
            "taker_side": "yes"
        },
        {
            "trade_id": "c9138472-a53b-4358-a23b-9211cd9b557e",
            "ticker": "HIGHAUS-24AUG17-B98.5",
            "count": 180,
            "created_time": "2024-08-16T17:21:50.708233Z",
            "yes_price": 26,
            "no_price": 74,
            "taker_side": "yes"
        },
        {
            "trade_id": "31e1ab29-b2aa-4fbf-a8f1-db3cf7ac7098",
            "ticker": "HIGHAUS-24AUG17-B98.5",
            "count": 66,
            "created_time": "2024-08-16T17:21:50.708233Z",
            "yes_price": 28,
            "no_price": 72,
            "taker_side": "yes"
        },
        {
            "trade_id": "e257669d-38d3-4a34-b5a1-8df3818f7ed1",
            "ticker": "HIGHAUS-24AUG17-B98.5",
            "count": 108,
            "created_time": "2024-08-16T16:57:34.382163Z",
            "yes_price": 24,
            "no_price": 76,
            "taker_side": "yes"
        },
        {
            "trade_id": "a9a422d2-aff5-4111-ac3c-a73c75051a41",
            "ticker": "HIGHAUS-24AUG17-B98.5",
            "count": 126,
            "created_time": "2024-08-16T16:56:58.846252Z",
            "yes_price": 23,
            "no_price": 77,
            "taker_side": "yes"
        },
        {
            "trade_id": "0fc252ab-8dc6-4f5b-88b8-8098e8269966",
            "ticker": "HIGHAUS-24AUG17-B98.5",
            "count": 18,
            "created_time": "2024-08-16T16:56:44.169582Z",
            "yes_price": 22,
            "no_price": 78,
            "taker_side": "yes"
        },
        {
            "trade_id": "5ee03f7b-1770-4390-93b9-7b84f2de761f",
            "ticker": "HIGHAUS-24AUG17-B98.5",
            "count": 90,
            "created_time": "2024-08-16T15:23:12.773851Z",
            "yes_price": 26,
            "no_price": 74,
            "taker_side": "no"
        },
        {
            "trade_id": "c64cafef-2c8b-4283-b2c7-65188790a550",
            "ticker": "HIGHAUS-24AUG17-B98.5",
            "count": 180,
            "created_time": "2024-08-16T15:01:20.789753Z",
            "yes_price": 28,
            "no_price": 72,
            "taker_side": "yes"
        },
        {
            "trade_id": "a2ae923a-c2df-4071-9335-7e800f98338b",
            "ticker": "HIGHAUS-24AUG17-B98.5",
            "count": 180,
            "created_time": "2024-08-16T15:01:20.789753Z",
            "yes_price": 30,
            "no_price": 70,
            "taker_side": "yes"
        },
        {
            "trade_id": "71b6f8f7-2a57-4a56-9d2c-0c21616c5fe7",
            "ticker": "HIGHAUS-24AUG17-B98.5",
            "count": 72,
            "created_time": "2024-08-16T15:01:20.789753Z",
            "yes_price": 26,
            "no_price": 74,
            "taker_side": "yes"
        },
        {
            "trade_id": "fedcabdd-f9e6-4136-9fcb-1be8d51f29b5",
            "ticker": "HIGHAUS-24AUG17-B98.5",
            "count": 18,
            "created_time": "2024-08-16T14:47:32.397679Z",
            "yes_price": 35,
            "no_price": 65,
            "taker_side": "no"
        },
        {
            "trade_id": "5bdfd8fb-d147-404d-9db4-c74625dc3c20",
            "ticker": "HIGHAUS-24AUG17-B98.5",
            "count": 180,
            "created_time": "2024-08-16T14:47:32.397679Z",
            "yes_price": 33,
            "no_price": 67,
            "taker_side": "no"
        },
        {
            "trade_id": "393d0fe6-380a-4c9f-bb08-a0947b700be2",
            "ticker": "HIGHAUS-24AUG17-B98.5",
            "count": 152,
            "created_time": "2024-08-16T14:47:32.397679Z",
            "yes_price": 31,
            "no_price": 69,
            "taker_side": "no"
        },
        {
            "trade_id": "792f5049-b785-49ec-b1fb-9b36060e2d19",
            "ticker": "HIGHAUS-24AUG17-B98.5",
            "count": 25,
            "created_time": "2024-08-16T14:37:12.010672Z",
            "yes_price": 35,
            "no_price": 65,
            "taker_side": "no"
        },
        {
            "trade_id": "d2d993cc-da5f-4bda-9500-d83f748537d3",
            "ticker": "HIGHAUS-24AUG17-B98.5",
            "count": 18,
            "created_time": "2024-08-16T14:22:42.573275Z",
            "yes_price": 39,
            "no_price": 61,
            "taker_side": "yes"
        },
        {
            "trade_id": "af55095d-4237-421b-9f78-04b67d524d5b",
            "ticker": "HIGHAUS-24AUG17-B98.5",
            "count": 82,
            "created_time": "2024-08-16T14:22:42.573275Z",
            "yes_price": 41,
            "no_price": 59,
            "taker_side": "yes"
        },
        {
            "trade_id": "d5394f4c-0d5a-4673-aac5-67244146bc82",
            "ticker": "HIGHAUS-24AUG17-B98.5",
            "count": 90,
            "created_time": "2024-08-16T14:18:26.676679Z",
            "yes_price": 38,
            "no_price": 62,
            "taker_side": "yes"
        },
        {
            "trade_id": "892bad17-1214-458a-a8b8-073e421eacc4",
            "ticker": "HIGHAUS-24AUG17-B98.5",
            "count": 18,
            "created_time": "2024-08-16T14:17:53.505417Z",
            "yes_price": 37,
            "no_price": 63,
            "taker_side": "yes"
        },
        {
            "trade_id": "b7cb0cd0-a641-42c5-9e48-0870a087f626",
            "ticker": "HIGHAUS-24AUG17-B98.5",
            "count": 180,
            "created_time": "2024-08-16T14:16:57.135251Z",
            "yes_price": 39,
            "no_price": 61,
            "taker_side": "yes"
        },
        {
            "trade_id": "2bee3e9a-9040-4ad7-8c2e-05aed740ce9b",
            "ticker": "HIGHAUS-24AUG17-B98.5",
            "count": 108,
            "created_time": "2024-08-16T14:16:57.135251Z",
            "yes_price": 37,
            "no_price": 63,
            "taker_side": "yes"
        },
        {
            "trade_id": "92352fca-5fd4-46f4-ada8-6eed0c65c3fd",
            "ticker": "HIGHAUS-24AUG17-B98.5",
            "count": 108,
            "created_time": "2024-08-16T14:16:36.571149Z",
            "yes_price": 37,
            "no_price": 63,
            "taker_side": "no"
        },
        {
            "trade_id": "5673847c-bee2-418a-84d0-2d120d6a764e",
            "ticker": "HIGHAUS-24AUG17-B98.5",
            "count": 12,
            "created_time": "2024-08-16T14:16:30.29216Z",
            "yes_price": 37,
            "no_price": 63,
            "taker_side": "yes"
        },
        {
            "trade_id": "a6a65387-aaf9-4840-a1c3-524837294a3d",
            "ticker": "HIGHAUS-24AUG17-B98.5",
            "count": 18,
            "created_time": "2024-08-16T14:15:35.363148Z",
            "yes_price": 38,
            "no_price": 62,
            "taker_side": "yes"
        },
        {
            "trade_id": "4ca60983-8fef-4b01-bacd-ebfcd07723cf",
            "ticker": "HIGHAUS-24AUG17-B98.5",
            "count": 12,
            "created_time": "2024-08-16T14:15:35.363148Z",
            "yes_price": 36,
            "no_price": 64,
            "taker_side": "yes"
        },
        {
            "trade_id": "93149fbb-9749-4020-9747-73d320cca167",
            "ticker": "HIGHAUS-24AUG17-B98.5",
            "count": 12,
            "created_time": "2024-08-16T14:14:33.313358Z",
            "yes_price": 38,
            "no_price": 62,
            "taker_side": "yes"
        },
        {
            "trade_id": "78729729-a31c-4fd9-a48c-93587d2a44ee",
            "ticker": "HIGHAUS-24AUG17-B98.5",
            "count": 30,
            "created_time": "2024-08-16T14:14:10.620601Z",
            "yes_price": 36,
            "no_price": 64,
            "taker_side": "yes"
        },
        {
            "trade_id": "4b9f5104-ecb4-4299-ab77-a597c93ad4ec",
            "ticker": "HIGHAUS-24AUG17-B98.5",
            "count": 60,
            "created_time": "2024-08-16T14:14:10.620601Z",
            "yes_price": 38,
            "no_price": 62,
            "taker_side": "yes"
        },
        {
            "trade_id": "38f74303-ae8c-44af-b963-c2dbf51919f8",
            "ticker": "HIGHAUS-24AUG17-B98.5",
            "count": 4,
            "created_time": "2024-08-16T14:13:51.173782Z",
            "yes_price": 37,
            "no_price": 63,
            "taker_side": "yes"
        },
        {
            "trade_id": "d368d00d-5422-4b5b-9ca3-a00e3382dbe6",
            "ticker": "HIGHAUS-24AUG17-B98.5",
            "count": 54,
            "created_time": "2024-08-16T14:13:34.439085Z",
            "yes_price": 35,
            "no_price": 65,
            "taker_side": "no"
        },
        {
            "trade_id": "fae36fb5-6760-4701-a872-1cb520c4cd58",
            "ticker": "HIGHAUS-24AUG17-B98.5",
            "count": 180,
            "created_time": "2024-08-16T14:13:34.106344Z",
            "yes_price": 36,
            "no_price": 64,
            "taker_side": "yes"
        },
        {
            "trade_id": "24b6abc3-2c20-46a5-b69d-56bd4794af33",
            "ticker": "HIGHAUS-24AUG17-B98.5",
            "count": 18,
            "created_time": "2024-08-16T14:13:24.055097Z",
            "yes_price": 35,
            "no_price": 65,
            "taker_side": "no"
        },
        {
            "trade_id": "1a2689c6-3951-4732-b6ce-df5c0e0176e6",
            "ticker": "HIGHAUS-24AUG17-B98.5",
            "count": 54,
            "created_time": "2024-08-16T14:13:05.366019Z",
            "yes_price": 34,
            "no_price": 66,
            "taker_side": "no"
        },
        {
            "trade_id": "2e977e7b-45d6-47bb-b6e9-0d137189de6f",
            "ticker": "HIGHAUS-24AUG17-B98.5",
            "count": 108,
            "created_time": "2024-08-16T14:13:01.505333Z",
            "yes_price": 34,
            "no_price": 66,
            "taker_side": "yes"
        },
        {
            "trade_id": "23705672-24f1-4753-bc2c-6014d07a71c7",
            "ticker": "HIGHAUS-24AUG17-B98.5",
            "count": 72,
            "created_time": "2024-08-16T14:12:48.21829Z",
            "yes_price": 33,
            "no_price": 67,
            "taker_side": "yes"
        }
    ],
    "HIGHAUS-24AUG17-B100.5": [
        {
            "trade_id": "4ebd3135-1c14-443d-bcac-ecd82fd1ccb3",
            "ticker": "HIGHAUS-24AUG17-B100.5",
            "count": 200,
            "created_time": "2024-08-18T01:21:38.662501Z",
            "yes_price": 99,
            "no_price": 1,
            "taker_side": "no"
        },
        {
            "trade_id": "ff78cfbc-4834-40f8-8e4a-5477b8b845ae",
            "ticker": "HIGHAUS-24AUG17-B100.5",
            "count": 200,
            "created_time": "2024-08-18T01:13:02.154452Z",
            "yes_price": 99,
            "no_price": 1,
            "taker_side": "no"
        },
        {
            "trade_id": "269dd3ca-5770-4e9a-acdf-711aca73c78b",
            "ticker": "HIGHAUS-24AUG17-B100.5",
            "count": 594,
            "created_time": "2024-08-18T00:55:14.150115Z",
            "yes_price": 99,
            "no_price": 1,
            "taker_side": "no"
        },
        {
            "trade_id": "f8c54da7-e119-48f6-933f-64a0ac18d421",
            "ticker": "HIGHAUS-24AUG17-B100.5",
            "count": 47,
            "created_time": "2024-08-17T23:57:28.796636Z",
            "yes_price": 99,
            "no_price": 1,
            "taker_side": "yes"
        },
        {
            "trade_id": "aad00eb7-b92a-4ea2-b3c6-30a02a69cb47",
            "ticker": "HIGHAUS-24AUG17-B100.5",
            "count": 528,
            "created_time": "2024-08-17T23:57:28.796636Z",
            "yes_price": 99,
            "no_price": 1,
            "taker_side": "yes"
        },
        {
            "trade_id": "401f6a05-6d50-4128-b9bf-10b271ed5673",
            "ticker": "HIGHAUS-24AUG17-B100.5",
            "count": 3,
            "created_time": "2024-08-17T23:04:36.583153Z",
            "yes_price": 99,
            "no_price": 1,
            "taker_side": "yes"
        },
        {
            "trade_id": "0e79606e-6e46-4a84-9d88-cb4b28585367",
            "ticker": "HIGHAUS-24AUG17-B100.5",
            "count": 220,
            "created_time": "2024-08-17T22:35:10.968175Z",
            "yes_price": 80,
            "no_price": 20,
            "taker_side": "no"
        },
        {
            "trade_id": "ed4ab263-0346-460e-a471-6c6c4735c2cc",
            "ticker": "HIGHAUS-24AUG17-B100.5",
            "count": 200,
            "created_time": "2024-08-17T22:12:26.501024Z",
            "yes_price": 83,
            "no_price": 17,
            "taker_side": "no"
        },
        {
            "trade_id": "bf028541-1974-4cad-9077-e9f743dcd519",
            "ticker": "HIGHAUS-24AUG17-B100.5",
            "count": 300,
            "created_time": "2024-08-17T22:12:26.501024Z",
            "yes_price": 83,
            "no_price": 17,
            "taker_side": "no"
        },
        {
            "trade_id": "d53e639a-8aef-4b64-ba78-a45ef83483ea",
            "ticker": "HIGHAUS-24AUG17-B100.5",
            "count": 1,
            "created_time": "2024-08-17T21:59:40.747819Z",
            "yes_price": 80,
            "no_price": 20,
            "taker_side": "no"
        },
        {
            "trade_id": "acb71ddd-93fd-42ec-a008-dac68507c844",
            "ticker": "HIGHAUS-24AUG17-B100.5",
            "count": 1,
            "created_time": "2024-08-17T21:56:48.551811Z",
            "yes_price": 85,
            "no_price": 15,
            "taker_side": "no"
        },
        {
            "trade_id": "3a834459-6bb0-4f16-ba82-7faa1ebc70aa",
            "ticker": "HIGHAUS-24AUG17-B100.5",
            "count": 1,
            "created_time": "2024-08-17T20:58:21.743908Z",
            "yes_price": 55,
            "no_price": 45,
            "taker_side": "yes"
        },
        {
            "trade_id": "f3ed76f3-ea17-40b1-8947-7ca3f83f2ec3",
            "ticker": "HIGHAUS-24AUG17-B100.5",
            "count": 10,
            "created_time": "2024-08-17T16:12:55.068168Z",
            "yes_price": 76,
            "no_price": 24,
            "taker_side": "yes"
        },
        {
            "trade_id": "bc157970-dd6d-4e36-891e-5bed92d40369",
            "ticker": "HIGHAUS-24AUG17-B100.5",
            "count": 90,
            "created_time": "2024-08-17T14:42:57.241997Z",
            "yes_price": 69,
            "no_price": 31,
            "taker_side": "no"
        },
        {
            "trade_id": "885a93b8-c3f2-498a-85df-dc5548c4e243",
            "ticker": "HIGHAUS-24AUG17-B100.5",
            "count": 50,
            "created_time": "2024-08-17T14:42:57.241997Z",
            "yes_price": 67,
            "no_price": 33,
            "taker_side": "no"
        },
        {
            "trade_id": "830b425f-0056-44df-b97a-024f60a6c136",
            "ticker": "HIGHAUS-24AUG17-B100.5",
            "count": 6,
            "created_time": "2024-08-17T14:42:57.241997Z",
            "yes_price": 76,
            "no_price": 24,
            "taker_side": "no"
        },
        {
            "trade_id": "1fd71977-6512-49ea-9d26-3d06242e23bc",
            "ticker": "HIGHAUS-24AUG17-B100.5",
            "count": 7,
            "created_time": "2024-08-17T14:42:57.241997Z",
            "yes_price": 75,
            "no_price": 25,
            "taker_side": "no"
        },
        {
            "trade_id": "35b1f477-d4cf-4132-890f-c32f8547263a",
            "ticker": "HIGHAUS-24AUG17-B100.5",
            "count": 1,
            "created_time": "2024-08-17T14:42:44.960132Z",
            "yes_price": 76,
            "no_price": 24,
            "taker_side": "no"
        },
        {
            "trade_id": "76ff20af-0645-4f69-be38-c3410a9dfaa4",
            "ticker": "HIGHAUS-24AUG17-B100.5",
            "count": 18,
            "created_time": "2024-08-17T14:33:21.315413Z",
            "yes_price": 76,
            "no_price": 24,
            "taker_side": "yes"
        },
        {
            "trade_id": "3c5f95f7-1250-445e-872d-d9eeb4dd73c1",
            "ticker": "HIGHAUS-24AUG17-B100.5",
            "count": 18,
            "created_time": "2024-08-17T14:13:50.265012Z",
            "yes_price": 75,
            "no_price": 25,
            "taker_side": "yes"
        },
        {
            "trade_id": "549a873d-4b79-4c43-b6bd-d51ff6c426b3",
            "ticker": "HIGHAUS-24AUG17-B100.5",
            "count": 1,
            "created_time": "2024-08-17T12:56:33.666034Z",
            "yes_price": 74,
            "no_price": 26,
            "taker_side": "yes"
        },
        {
            "trade_id": "2386d619-7cd4-4f6d-9ed5-edb3f7e7d7a9",
            "ticker": "HIGHAUS-24AUG17-B100.5",
            "count": 1,
            "created_time": "2024-08-17T12:46:42.552599Z",
            "yes_price": 67,
            "no_price": 33,
            "taker_side": "no"
        },
        {
            "trade_id": "5f649096-711c-4d78-a487-75527d205187",
            "ticker": "HIGHAUS-24AUG17-B100.5",
            "count": 13,
            "created_time": "2024-08-17T01:17:57.373982Z",
            "yes_price": 72,
            "no_price": 28,
            "taker_side": "yes"
        },
        {
            "trade_id": "80d03fb6-2b77-499c-820d-dd209dbbd69d",
            "ticker": "HIGHAUS-24AUG17-B100.5",
            "count": 126,
            "created_time": "2024-08-17T00:19:04.20894Z",
            "yes_price": 69,
            "no_price": 31,
            "taker_side": "yes"
        },
        {
            "trade_id": "a0a27676-3779-47f9-8a8f-9df87c39c7ac",
            "ticker": "HIGHAUS-24AUG17-B100.5",
            "count": 18,
            "created_time": "2024-08-17T00:18:26.105953Z",
            "yes_price": 70,
            "no_price": 30,
            "taker_side": "yes"
        },
        {
            "trade_id": "5b84bd09-a147-4cbf-8fc4-ea278b5e04c1",
            "ticker": "HIGHAUS-24AUG17-B100.5",
            "count": 180,
            "created_time": "2024-08-17T00:18:26.105953Z",
            "yes_price": 72,
            "no_price": 28,
            "taker_side": "yes"
        },
        {
            "trade_id": "b6b62a88-cf1c-4ee0-90df-e21a33cd47be",
            "ticker": "HIGHAUS-24AUG17-B100.5",
            "count": 57,
            "created_time": "2024-08-16T23:39:38.782038Z",
            "yes_price": 66,
            "no_price": 34,
            "taker_side": "yes"
        },
        {
            "trade_id": "fb7373e3-f809-4a15-a885-26f47bd152ca",
            "ticker": "HIGHAUS-24AUG17-B100.5",
            "count": 54,
            "created_time": "2024-08-16T23:38:44.078674Z",
            "yes_price": 63,
            "no_price": 37,
            "taker_side": "yes"
        },
        {
            "trade_id": "6d9754f2-b713-4727-877a-2c1bdb28f472",
            "ticker": "HIGHAUS-24AUG17-B100.5",
            "count": 180,
            "created_time": "2024-08-16T23:38:44.078674Z",
            "yes_price": 65,
            "no_price": 35,
            "taker_side": "yes"
        },
        {
            "trade_id": "76be670f-ab4e-4e0c-87af-0d9fe8b9d8b5",
            "ticker": "HIGHAUS-24AUG17-B100.5",
            "count": 25,
            "created_time": "2024-08-16T19:35:07.965417Z",
            "yes_price": 69,
            "no_price": 31,
            "taker_side": "yes"
        },
        {
            "trade_id": "a4fae271-f415-4b46-b771-621af539e77d",
            "ticker": "HIGHAUS-24AUG17-B100.5",
            "count": 148,
            "created_time": "2024-08-16T19:10:31.196601Z",
            "yes_price": 67,
            "no_price": 33,
            "taker_side": "yes"
        },
        {
            "trade_id": "5628788d-b723-40b8-8841-f5e1614f6381",
            "ticker": "HIGHAUS-24AUG17-B100.5",
            "count": 72,
            "created_time": "2024-08-16T19:10:31.196601Z",
            "yes_price": 65,
            "no_price": 35,
            "taker_side": "yes"
        },
        {
            "trade_id": "0636e4e2-bbf2-4f01-bb96-e4d518d4a5d2",
            "ticker": "HIGHAUS-24AUG17-B100.5",
            "count": 1,
            "created_time": "2024-08-16T18:32:54.875322Z",
            "yes_price": 64,
            "no_price": 36,
            "taker_side": "yes"
        },
        {
            "trade_id": "e21115b9-2e86-4368-83d7-8c1e8edf6cc3",
            "ticker": "HIGHAUS-24AUG17-B100.5",
            "count": 86,
            "created_time": "2024-08-16T17:51:15.170612Z",
            "yes_price": 66,
            "no_price": 34,
            "taker_side": "yes"
        },
        {
            "trade_id": "09e7f0ad-f1f6-42e6-ae98-6877653a0db3",
            "ticker": "HIGHAUS-24AUG17-B100.5",
            "count": 18,
            "created_time": "2024-08-16T17:51:15.170612Z",
            "yes_price": 64,
            "no_price": 36,
            "taker_side": "yes"
        },
        {
            "trade_id": "da8b1ec1-6bb6-4e63-b618-07c0bc692bc8",
            "ticker": "HIGHAUS-24AUG17-B100.5",
            "count": 2,
            "created_time": "2024-08-16T16:54:56.483956Z",
            "yes_price": 72,
            "no_price": 28,
            "taker_side": "yes"
        },
        {
            "trade_id": "48fe2096-1d1e-4671-9196-62569ca1cbb6",
            "ticker": "HIGHAUS-24AUG17-B100.5",
            "count": 18,
            "created_time": "2024-08-16T16:54:46.015355Z",
            "yes_price": 70,
            "no_price": 30,
            "taker_side": "yes"
        },
        {
            "trade_id": "394c2628-7908-4a55-970a-1f8f35abfd05",
            "ticker": "HIGHAUS-24AUG17-B100.5",
            "count": 54,
            "created_time": "2024-08-16T15:21:50.358332Z",
            "yes_price": 61,
            "no_price": 39,
            "taker_side": "yes"
        },
        {
            "trade_id": "a5a82a1b-b22f-4ecf-91a2-4cef050ddde6",
            "ticker": "HIGHAUS-24AUG17-B100.5",
            "count": 36,
            "created_time": "2024-08-16T15:21:45.110196Z",
            "yes_price": 61,
            "no_price": 39,
            "taker_side": "no"
        },
        {
            "trade_id": "fe567b9d-f5c9-4bff-bc22-d0da619e2dd2",
            "ticker": "HIGHAUS-24AUG17-B100.5",
            "count": 36,
            "created_time": "2024-08-16T15:21:34.770742Z",
            "yes_price": 60,
            "no_price": 40,
            "taker_side": "yes"
        },
        {
            "trade_id": "ff879566-d158-4ee9-8653-931ff2890430",
            "ticker": "HIGHAUS-24AUG17-B100.5",
            "count": 108,
            "created_time": "2024-08-16T15:21:12.490913Z",
            "yes_price": 60,
            "no_price": 40,
            "taker_side": "yes"
        },
        {
            "trade_id": "bbb7ace5-18a4-451f-9c89-249e64285ddf",
            "ticker": "HIGHAUS-24AUG17-B100.5",
            "count": 72,
            "created_time": "2024-08-16T15:14:20.251073Z",
            "yes_price": 61,
            "no_price": 39,
            "taker_side": "yes"
        },
        {
            "trade_id": "67aaac71-a62c-49ab-8750-b5f92648409d",
            "ticker": "HIGHAUS-24AUG17-B100.5",
            "count": 180,
            "created_time": "2024-08-16T15:01:07.513567Z",
            "yes_price": 67,
            "no_price": 33,
            "taker_side": "yes"
        },
        {
            "trade_id": "053a8e22-5356-4fc4-b173-435de7273af9",
            "ticker": "HIGHAUS-24AUG17-B100.5",
            "count": 72,
            "created_time": "2024-08-16T15:01:07.513567Z",
            "yes_price": 65,
            "no_price": 35,
            "taker_side": "yes"
        },
        {
            "trade_id": "6f3482c4-999e-478f-84be-7d6755c77385",
            "ticker": "HIGHAUS-24AUG17-B100.5",
            "count": 36,
            "created_time": "2024-08-16T14:48:05.540125Z",
            "yes_price": 54,
            "no_price": 46,
            "taker_side": "yes"
        },
        {
            "trade_id": "1c51064e-4fd3-480d-9af8-045bb032a8cd",
            "ticker": "HIGHAUS-24AUG17-B100.5",
            "count": 180,
            "created_time": "2024-08-16T14:48:05.540125Z",
            "yes_price": 56,
            "no_price": 44,
            "taker_side": "yes"
        },
        {
            "trade_id": "05c948d7-e820-4498-8b58-f84ebac39b49",
            "ticker": "HIGHAUS-24AUG17-B100.5",
            "count": 180,
            "created_time": "2024-08-16T14:48:05.540125Z",
            "yes_price": 59,
            "no_price": 41,
            "taker_side": "yes"
        },
        {
            "trade_id": "86f00084-cfcc-4d7c-a6ed-4afaeed2e39b",
            "ticker": "HIGHAUS-24AUG17-B100.5",
            "count": 25,
            "created_time": "2024-08-16T14:47:46.044051Z",
            "yes_price": 53,
            "no_price": 47,
            "taker_side": "yes"
        },
        {
            "trade_id": "992b958b-964d-42ee-93af-cc751fdf963d",
            "ticker": "HIGHAUS-24AUG17-B100.5",
            "count": 12,
            "created_time": "2024-08-16T14:23:56.645465Z",
            "yes_price": 51,
            "no_price": 49,
            "taker_side": "yes"
        },
        {
            "trade_id": "89396481-d32e-4bad-a413-4849ff909446",
            "ticker": "HIGHAUS-24AUG17-B100.5",
            "count": 64,
            "created_time": "2024-08-16T14:22:17.686079Z",
            "yes_price": 52,
            "no_price": 48,
            "taker_side": "yes"
        },
        {
            "trade_id": "888770b9-cc37-41bf-a9be-cfd093588d65",
            "ticker": "HIGHAUS-24AUG17-B100.5",
            "count": 36,
            "created_time": "2024-08-16T14:22:17.686079Z",
            "yes_price": 50,
            "no_price": 50,
            "taker_side": "yes"
        },
        {
            "trade_id": "1d61df84-6e54-4a89-9df4-b1aa30f8db61",
            "ticker": "HIGHAUS-24AUG17-B100.5",
            "count": 18,
            "created_time": "2024-08-16T14:19:00.835757Z",
            "yes_price": 46,
            "no_price": 54,
            "taker_side": "yes"
        },
        {
            "trade_id": "d0927c59-a043-4619-a687-e6c70d7f599b",
            "ticker": "HIGHAUS-24AUG17-B100.5",
            "count": 54,
            "created_time": "2024-08-16T14:18:49.210994Z",
            "yes_price": 49,
            "no_price": 51,
            "taker_side": "yes"
        },
        {
            "trade_id": "ce6258b6-7f88-43f7-a368-80eeadaa9c77",
            "ticker": "HIGHAUS-24AUG17-B100.5",
            "count": 18,
            "created_time": "2024-08-16T14:17:36.879229Z",
            "yes_price": 52,
            "no_price": 48,
            "taker_side": "yes"
        },
        {
            "trade_id": "45b89612-efe2-4098-b2a8-8392293f4910",
            "ticker": "HIGHAUS-24AUG17-B100.5",
            "count": 72,
            "created_time": "2024-08-16T14:17:36.879229Z",
            "yes_price": 49,
            "no_price": 51,
            "taker_side": "yes"
        },
        {
            "trade_id": "acd7eebf-5182-414b-9b05-a29f94755bb0",
            "ticker": "HIGHAUS-24AUG17-B100.5",
            "count": 100,
            "created_time": "2024-08-16T14:17:23.262207Z",
            "yes_price": 48,
            "no_price": 52,
            "taker_side": "yes"
        },
        {
            "trade_id": "c71f1850-0258-4a40-b0ce-705b1e97c7b7",
            "ticker": "HIGHAUS-24AUG17-B100.5",
            "count": 54,
            "created_time": "2024-08-16T14:17:15.79744Z",
            "yes_price": 46,
            "no_price": 54,
            "taker_side": "yes"
        },
        {
            "trade_id": "bc7c6ade-fe3c-46f0-9cf7-e3890e8241e1",
            "ticker": "HIGHAUS-24AUG17-B100.5",
            "count": 80,
            "created_time": "2024-08-16T14:17:15.79744Z",
            "yes_price": 48,
            "no_price": 52,
            "taker_side": "yes"
        },
        {
            "trade_id": "cc6df7d7-8328-4c40-97e5-fab22a916073",
            "ticker": "HIGHAUS-24AUG17-B100.5",
            "count": 60,
            "created_time": "2024-08-16T14:15:22.996531Z",
            "yes_price": 49,
            "no_price": 51,
            "taker_side": "yes"
        },
        {
            "trade_id": "096388ef-6135-41a3-9e89-eae2a6e84fe2",
            "ticker": "HIGHAUS-24AUG17-B100.5",
            "count": 60,
            "created_time": "2024-08-16T14:15:22.996531Z",
            "yes_price": 47,
            "no_price": 53,
            "taker_side": "yes"
        },
        {
            "trade_id": "d9e867da-dec5-45a6-ab71-f5f12d122dfc",
            "ticker": "HIGHAUS-24AUG17-B100.5",
            "count": 24,
            "created_time": "2024-08-16T14:13:59.432205Z",
            "yes_price": 46,
            "no_price": 54,
            "taker_side": "yes"
        },
        {
            "trade_id": "ebb838ea-d233-4e23-81de-268a6acdfb8d",
            "ticker": "HIGHAUS-24AUG17-B100.5",
            "count": 180,
            "created_time": "2024-08-16T14:13:42.4555Z",
            "yes_price": 45,
            "no_price": 55,
            "taker_side": "yes"
        },
        {
            "trade_id": "b4dce894-a450-4141-83d1-5a0fc18f4606",
            "ticker": "HIGHAUS-24AUG17-B100.5",
            "count": 68,
            "created_time": "2024-08-16T14:13:42.4555Z",
            "yes_price": 44,
            "no_price": 56,
            "taker_side": "yes"
        },
        {
            "trade_id": "9761496f-fa97-4110-bca8-59c7353a85f1",
            "ticker": "HIGHAUS-24AUG17-B100.5",
            "count": 4,
            "created_time": "2024-08-16T14:13:37.839247Z",
            "yes_price": 44,
            "no_price": 56,
            "taker_side": "yes"
        },
        {
            "trade_id": "1e08d482-605f-44da-a3ff-94e9412e745f",
            "ticker": "HIGHAUS-24AUG17-B100.5",
            "count": 180,
            "created_time": "2024-08-16T14:13:23.404783Z",
            "yes_price": 43,
            "no_price": 57,
            "taker_side": "yes"
        },
        {
            "trade_id": "2e95a5e8-c205-4e14-b98b-8f191a7ba462",
            "ticker": "HIGHAUS-24AUG17-B100.5",
            "count": 72,
            "created_time": "2024-08-16T14:13:17.806655Z",
            "yes_price": 40,
            "no_price": 60,
            "taker_side": "yes"
        },
        {
            "trade_id": "e815ba9a-be3d-4997-a181-c90547887245",
            "ticker": "HIGHAUS-24AUG17-B100.5",
            "count": 90,
            "created_time": "2024-08-16T14:12:58.01951Z",
            "yes_price": 40,
            "no_price": 60,
            "taker_side": "yes"
        },
        {
            "trade_id": "0738df5a-3756-40f0-8a94-73bce272ed97",
            "ticker": "HIGHAUS-24AUG17-B100.5",
            "count": 90,
            "created_time": "2024-08-16T14:12:41.552261Z",
            "yes_price": 39,
            "no_price": 61,
            "taker_side": "yes"
        }
    ],
    "HIGHAUS-24AUG17-B102.5": [
        {
            "trade_id": "a00798ca-4ade-4e3a-8fa6-097b5b91a169",
            "ticker": "HIGHAUS-24AUG17-B102.5",
            "count": 6,
            "created_time": "2024-08-17T21:01:12.697656Z",
            "yes_price": 5,
            "no_price": 95,
            "taker_side": "yes"
        },
        {
            "trade_id": "a7f917d7-067e-4369-afa5-dd14cafbe23d",
            "ticker": "HIGHAUS-24AUG17-B102.5",
            "count": 50,
            "created_time": "2024-08-17T20:56:23.600577Z",
            "yes_price": 1,
            "no_price": 99,
            "taker_side": "no"
        },
        {
            "trade_id": "56275f49-0363-4378-9439-b25d9c3f013f",
            "ticker": "HIGHAUS-24AUG17-B102.5",
            "count": 300,
            "created_time": "2024-08-17T20:56:23.600577Z",
            "yes_price": 1,
            "no_price": 99,
            "taker_side": "no"
        },
        {
            "trade_id": "24e83ce2-fade-456d-8ecb-ef38cecae2e5",
            "ticker": "HIGHAUS-24AUG17-B102.5",
            "count": 18,
            "created_time": "2024-08-17T20:20:53.719469Z",
            "yes_price": 5,
            "no_price": 95,
            "taker_side": "yes"
        },
        {
            "trade_id": "fa92aea2-4685-4d03-9d9b-3b3b5e50e40e",
            "ticker": "HIGHAUS-24AUG17-B102.5",
            "count": 1,
            "created_time": "2024-08-17T19:32:08.00294Z",
            "yes_price": 5,
            "no_price": 95,
            "taker_side": "yes"
        },
        {
            "trade_id": "e7c689e0-8963-4925-9ba8-fa4552440093",
            "ticker": "HIGHAUS-24AUG17-B102.5",
            "count": 54,
            "created_time": "2024-08-17T14:45:35.517713Z",
            "yes_price": 2,
            "no_price": 98,
            "taker_side": "no"
        },
        {
            "trade_id": "d8cfceb1-708b-4d97-a947-3b40b0399bd3",
            "ticker": "HIGHAUS-24AUG17-B102.5",
            "count": 180,
            "created_time": "2024-08-17T14:45:35.517713Z",
            "yes_price": 3,
            "no_price": 97,
            "taker_side": "no"
        },
        {
            "trade_id": "a42461d8-6e63-44db-ae79-92d4c72dff50",
            "ticker": "HIGHAUS-24AUG17-B102.5",
            "count": 500,
            "created_time": "2024-08-17T14:45:35.517713Z",
            "yes_price": 3,
            "no_price": 97,
            "taker_side": "no"
        },
        {
            "trade_id": "5134edb4-2e0e-43a0-9afe-9d7e51ce00c7",
            "ticker": "HIGHAUS-24AUG17-B102.5",
            "count": 18,
            "created_time": "2024-08-17T14:45:35.517713Z",
            "yes_price": 4,
            "no_price": 96,
            "taker_side": "no"
        },
        {
            "trade_id": "2ed3a40f-3e47-40cd-b10b-287a6e017ad2",
            "ticker": "HIGHAUS-24AUG17-B102.5",
            "count": 162,
            "created_time": "2024-08-17T14:45:35.517713Z",
            "yes_price": 4,
            "no_price": 96,
            "taker_side": "no"
        },
        {
            "trade_id": "e40c906d-32f9-4f13-add5-00647ff6653d",
            "ticker": "HIGHAUS-24AUG17-B102.5",
            "count": 94,
            "created_time": "2024-08-17T13:19:03.24247Z",
            "yes_price": 10,
            "no_price": 90,
            "taker_side": "yes"
        },
        {
            "trade_id": "9c150033-e337-4c3c-a435-873da5e4907f",
            "ticker": "HIGHAUS-24AUG17-B102.5",
            "count": 9,
            "created_time": "2024-08-17T12:56:39.865144Z",
            "yes_price": 10,
            "no_price": 90,
            "taker_side": "yes"
        },
        {
            "trade_id": "9c1ab535-bb32-49bb-b907-4581b6e66943",
            "ticker": "HIGHAUS-24AUG17-B102.5",
            "count": 126,
            "created_time": "2024-08-17T00:19:04.272627Z",
            "yes_price": 6,
            "no_price": 94,
            "taker_side": "no"
        },
        {
            "trade_id": "62dbf624-ad7c-43cc-ae9f-42224c884b3e",
            "ticker": "HIGHAUS-24AUG17-B102.5",
            "count": 90,
            "created_time": "2024-08-17T00:18:44.445407Z",
            "yes_price": 10,
            "no_price": 90,
            "taker_side": "yes"
        },
        {
            "trade_id": "58675210-8b99-4f7e-9403-2e0f665f3e9f",
            "ticker": "HIGHAUS-24AUG17-B102.5",
            "count": 54,
            "created_time": "2024-08-17T00:18:35.251048Z",
            "yes_price": 9,
            "no_price": 91,
            "taker_side": "yes"
        },
        {
            "trade_id": "31fe9119-7592-44ff-a21b-2ef33335737e",
            "ticker": "HIGHAUS-24AUG17-B102.5",
            "count": 126,
            "created_time": "2024-08-17T00:18:35.251048Z",
            "yes_price": 10,
            "no_price": 90,
            "taker_side": "yes"
        },
        {
            "trade_id": "ca8d121f-b861-4a45-a284-7895a863c261",
            "ticker": "HIGHAUS-24AUG17-B102.5",
            "count": 72,
            "created_time": "2024-08-17T00:18:17.418714Z",
            "yes_price": 8,
            "no_price": 92,
            "taker_side": "yes"
        },
        {
            "trade_id": "63105abc-d9f0-4b6c-8271-e9c858bddcc8",
            "ticker": "HIGHAUS-24AUG17-B102.5",
            "count": 180,
            "created_time": "2024-08-17T00:18:17.418714Z",
            "yes_price": 9,
            "no_price": 91,
            "taker_side": "yes"
        },
        {
            "trade_id": "f0f1eb0e-4ee5-4f2f-a07b-2b466d61232f",
            "ticker": "HIGHAUS-24AUG17-B102.5",
            "count": 1,
            "created_time": "2024-08-16T18:16:29.469223Z",
            "yes_price": 11,
            "no_price": 89,
            "taker_side": "yes"
        },
        {
            "trade_id": "51356bc3-bff5-452c-b9d7-9876d7cd03aa",
            "ticker": "HIGHAUS-24AUG17-B102.5",
            "count": 162,
            "created_time": "2024-08-16T18:16:29.469223Z",
            "yes_price": 11,
            "no_price": 89,
            "taker_side": "yes"
        },
        {
            "trade_id": "2f98e014-8310-42d6-b225-c93ef03aac55",
            "ticker": "HIGHAUS-24AUG17-B102.5",
            "count": 2,
            "created_time": "2024-08-16T18:16:29.469223Z",
            "yes_price": 10,
            "no_price": 90,
            "taker_side": "yes"
        },
        {
            "trade_id": "13fa52ca-0375-494e-865d-0c9a8f1136e0",
            "ticker": "HIGHAUS-24AUG17-B102.5",
            "count": 1,
            "created_time": "2024-08-16T17:30:33.09293Z",
            "yes_price": 10,
            "no_price": 90,
            "taker_side": "yes"
        },
        {
            "trade_id": "4c964b81-e7da-4c7b-b2f2-47273852f171",
            "ticker": "HIGHAUS-24AUG17-B102.5",
            "count": 180,
            "created_time": "2024-08-16T15:21:23.302606Z",
            "yes_price": 11,
            "no_price": 89,
            "taker_side": "yes"
        },
        {
            "trade_id": "3af872b3-4434-4371-bdc0-0323883fdf73",
            "ticker": "HIGHAUS-24AUG17-B102.5",
            "count": 11,
            "created_time": "2024-08-16T15:21:23.302606Z",
            "yes_price": 11,
            "no_price": 89,
            "taker_side": "yes"
        },
        {
            "trade_id": "92df9a89-f739-4e32-bcdb-3a9a60e5da49",
            "ticker": "HIGHAUS-24AUG17-B102.5",
            "count": 180,
            "created_time": "2024-08-16T15:20:57.664571Z",
            "yes_price": 8,
            "no_price": 92,
            "taker_side": "yes"
        },
        {
            "trade_id": "71679cf8-2611-4cc7-83b9-1332c6810277",
            "ticker": "HIGHAUS-24AUG17-B102.5",
            "count": 180,
            "created_time": "2024-08-16T15:20:57.664571Z",
            "yes_price": 9,
            "no_price": 91,
            "taker_side": "yes"
        },
        {
            "trade_id": "6c049fa3-8bf7-4d74-9033-c414610fac7c",
            "ticker": "HIGHAUS-24AUG17-B102.5",
            "count": 180,
            "created_time": "2024-08-16T15:20:57.664571Z",
            "yes_price": 10,
            "no_price": 90,
            "taker_side": "yes"
        },
        {
            "trade_id": "33ee460a-1f41-47b0-a67a-ca7f9515e884",
            "ticker": "HIGHAUS-24AUG17-B102.5",
            "count": 199,
            "created_time": "2024-08-16T15:20:57.664571Z",
            "yes_price": 11,
            "no_price": 89,
            "taker_side": "yes"
        },
        {
            "trade_id": "fd019e4f-ca69-4c36-89e8-af8a81dd3c6f",
            "ticker": "HIGHAUS-24AUG17-B102.5",
            "count": 75,
            "created_time": "2024-08-16T14:24:57.324534Z",
            "yes_price": 9,
            "no_price": 91,
            "taker_side": "yes"
        },
        {
            "trade_id": "1f34a99f-379c-4bab-ba0c-611da1f88e10",
            "ticker": "HIGHAUS-24AUG17-B102.5",
            "count": 24,
            "created_time": "2024-08-16T14:21:27.259329Z",
            "yes_price": 5,
            "no_price": 95,
            "taker_side": "no"
        },
        {
            "trade_id": "1d8f30da-b8f7-446d-97cc-626f64e026a7",
            "ticker": "HIGHAUS-24AUG17-B102.5",
            "count": 180,
            "created_time": "2024-08-16T14:21:27.259329Z",
            "yes_price": 5,
            "no_price": 95,
            "taker_side": "no"
        },
        {
            "trade_id": "f058bd15-9d77-4faa-b052-53987baa059a",
            "ticker": "HIGHAUS-24AUG17-B102.5",
            "count": 20,
            "created_time": "2024-08-16T14:18:59.938587Z",
            "yes_price": 11,
            "no_price": 89,
            "taker_side": "yes"
        },
        {
            "trade_id": "aafab5d4-e0f0-403f-abf5-60d7d1bd1a3e",
            "ticker": "HIGHAUS-24AUG17-B102.5",
            "count": 54,
            "created_time": "2024-08-16T14:18:59.938587Z",
            "yes_price": 11,
            "no_price": 89,
            "taker_side": "yes"
        },
        {
            "trade_id": "37b269c2-6966-4c04-9aa7-ae0f26b47f6b",
            "ticker": "HIGHAUS-24AUG17-B102.5",
            "count": 10,
            "created_time": "2024-08-16T14:18:59.938587Z",
            "yes_price": 11,
            "no_price": 89,
            "taker_side": "yes"
        },
        {
            "trade_id": "65df9c09-cd40-4135-90f2-697db7b80efe",
            "ticker": "HIGHAUS-24AUG17-B102.5",
            "count": 4,
            "created_time": "2024-08-16T14:14:30.823643Z",
            "yes_price": 14,
            "no_price": 86,
            "taker_side": "yes"
        },
        {
            "trade_id": "d81977ad-3f39-4344-9661-284138340675",
            "ticker": "HIGHAUS-24AUG17-B102.5",
            "count": 10,
            "created_time": "2024-08-16T14:12:28.872415Z",
            "yes_price": 6,
            "no_price": 94,
            "taker_side": "yes"
        },
        {
            "trade_id": "b2de3d5d-db19-40b5-9ce1-a27d6c9e712d",
            "ticker": "HIGHAUS-24AUG17-B102.5",
            "count": 20,
            "created_time": "2024-08-16T14:12:28.872415Z",
            "yes_price": 11,
            "no_price": 89,
            "taker_side": "yes"
        },
        {
            "trade_id": "0e25c852-f719-4d04-974f-7cc3bb5c2dc2",
            "ticker": "HIGHAUS-24AUG17-B102.5",
            "count": 10,
            "created_time": "2024-08-16T14:12:28.872415Z",
            "yes_price": 10,
            "no_price": 90,
            "taker_side": "yes"
        }
    ],
    "HIGHAUS-24AUG17-T103": [
        {
            "trade_id": "52554616-e5d4-4761-8d53-6d346c631405",
            "ticker": "HIGHAUS-24AUG17-T103",
            "count": 50,
            "created_time": "2024-08-16T14:20:19.201626Z",
            "yes_price": 1,
            "no_price": 99,
            "taker_side": "no"
        }
    ]
}