{
    "HIGHAUS-24SEP25-T86": [
        {
            "trade_id": "5a6e1766-6e14-4034-bde1-7de624a6c018",
            "ticker": "HIGHAUS-24SEP25-T86",
            "count": 3,
            "created_time": "2024-09-24T17:47:26.808066Z",
            "yes_price": 1,
            "no_price": 99,
            "taker_side": "no"
        },
        {
            "trade_id": "1782d2c3-999d-4b2a-991f-435a1bd1b764",
            "ticker": "HIGHAUS-24SEP25-T86",
            "count": 50,
            "created_time": "2024-09-24T17:46:02.528021Z",
            "yes_price": 1,
            "no_price": 99,
            "taker_side": "no"
        }
    ],
    "HIGHAUS-24SEP25-B86.5": [
        {
            "trade_id": "31d7924a-7ff6-4070-8695-98b1ba61a58f",
            "ticker": "HIGHAUS-24SEP25-B86.5",
            "count": 50,
            "created_time": "2024-09-24T18:26:13.316678Z",
            "yes_price": 1,
            "no_price": 99,
            "taker_side": "no"
        }
    ],
    "HIGHAUS-24SEP25-B88.5": [
        {
            "trade_id": "958d2ad6-8561-4115-bb6d-c8501c0cd3bf",
            "ticker": "HIGHAUS-24SEP25-B88.5",
            "count": 50,
            "created_time": "2024-09-25T20:46:46.786876Z",
            "yes_price": 1,
            "no_price": 99,
            "taker_side": "yes"
        },
        {
            "trade_id": "923474cb-de42-48b8-ab81-042a3243ea3b",
            "ticker": "HIGHAUS-24SEP25-B88.5",
            "count": 223,
            "created_time": "2024-09-25T15:56:43.005714Z",
            "yes_price": 1,
            "no_price": 99,
            "taker_side": "no"
        },
        {
            "trade_id": "596b653b-9782-41a1-bbf6-537551bc36fe",
            "ticker": "HIGHAUS-24SEP25-B88.5",
            "count": 300,
            "created_time": "2024-09-25T15:56:43.005714Z",
            "yes_price": 1,
            "no_price": 99,
            "taker_side": "no"
        },
        {
            "trade_id": "194f6919-86b6-43b1-864e-6c5c046043b8",
            "ticker": "HIGHAUS-24SEP25-B88.5",
            "count": 3,
            "created_time": "2024-09-25T15:56:43.005714Z",
            "yes_price": 1,
            "no_price": 99,
            "taker_side": "no"
        },
        {
            "trade_id": "02bbfd15-7b70-4613-bbd9-1f7c517db279",
            "ticker": "HIGHAUS-24SEP25-B88.5",
            "count": 57,
            "created_time": "2024-09-25T13:58:25.482162Z",
            "yes_price": 1,
            "no_price": 99,
            "taker_side": "no"
        },
        {
            "trade_id": "45c1a81f-c67a-4d79-aae8-75907369388e",
            "ticker": "HIGHAUS-24SEP25-B88.5",
            "count": 5,
            "created_time": "2024-09-25T13:53:43.44978Z",
            "yes_price": 1,
            "no_price": 99,
            "taker_side": "no"
        },
        {
            "trade_id": "313a4da2-6ba2-474c-acd4-97a43b6433d3",
            "ticker": "HIGHAUS-24SEP25-B88.5",
            "count": 10,
            "created_time": "2024-09-25T13:53:43.346593Z",
            "yes_price": 1,
            "no_price": 99,
            "taker_side": "no"
        },
        {
            "trade_id": "cb168571-2e86-45ac-93f5-0ffd4f99c88d",
            "ticker": "HIGHAUS-24SEP25-B88.5",
            "count": 28,
            "created_time": "2024-09-25T13:28:17.042916Z",
            "yes_price": 1,
            "no_price": 99,
            "taker_side": "no"
        },
        {
            "trade_id": "b3809da0-d4cb-4727-a9ac-4ffca8b32fa5",
            "ticker": "HIGHAUS-24SEP25-B88.5",
            "count": 14,
            "created_time": "2024-09-25T13:28:00.383962Z",
            "yes_price": 1,
            "no_price": 99,
            "taker_side": "no"
        },
        {
            "trade_id": "be1fc33c-72c2-4f63-aad1-5a30868798e6",
            "ticker": "HIGHAUS-24SEP25-B88.5",
            "count": 24,
            "created_time": "2024-09-25T12:40:04.556905Z",
            "yes_price": 1,
            "no_price": 99,
            "taker_side": "no"
        },
        {
            "trade_id": "efd84487-bb97-4d6a-ae41-2395006fcbf1",
            "ticker": "HIGHAUS-24SEP25-B88.5",
            "count": 2,
            "created_time": "2024-09-25T12:40:04.437223Z",
            "yes_price": 1,
            "no_price": 99,
            "taker_side": "no"
        },
        {
            "trade_id": "fe877c58-6a7b-4655-af8f-9b833f2501b9",
            "ticker": "HIGHAUS-24SEP25-B88.5",
            "count": 2,
            "created_time": "2024-09-25T12:40:04.368178Z",
            "yes_price": 1,
            "no_price": 99,
            "taker_side": "no"
        },
        {
            "trade_id": "4464665a-b98c-4ffe-a1e6-77932029fb47",
            "ticker": "HIGHAUS-24SEP25-B88.5",
            "count": 5,
            "created_time": "2024-09-25T12:00:42.846724Z",
            "yes_price": 1,
            "no_price": 99,
            "taker_side": "no"
        },
        {
            "trade_id": "e7968ef1-b467-4e24-b272-d3ede1dece55",
            "ticker": "HIGHAUS-24SEP25-B88.5",
            "count": 130,
            "created_time": "2024-09-25T12:00:25.403276Z",
            "yes_price": 1,
            "no_price": 99,
            "taker_side": "no"
        },
        {
            "trade_id": "23b9b107-d759-4122-83c6-d546cf91afd3",
            "ticker": "HIGHAUS-24SEP25-B88.5",
            "count": 50,
            "created_time": "2024-09-25T12:00:25.403276Z",
            "yes_price": 1,
            "no_price": 99,
            "taker_side": "no"
        },
        {
            "trade_id": "71f81562-e857-4edb-b36d-a172306288fe",
            "ticker": "HIGHAUS-24SEP25-B88.5",
            "count": 18,
            "created_time": "2024-09-24T21:52:34.568573Z",
            "yes_price": 10,
            "no_price": 90,
            "taker_side": "yes"
        },
        {
            "trade_id": "143e062c-61da-49f0-816d-f302bb2ba48a",
            "ticker": "HIGHAUS-24SEP25-B88.5",
            "count": 3,
            "created_time": "2024-09-24T21:52:34.568573Z",
            "yes_price": 10,
            "no_price": 90,
            "taker_side": "yes"
        },
        {
            "trade_id": "26a7c6ac-d947-4893-9421-bec5efdbdcaf",
            "ticker": "HIGHAUS-24SEP25-B88.5",
            "count": 2,
            "created_time": "2024-09-24T21:38:56.738399Z",
            "yes_price": 10,
            "no_price": 90,
            "taker_side": "yes"
        },
        {
            "trade_id": "b07aaafc-7780-42f6-9868-c308c7e3cbf6",
            "ticker": "HIGHAUS-24SEP25-B88.5",
            "count": 6,
            "created_time": "2024-09-24T19:40:39.073069Z",
            "yes_price": 3,
            "no_price": 97,
            "taker_side": "yes"
        },
        {
            "trade_id": "807da56c-e8e3-472f-9ab2-97a752b486d5",
            "ticker": "HIGHAUS-24SEP25-B88.5",
            "count": 54,
            "created_time": "2024-09-24T19:40:39.043128Z",
            "yes_price": 3,
            "no_price": 97,
            "taker_side": "yes"
        },
        {
            "trade_id": "d81035a3-2a4e-481f-9731-5cdf0d60c0b5",
            "ticker": "HIGHAUS-24SEP25-B88.5",
            "count": 90,
            "created_time": "2024-09-24T18:27:10.024973Z",
            "yes_price": 6,
            "no_price": 94,
            "taker_side": "no"
        }
    ],
    "HIGHAUS-24SEP25-B90.5": [
        {
            "trade_id": "842f6c36-45ee-4f99-826c-d407ea23cd60",
            "ticker": "HIGHAUS-24SEP25-B90.5",
            "count": 18,
            "created_time": "2024-09-25T20:46:32.359594Z",
            "yes_price": 1,
            "no_price": 99,
            "taker_side": "yes"
        },
        {
            "trade_id": "e500348a-b87f-4760-927f-6c86ced6286a",
            "ticker": "HIGHAUS-24SEP25-B90.5",
            "count": 23,
            "created_time": "2024-09-25T18:23:52.645749Z",
            "yes_price": 1,
            "no_price": 99,
            "taker_side": "yes"
        },
        {
            "trade_id": "77b9627d-cca2-44d5-8dfe-91d46fcf1771",
            "ticker": "HIGHAUS-24SEP25-B90.5",
            "count": 34,
            "created_time": "2024-09-25T16:40:56.38664Z",
            "yes_price": 1,
            "no_price": 99,
            "taker_side": "no"
        },
        {
            "trade_id": "98946eb4-3a10-49b9-bc34-8c690e44e4de",
            "ticker": "HIGHAUS-24SEP25-B90.5",
            "count": 16,
            "created_time": "2024-09-25T16:39:09.74059Z",
            "yes_price": 1,
            "no_price": 99,
            "taker_side": "no"
        },
        {
            "trade_id": "5f231797-1589-4e26-8dfd-25c18b7ca154",
            "ticker": "HIGHAUS-24SEP25-B90.5",
            "count": 2,
            "created_time": "2024-09-25T15:08:14.23832Z",
            "yes_price": 6,
            "no_price": 94,
            "taker_side": "yes"
        },
        {
            "trade_id": "ca0c2ff8-0ab4-465e-afdf-1440f50a30ac",
            "ticker": "HIGHAUS-24SEP25-B90.5",
            "count": 2,
            "created_time": "2024-09-25T15:08:14.104892Z",
            "yes_price": 6,
            "no_price": 94,
            "taker_side": "yes"
        },
        {
            "trade_id": "82d60062-4075-42e5-9203-8ab689e54e6e",
            "ticker": "HIGHAUS-24SEP25-B90.5",
            "count": 3,
            "created_time": "2024-09-25T14:11:40.723915Z",
            "yes_price": 6,
            "no_price": 94,
            "taker_side": "yes"
        },
        {
            "trade_id": "2b2e4c41-46b8-4261-b4b9-dff021736de7",
            "ticker": "HIGHAUS-24SEP25-B90.5",
            "count": 1,
            "created_time": "2024-09-25T13:59:07.616432Z",
            "yes_price": 3,
            "no_price": 97,
            "taker_side": "no"
        },
        {
            "trade_id": "18b417da-c069-41d3-b158-28ca6c18e357",
            "ticker": "HIGHAUS-24SEP25-B90.5",
            "count": 300,
            "created_time": "2024-09-25T13:59:07.616432Z",
            "yes_price": 3,
            "no_price": 97,
            "taker_side": "no"
        },
        {
            "trade_id": "01d4932a-4092-4295-a02d-84a0e5f72a80",
            "ticker": "HIGHAUS-24SEP25-B90.5",
            "count": 57,
            "created_time": "2024-09-25T13:58:25.522438Z",
            "yes_price": 3,
            "no_price": 97,
            "taker_side": "no"
        },
        {
            "trade_id": "308b86ba-5744-4171-9c99-bbeb00a93fa1",
            "ticker": "HIGHAUS-24SEP25-B90.5",
            "count": 5,
            "created_time": "2024-09-25T13:53:43.450477Z",
            "yes_price": 3,
            "no_price": 97,
            "taker_side": "no"
        },
        {
            "trade_id": "0011b983-a984-4972-95a1-46c4970feb87",
            "ticker": "HIGHAUS-24SEP25-B90.5",
            "count": 10,
            "created_time": "2024-09-25T13:53:43.347628Z",
            "yes_price": 3,
            "no_price": 97,
            "taker_side": "no"
        },
        {
            "trade_id": "54ff3ce9-e75a-41c8-8822-e0642b6d6094",
            "ticker": "HIGHAUS-24SEP25-B90.5",
            "count": 10,
            "created_time": "2024-09-25T13:28:31.356119Z",
            "yes_price": 9,
            "no_price": 91,
            "taker_side": "yes"
        },
        {
            "trade_id": "e7add02b-9402-4d76-ab85-e7c8af6106df",
            "ticker": "HIGHAUS-24SEP25-B90.5",
            "count": 28,
            "created_time": "2024-09-25T13:28:17.053999Z",
            "yes_price": 3,
            "no_price": 97,
            "taker_side": "no"
        },
        {
            "trade_id": "a2eb2c81-d9c7-470a-8605-fd0758a9f26d",
            "ticker": "HIGHAUS-24SEP25-B90.5",
            "count": 90,
            "created_time": "2024-09-25T13:28:06.836719Z",
            "yes_price": 3,
            "no_price": 97,
            "taker_side": "no"
        },
        {
            "trade_id": "1b56eb8d-8b39-414f-90b9-d474164ade02",
            "ticker": "HIGHAUS-24SEP25-B90.5",
            "count": 14,
            "created_time": "2024-09-25T13:28:00.385041Z",
            "yes_price": 3,
            "no_price": 97,
            "taker_side": "no"
        },
        {
            "trade_id": "44676a5c-bf25-4ed9-94d9-5f082603a4f3",
            "ticker": "HIGHAUS-24SEP25-B90.5",
            "count": 10,
            "created_time": "2024-09-25T13:27:51.532301Z",
            "yes_price": 3,
            "no_price": 97,
            "taker_side": "no"
        },
        {
            "trade_id": "ea3c0e35-35ae-40bf-a6b5-4d2a22191e40",
            "ticker": "HIGHAUS-24SEP25-B90.5",
            "count": 24,
            "created_time": "2024-09-25T12:40:04.56107Z",
            "yes_price": 3,
            "no_price": 97,
            "taker_side": "no"
        },
        {
            "trade_id": "edba82f5-7a0f-4230-9652-48680f769ecd",
            "ticker": "HIGHAUS-24SEP25-B90.5",
            "count": 2,
            "created_time": "2024-09-25T12:40:04.438125Z",
            "yes_price": 3,
            "no_price": 97,
            "taker_side": "no"
        },
        {
            "trade_id": "1f8ab7a4-f952-4290-a9cc-7e4bc5d8ab3f",
            "ticker": "HIGHAUS-24SEP25-B90.5",
            "count": 2,
            "created_time": "2024-09-25T12:40:04.369224Z",
            "yes_price": 3,
            "no_price": 97,
            "taker_side": "no"
        },
        {
            "trade_id": "b617b31d-4a7b-4ad5-bc7f-ea581fae3d9e",
            "ticker": "HIGHAUS-24SEP25-B90.5",
            "count": 5,
            "created_time": "2024-09-25T12:00:42.853324Z",
            "yes_price": 3,
            "no_price": 97,
            "taker_side": "no"
        },
        {
            "trade_id": "db3d2b59-98bb-4a00-bce3-4a70f9ae5447",
            "ticker": "HIGHAUS-24SEP25-B90.5",
            "count": 72,
            "created_time": "2024-09-25T12:00:25.518Z",
            "yes_price": 3,
            "no_price": 97,
            "taker_side": "no"
        },
        {
            "trade_id": "52948b59-7369-4c96-8246-571fe34ef6de",
            "ticker": "HIGHAUS-24SEP25-B90.5",
            "count": 180,
            "created_time": "2024-09-25T12:00:25.349564Z",
            "yes_price": 3,
            "no_price": 97,
            "taker_side": "no"
        },
        {
            "trade_id": "bdd8fb5e-5523-4a6d-8bfa-65b827cfa4c6",
            "ticker": "HIGHAUS-24SEP25-B90.5",
            "count": 12,
            "created_time": "2024-09-25T03:06:44.755155Z",
            "yes_price": 13,
            "no_price": 87,
            "taker_side": "no"
        },
        {
            "trade_id": "a07d4f9b-4501-4439-bb75-49493c455175",
            "ticker": "HIGHAUS-24SEP25-B90.5",
            "count": 4,
            "created_time": "2024-09-25T03:06:44.755155Z",
            "yes_price": 11,
            "no_price": 89,
            "taker_side": "no"
        },
        {
            "trade_id": "41db2ebe-5d45-4e99-b85a-1f6d070f03ab",
            "ticker": "HIGHAUS-24SEP25-B90.5",
            "count": 6,
            "created_time": "2024-09-25T03:06:44.755155Z",
            "yes_price": 11,
            "no_price": 89,
            "taker_side": "no"
        },
        {
            "trade_id": "353fc2ad-9dc5-4349-b797-0611046e1fc7",
            "ticker": "HIGHAUS-24SEP25-B90.5",
            "count": 1,
            "created_time": "2024-09-25T03:06:44.755155Z",
            "yes_price": 15,
            "no_price": 85,
            "taker_side": "no"
        },
        {
            "trade_id": "08111991-e3fd-4e4f-b646-91ef1f15a7d2",
            "ticker": "HIGHAUS-24SEP25-B90.5",
            "count": 5,
            "created_time": "2024-09-25T02:36:01.41741Z",
            "yes_price": 15,
            "no_price": 85,
            "taker_side": "no"
        },
        {
            "trade_id": "00272854-e216-43b2-9aca-c128a32594a3",
            "ticker": "HIGHAUS-24SEP25-B90.5",
            "count": 27,
            "created_time": "2024-09-25T02:20:19.188297Z",
            "yes_price": 17,
            "no_price": 83,
            "taker_side": "yes"
        },
        {
            "trade_id": "58030b65-204b-48b0-9871-5508f3a8abe6",
            "ticker": "HIGHAUS-24SEP25-B90.5",
            "count": 17,
            "created_time": "2024-09-25T00:47:01.459009Z",
            "yes_price": 20,
            "no_price": 80,
            "taker_side": "yes"
        },
        {
            "trade_id": "41820b22-c359-4dae-af6d-23b08aa2a3b1",
            "ticker": "HIGHAUS-24SEP25-B90.5",
            "count": 3,
            "created_time": "2024-09-25T00:47:01.459009Z",
            "yes_price": 20,
            "no_price": 80,
            "taker_side": "yes"
        },
        {
            "trade_id": "3f129575-5701-44f5-ba16-8824a3c90b8d",
            "ticker": "HIGHAUS-24SEP25-B90.5",
            "count": 72,
            "created_time": "2024-09-24T23:38:48.084907Z",
            "yes_price": 14,
            "no_price": 86,
            "taker_side": "no"
        },
        {
            "trade_id": "1b7a1ab5-4875-47a3-9bbb-b355159e9b55",
            "ticker": "HIGHAUS-24SEP25-B90.5",
            "count": 4,
            "created_time": "2024-09-24T23:38:48.084907Z",
            "yes_price": 15,
            "no_price": 85,
            "taker_side": "no"
        },
        {
            "trade_id": "22699871-6511-4466-9d97-c05fafb8a716",
            "ticker": "HIGHAUS-24SEP25-B90.5",
            "count": 7,
            "created_time": "2024-09-24T22:40:36.667187Z",
            "yes_price": 19,
            "no_price": 81,
            "taker_side": "no"
        },
        {
            "trade_id": "4977f571-bd61-4d70-bea6-032194da0647",
            "ticker": "HIGHAUS-24SEP25-B90.5",
            "count": 18,
            "created_time": "2024-09-24T22:40:17.165207Z",
            "yes_price": 19,
            "no_price": 81,
            "taker_side": "yes"
        },
        {
            "trade_id": "16346641-b963-4436-9896-431c50bad6b5",
            "ticker": "HIGHAUS-24SEP25-B90.5",
            "count": 1,
            "created_time": "2024-09-24T22:09:13.568053Z",
            "yes_price": 20,
            "no_price": 80,
            "taker_side": "yes"
        },
        {
            "trade_id": "4eb6d9b0-382b-4651-adfb-713449979c71",
            "ticker": "HIGHAUS-24SEP25-B90.5",
            "count": 1,
            "created_time": "2024-09-24T22:09:03.903891Z",
            "yes_price": 20,
            "no_price": 80,
            "taker_side": "yes"
        },
        {
            "trade_id": "c74aef6d-15e6-4ac8-9fd7-aee9ce7dabba",
            "ticker": "HIGHAUS-24SEP25-B90.5",
            "count": 2,
            "created_time": "2024-09-24T22:08:53.575686Z",
            "yes_price": 20,
            "no_price": 80,
            "taker_side": "yes"
        },
        {
            "trade_id": "0b40c61a-dcc0-4824-a488-e269d5891f86",
            "ticker": "HIGHAUS-24SEP25-B90.5",
            "count": 4,
            "created_time": "2024-09-24T22:08:44.176057Z",
            "yes_price": 19,
            "no_price": 81,
            "taker_side": "yes"
        },
        {
            "trade_id": "0564dfab-a663-44e6-b1a4-0d39f20a36d9",
            "ticker": "HIGHAUS-24SEP25-B90.5",
            "count": 7,
            "created_time": "2024-09-24T22:08:42.831959Z",
            "yes_price": 20,
            "no_price": 80,
            "taker_side": "no"
        },
        {
            "trade_id": "1f01e549-236a-4173-afad-cbf108e88bf8",
            "ticker": "HIGHAUS-24SEP25-B90.5",
            "count": 2,
            "created_time": "2024-09-24T21:38:40.795625Z",
            "yes_price": 24,
            "no_price": 76,
            "taker_side": "yes"
        },
        {
            "trade_id": "0a58263d-ffba-409c-bc76-bda55fdf5354",
            "ticker": "HIGHAUS-24SEP25-B90.5",
            "count": 14,
            "created_time": "2024-09-24T21:09:59.727105Z",
            "yes_price": 20,
            "no_price": 80,
            "taker_side": "no"
        },
        {
            "trade_id": "05285d4d-735a-4e4f-93de-1a75da8f1880",
            "ticker": "HIGHAUS-24SEP25-B90.5",
            "count": 16,
            "created_time": "2024-09-24T21:09:59.727105Z",
            "yes_price": 17,
            "no_price": 83,
            "taker_side": "no"
        },
        {
            "trade_id": "25b6a0d2-8169-4202-88a2-3001a4fdfff7",
            "ticker": "HIGHAUS-24SEP25-B90.5",
            "count": 24,
            "created_time": "2024-09-24T20:50:37.185764Z",
            "yes_price": 20,
            "no_price": 80,
            "taker_side": "no"
        },
        {
            "trade_id": "b984c2c0-b5f3-410b-ad39-ffa0bc424e45",
            "ticker": "HIGHAUS-24SEP25-B90.5",
            "count": 180,
            "created_time": "2024-09-24T20:45:02.66623Z",
            "yes_price": 21,
            "no_price": 79,
            "taker_side": "no"
        },
        {
            "trade_id": "0f967d22-4728-4016-9ddc-e6441d12e621",
            "ticker": "HIGHAUS-24SEP25-B90.5",
            "count": 54,
            "created_time": "2024-09-24T20:45:02.66623Z",
            "yes_price": 23,
            "no_price": 77,
            "taker_side": "no"
        },
        {
            "trade_id": "bac92d97-5815-451e-ad1d-ed43ffe3b9fb",
            "ticker": "HIGHAUS-24SEP25-B90.5",
            "count": 54,
            "created_time": "2024-09-24T20:44:35.795706Z",
            "yes_price": 27,
            "no_price": 73,
            "taker_side": "no"
        },
        {
            "trade_id": "4382f532-389e-4c12-9780-76d20792da0b",
            "ticker": "HIGHAUS-24SEP25-B90.5",
            "count": 180,
            "created_time": "2024-09-24T20:44:35.795706Z",
            "yes_price": 23,
            "no_price": 77,
            "taker_side": "no"
        },
        {
            "trade_id": "30beab8d-ea7e-4ba9-9fe2-e6109c5ac4fe",
            "ticker": "HIGHAUS-24SEP25-B90.5",
            "count": 180,
            "created_time": "2024-09-24T20:44:35.795706Z",
            "yes_price": 25,
            "no_price": 75,
            "taker_side": "no"
        },
        {
            "trade_id": "468a0cd6-d41e-4c4e-873a-169065918603",
            "ticker": "HIGHAUS-24SEP25-B90.5",
            "count": 53,
            "created_time": "2024-09-24T20:30:01.857463Z",
            "yes_price": 28,
            "no_price": 72,
            "taker_side": "no"
        },
        {
            "trade_id": "79edb792-6217-4d2d-a181-24086715a859",
            "ticker": "HIGHAUS-24SEP25-B90.5",
            "count": 3,
            "created_time": "2024-09-24T20:09:02.254643Z",
            "yes_price": 34,
            "no_price": 66,
            "taker_side": "no"
        },
        {
            "trade_id": "fd88ce73-9506-42fb-9f70-a7645150ee50",
            "ticker": "HIGHAUS-24SEP25-B90.5",
            "count": 36,
            "created_time": "2024-09-24T19:24:11.633229Z",
            "yes_price": 33,
            "no_price": 67,
            "taker_side": "no"
        },
        {
            "trade_id": "4d00595d-d91a-48a6-9ab1-1b3b76d872cb",
            "ticker": "HIGHAUS-24SEP25-B90.5",
            "count": 3,
            "created_time": "2024-09-24T19:24:11.633229Z",
            "yes_price": 33,
            "no_price": 67,
            "taker_side": "no"
        },
        {
            "trade_id": "79171889-30d0-4922-8182-db744c1ba5d3",
            "ticker": "HIGHAUS-24SEP25-B90.5",
            "count": 9,
            "created_time": "2024-09-24T18:43:35.100198Z",
            "yes_price": 43,
            "no_price": 57,
            "taker_side": "no"
        },
        {
            "trade_id": "7384648b-5529-4859-a075-8b89ee4105f5",
            "ticker": "HIGHAUS-24SEP25-B90.5",
            "count": 1,
            "created_time": "2024-09-24T18:35:26.801091Z",
            "yes_price": 43,
            "no_price": 57,
            "taker_side": "no"
        },
        {
            "trade_id": "f221b624-f31b-462f-ba7b-8a51f47d1c6a",
            "ticker": "HIGHAUS-24SEP25-B90.5",
            "count": 1,
            "created_time": "2024-09-24T17:30:27.51899Z",
            "yes_price": 28,
            "no_price": 72,
            "taker_side": "no"
        },
        {
            "trade_id": "1aee9d3a-6e75-4363-bf38-c5e2b617e1b0",
            "ticker": "HIGHAUS-24SEP25-B90.5",
            "count": 3,
            "created_time": "2024-09-24T17:08:36.958132Z",
            "yes_price": 15,
            "no_price": 85,
            "taker_side": "yes"
        }
    ],
    "HIGHAUS-24SEP25-B92.5": [
        {
            "trade_id": "a11634b4-9617-4b21-b262-b9088e103307",
            "ticker": "HIGHAUS-24SEP25-B92.5",
            "count": 93,
            "created_time": "2024-09-26T02:16:15.394058Z",
            "yes_price": 1,
            "no_price": 99,
            "taker_side": "yes"
        },
        {
            "trade_id": "e11be9db-e99b-4609-b79b-748b65063b80",
            "ticker": "HIGHAUS-24SEP25-B92.5",
            "count": 70,
            "created_time": "2024-09-25T21:59:18.682772Z",
            "yes_price": 1,
            "no_price": 99,
            "taker_side": "yes"
        },
        {
            "trade_id": "2276027b-3608-4bff-bca2-7f89882ce4dc",
            "ticker": "HIGHAUS-24SEP25-B92.5",
            "count": 50,
            "created_time": "2024-09-25T20:46:14.1004Z",
            "yes_price": 1,
            "no_price": 99,
            "taker_side": "yes"
        },
        {
            "trade_id": "30fd78b3-ccfe-4740-96fe-957a4aa03d5a",
            "ticker": "HIGHAUS-24SEP25-B92.5",
            "count": 293,
            "created_time": "2024-09-25T17:54:55.785309Z",
            "yes_price": 1,
            "no_price": 99,
            "taker_side": "yes"
        },
        {
            "trade_id": "11a00a52-2ad3-44fc-b3e1-ee8b4efdb800",
            "ticker": "HIGHAUS-24SEP25-B92.5",
            "count": 1,
            "created_time": "2024-09-25T17:46:55.563997Z",
            "yes_price": 1,
            "no_price": 99,
            "taker_side": "no"
        },
        {
            "trade_id": "f480b761-5b5b-45bc-9c69-4531c214c67a",
            "ticker": "HIGHAUS-24SEP25-B92.5",
            "count": 50,
            "created_time": "2024-09-25T17:46:28.156705Z",
            "yes_price": 1,
            "no_price": 99,
            "taker_side": "no"
        },
        {
            "trade_id": "b485c61c-79d5-40b5-82ed-489015831650",
            "ticker": "HIGHAUS-24SEP25-B92.5",
            "count": 499,
            "created_time": "2024-09-25T17:46:28.156705Z",
            "yes_price": 1,
            "no_price": 99,
            "taker_side": "no"
        },
        {
            "trade_id": "27e88cea-d5db-4388-9396-2bf42acfc5e7",
            "ticker": "HIGHAUS-24SEP25-B92.5",
            "count": 433,
            "created_time": "2024-09-25T17:46:28.156705Z",
            "yes_price": 3,
            "no_price": 97,
            "taker_side": "no"
        },
        {
            "trade_id": "dfe175d0-f963-4c45-9847-e53779d3e725",
            "ticker": "HIGHAUS-24SEP25-B92.5",
            "count": 50,
            "created_time": "2024-09-25T17:17:17.309474Z",
            "yes_price": 3,
            "no_price": 97,
            "taker_side": "no"
        },
        {
            "trade_id": "e1deb09d-a17e-444e-9ce6-dd4e95f9a208",
            "ticker": "HIGHAUS-24SEP25-B92.5",
            "count": 17,
            "created_time": "2024-09-25T17:12:55.881724Z",
            "yes_price": 3,
            "no_price": 97,
            "taker_side": "no"
        },
        {
            "trade_id": "aca91716-768c-4414-b173-a5e2810b1223",
            "ticker": "HIGHAUS-24SEP25-B92.5",
            "count": 293,
            "created_time": "2024-09-25T16:06:40.87896Z",
            "yes_price": 11,
            "no_price": 89,
            "taker_side": "no"
        },
        {
            "trade_id": "70c5dd2b-aa14-4f2a-b553-ca7b224fa086",
            "ticker": "HIGHAUS-24SEP25-B92.5",
            "count": 20,
            "created_time": "2024-09-25T14:48:24.225146Z",
            "yes_price": 44,
            "no_price": 56,
            "taker_side": "yes"
        },
        {
            "trade_id": "e7e310ff-615e-421d-a9b3-2afaacfaeb00",
            "ticker": "HIGHAUS-24SEP25-B92.5",
            "count": 21,
            "created_time": "2024-09-25T14:22:12.007966Z",
            "yes_price": 37,
            "no_price": 63,
            "taker_side": "yes"
        },
        {
            "trade_id": "1b493eec-fea3-485b-be92-7f60ec2b7d97",
            "ticker": "HIGHAUS-24SEP25-B92.5",
            "count": 18,
            "created_time": "2024-09-25T14:22:12.007966Z",
            "yes_price": 35,
            "no_price": 65,
            "taker_side": "yes"
        },
        {
            "trade_id": "7eda7aa6-3680-48b6-8f60-a32ee8f083d2",
            "ticker": "HIGHAUS-24SEP25-B92.5",
            "count": 3,
            "created_time": "2024-09-25T13:58:25.55116Z",
            "yes_price": 28,
            "no_price": 72,
            "taker_side": "no"
        },
        {
            "trade_id": "0c976fe4-adc5-4af3-b4a2-19892732c8dc",
            "ticker": "HIGHAUS-24SEP25-B92.5",
            "count": 54,
            "created_time": "2024-09-25T13:58:25.55116Z",
            "yes_price": 28,
            "no_price": 72,
            "taker_side": "no"
        },
        {
            "trade_id": "a45443ed-ffc5-4c56-a276-da1d5ca04332",
            "ticker": "HIGHAUS-24SEP25-B92.5",
            "count": 5,
            "created_time": "2024-09-25T13:53:43.355383Z",
            "yes_price": 35,
            "no_price": 65,
            "taker_side": "no"
        },
        {
            "trade_id": "dd236822-3462-4c6f-935a-cf4198b9675e",
            "ticker": "HIGHAUS-24SEP25-B92.5",
            "count": 10,
            "created_time": "2024-09-25T13:53:43.272306Z",
            "yes_price": 35,
            "no_price": 65,
            "taker_side": "yes"
        },
        {
            "trade_id": "eb4db571-a94e-464c-9eb3-efb19883d948",
            "ticker": "HIGHAUS-24SEP25-B92.5",
            "count": 28,
            "created_time": "2024-09-25T13:28:16.967712Z",
            "yes_price": 34,
            "no_price": 66,
            "taker_side": "yes"
        },
        {
            "trade_id": "b6b8f2ab-c3c9-4b78-8b13-897907524121",
            "ticker": "HIGHAUS-24SEP25-B92.5",
            "count": 14,
            "created_time": "2024-09-25T13:28:00.312315Z",
            "yes_price": 34,
            "no_price": 66,
            "taker_side": "yes"
        },
        {
            "trade_id": "f1f02d44-99e4-4328-ae38-21f9fbe1bc02",
            "ticker": "HIGHAUS-24SEP25-B92.5",
            "count": 2,
            "created_time": "2024-09-25T12:40:09.573356Z",
            "yes_price": 21,
            "no_price": 79,
            "taker_side": "yes"
        },
        {
            "trade_id": "ae0a2009-9d21-4fb6-88b9-899bd6389592",
            "ticker": "HIGHAUS-24SEP25-B92.5",
            "count": 24,
            "created_time": "2024-09-25T12:40:04.459783Z",
            "yes_price": 20,
            "no_price": 80,
            "taker_side": "no"
        },
        {
            "trade_id": "fee5f0b5-d682-420f-a33b-c3186bb74a6f",
            "ticker": "HIGHAUS-24SEP25-B92.5",
            "count": 2,
            "created_time": "2024-09-25T12:40:04.380508Z",
            "yes_price": 21,
            "no_price": 79,
            "taker_side": "no"
        },
        {
            "trade_id": "871bcdcc-7694-4c68-ba38-4e17bc60dd59",
            "ticker": "HIGHAUS-24SEP25-B92.5",
            "count": 25,
            "created_time": "2024-09-25T12:25:16.181868Z",
            "yes_price": 26,
            "no_price": 74,
            "taker_side": "yes"
        },
        {
            "trade_id": "47d96095-c342-49ad-a4be-27dcd1a2005c",
            "ticker": "HIGHAUS-24SEP25-B92.5",
            "count": 5,
            "created_time": "2024-09-25T12:00:42.846101Z",
            "yes_price": 12,
            "no_price": 88,
            "taker_side": "no"
        },
        {
            "trade_id": "ec1e4c0b-8b44-4b5e-bdf2-4d92dedfee8c",
            "ticker": "HIGHAUS-24SEP25-B92.5",
            "count": 72,
            "created_time": "2024-09-25T12:00:25.536551Z",
            "yes_price": 20,
            "no_price": 80,
            "taker_side": "no"
        },
        {
            "trade_id": "5da75379-b7a8-42e3-8448-a3ac09b97f3a",
            "ticker": "HIGHAUS-24SEP25-B92.5",
            "count": 180,
            "created_time": "2024-09-25T12:00:25.402369Z",
            "yes_price": 20,
            "no_price": 80,
            "taker_side": "no"
        },
        {
            "trade_id": "ef72c612-8236-42c2-96b0-07c8a8158b89",
            "ticker": "HIGHAUS-24SEP25-B92.5",
            "count": 4,
            "created_time": "2024-09-25T12:00:25.235232Z",
            "yes_price": 21,
            "no_price": 79,
            "taker_side": "no"
        },
        {
            "trade_id": "dff78ded-28e3-48bf-a4fc-51d94d6fc8b6",
            "ticker": "HIGHAUS-24SEP25-B92.5",
            "count": 4,
            "created_time": "2024-09-25T12:00:25.235232Z",
            "yes_price": 31,
            "no_price": 69,
            "taker_side": "no"
        },
        {
            "trade_id": "b916f943-de21-4ad4-80b2-535456531ca9",
            "ticker": "HIGHAUS-24SEP25-B92.5",
            "count": 24,
            "created_time": "2024-09-25T12:00:25.235232Z",
            "yes_price": 31,
            "no_price": 69,
            "taker_side": "no"
        },
        {
            "trade_id": "99764e87-bc49-42f3-8c39-d05ab8280076",
            "ticker": "HIGHAUS-24SEP25-B92.5",
            "count": 148,
            "created_time": "2024-09-25T12:00:25.235232Z",
            "yes_price": 20,
            "no_price": 80,
            "taker_side": "no"
        },
        {
            "trade_id": "4b8b4f2c-5c1f-42f6-b2fa-5ecc70b437b2",
            "ticker": "HIGHAUS-24SEP25-B92.5",
            "count": 6,
            "created_time": "2024-09-25T12:00:25.213387Z",
            "yes_price": 31,
            "no_price": 69,
            "taker_side": "no"
        },
        {
            "trade_id": "36fe99d7-7dca-414d-87ca-9c53ede58468",
            "ticker": "HIGHAUS-24SEP25-B92.5",
            "count": 174,
            "created_time": "2024-09-25T12:00:25.213387Z",
            "yes_price": 31,
            "no_price": 69,
            "taker_side": "no"
        },
        {
            "trade_id": "1b41a3ae-30f8-489d-a348-fbe4169771ec",
            "ticker": "HIGHAUS-24SEP25-B92.5",
            "count": 126,
            "created_time": "2024-09-25T12:00:25.19118Z",
            "yes_price": 31,
            "no_price": 69,
            "taker_side": "no"
        },
        {
            "trade_id": "063ccc33-57ea-4e4b-932c-1f1d1e5b4dc6",
            "ticker": "HIGHAUS-24SEP25-B92.5",
            "count": 3,
            "created_time": "2024-09-25T03:08:33.257524Z",
            "yes_price": 39,
            "no_price": 61,
            "taker_side": "yes"
        },
        {
            "trade_id": "f1106794-0e94-417f-b5f8-99b510f2d660",
            "ticker": "HIGHAUS-24SEP25-B92.5",
            "count": 4,
            "created_time": "2024-09-25T01:29:34.352088Z",
            "yes_price": 37,
            "no_price": 63,
            "taker_side": "yes"
        },
        {
            "trade_id": "3a343f3a-1a70-49b5-98ee-8ba516663b06",
            "ticker": "HIGHAUS-24SEP25-B92.5",
            "count": 36,
            "created_time": "2024-09-25T01:29:34.352088Z",
            "yes_price": 38,
            "no_price": 62,
            "taker_side": "yes"
        },
        {
            "trade_id": "23007793-4589-4127-bd36-926e34b9f876",
            "ticker": "HIGHAUS-24SEP25-B92.5",
            "count": 2,
            "created_time": "2024-09-24T21:38:48.681294Z",
            "yes_price": 44,
            "no_price": 56,
            "taker_side": "yes"
        },
        {
            "trade_id": "a370881d-f7e7-484f-8f5e-3d240dba9639",
            "ticker": "HIGHAUS-24SEP25-B92.5",
            "count": 89,
            "created_time": "2024-09-24T21:10:06.199412Z",
            "yes_price": 43,
            "no_price": 57,
            "taker_side": "yes"
        },
        {
            "trade_id": "5740e6a9-31ba-4a2e-a3f6-17cf74047a8a",
            "ticker": "HIGHAUS-24SEP25-B92.5",
            "count": 18,
            "created_time": "2024-09-24T21:10:06.199412Z",
            "yes_price": 40,
            "no_price": 60,
            "taker_side": "yes"
        },
        {
            "trade_id": "49cb0e76-4480-4aeb-945f-05cb2f214ca9",
            "ticker": "HIGHAUS-24SEP25-B92.5",
            "count": 3,
            "created_time": "2024-09-24T21:10:06.199412Z",
            "yes_price": 40,
            "no_price": 60,
            "taker_side": "yes"
        },
        {
            "trade_id": "8246bbbb-fb60-4586-b7af-a058fe77ba33",
            "ticker": "HIGHAUS-24SEP25-B92.5",
            "count": 10,
            "created_time": "2024-09-24T19:54:23.659225Z",
            "yes_price": 34,
            "no_price": 66,
            "taker_side": "no"
        },
        {
            "trade_id": "e3c96743-87bd-4c72-a998-d8001d6318f5",
            "ticker": "HIGHAUS-24SEP25-B92.5",
            "count": 18,
            "created_time": "2024-09-24T19:53:39.334371Z",
            "yes_price": 35,
            "no_price": 65,
            "taker_side": "no"
        },
        {
            "trade_id": "393a9ff2-d557-45e8-bf96-1954eef06054",
            "ticker": "HIGHAUS-24SEP25-B92.5",
            "count": 4,
            "created_time": "2024-09-24T19:52:19.901315Z",
            "yes_price": 32,
            "no_price": 68,
            "taker_side": "no"
        },
        {
            "trade_id": "118b232c-c482-4389-90c6-43011b23d7d4",
            "ticker": "HIGHAUS-24SEP25-B92.5",
            "count": 90,
            "created_time": "2024-09-24T19:49:32.290093Z",
            "yes_price": 38,
            "no_price": 62,
            "taker_side": "no"
        },
        {
            "trade_id": "c9701992-3319-4b18-bc73-27ebd4ec4de1",
            "ticker": "HIGHAUS-24SEP25-B92.5",
            "count": 90,
            "created_time": "2024-09-24T19:49:22.756923Z",
            "yes_price": 37,
            "no_price": 63,
            "taker_side": "no"
        },
        {
            "trade_id": "674c606e-d0d5-44dc-a94f-2474f700d52d",
            "ticker": "HIGHAUS-24SEP25-B92.5",
            "count": 90,
            "created_time": "2024-09-24T19:49:12.922007Z",
            "yes_price": 36,
            "no_price": 64,
            "taker_side": "no"
        },
        {
            "trade_id": "acd236f9-67ab-4182-862f-1d3d81f9fd76",
            "ticker": "HIGHAUS-24SEP25-B92.5",
            "count": 54,
            "created_time": "2024-09-24T19:49:02.271537Z",
            "yes_price": 35,
            "no_price": 65,
            "taker_side": "yes"
        },
        {
            "trade_id": "cd9f8bba-f2b2-4ba3-8c36-ecfb58225540",
            "ticker": "HIGHAUS-24SEP25-B92.5",
            "count": 18,
            "created_time": "2024-09-24T19:23:18.810935Z",
            "yes_price": 37,
            "no_price": 63,
            "taker_side": "no"
        },
        {
            "trade_id": "0353682e-68ee-49aa-8df3-a8a8455150c3",
            "ticker": "HIGHAUS-24SEP25-B92.5",
            "count": 72,
            "created_time": "2024-09-24T17:14:18.932148Z",
            "yes_price": 41,
            "no_price": 59,
            "taker_side": "no"
        },
        {
            "trade_id": "bceea2af-4ced-4188-b905-83bbc533e5cd",
            "ticker": "HIGHAUS-24SEP25-B92.5",
            "count": 180,
            "created_time": "2024-09-24T17:14:06.615639Z",
            "yes_price": 42,
            "no_price": 58,
            "taker_side": "no"
        },
        {
            "trade_id": "5e6d8543-1647-4ae2-ac3a-d82c4ea9d3ca",
            "ticker": "HIGHAUS-24SEP25-B92.5",
            "count": 72,
            "created_time": "2024-09-24T17:14:06.615639Z",
            "yes_price": 44,
            "no_price": 56,
            "taker_side": "no"
        },
        {
            "trade_id": "1a338072-24b2-4df9-bf8f-a1726ce6c5c5",
            "ticker": "HIGHAUS-24SEP25-B92.5",
            "count": 7,
            "created_time": "2024-09-24T17:14:06.615639Z",
            "yes_price": 45,
            "no_price": 55,
            "taker_side": "no"
        },
        {
            "trade_id": "ab3c6c6d-c892-4c8c-a811-95c3741471eb",
            "ticker": "HIGHAUS-24SEP25-B92.5",
            "count": 54,
            "created_time": "2024-09-24T17:05:41.780905Z",
            "yes_price": 49,
            "no_price": 51,
            "taker_side": "no"
        },
        {
            "trade_id": "8db20f03-cc94-430c-9303-db270141c4f1",
            "ticker": "HIGHAUS-24SEP25-B92.5",
            "count": 3,
            "created_time": "2024-09-24T17:05:41.780905Z",
            "yes_price": 50,
            "no_price": 50,
            "taker_side": "no"
        },
        {
            "trade_id": "5133cb12-cc78-4d4f-9e02-208169a813ff",
            "ticker": "HIGHAUS-24SEP25-B92.5",
            "count": 180,
            "created_time": "2024-09-24T17:05:41.780905Z",
            "yes_price": 47,
            "no_price": 53,
            "taker_side": "no"
        },
        {
            "trade_id": "361d70f5-cd6f-4e5f-a8d0-0d83ab5f53b6",
            "ticker": "HIGHAUS-24SEP25-B92.5",
            "count": 180,
            "created_time": "2024-09-24T17:05:41.780905Z",
            "yes_price": 48,
            "no_price": 52,
            "taker_side": "no"
        },
        {
            "trade_id": "e1163a3f-c058-4ef1-a697-db4e6cbf96e8",
            "ticker": "HIGHAUS-24SEP25-B92.5",
            "count": 4,
            "created_time": "2024-09-24T15:48:36.5965Z",
            "yes_price": 54,
            "no_price": 46,
            "taker_side": "yes"
        },
        {
            "trade_id": "73fa44db-3aea-45ff-a5f3-7d89971543ed",
            "ticker": "HIGHAUS-24SEP25-B92.5",
            "count": 18,
            "created_time": "2024-09-24T15:44:34.449709Z",
            "yes_price": 54,
            "no_price": 46,
            "taker_side": "yes"
        },
        {
            "trade_id": "2a3e2c4c-88fa-4664-9a5d-af37e48d6805",
            "ticker": "HIGHAUS-24SEP25-B92.5",
            "count": 1,
            "created_time": "2024-09-24T15:41:10.222905Z",
            "yes_price": 53,
            "no_price": 47,
            "taker_side": "no"
        },
        {
            "trade_id": "ede1ff50-529a-43b5-8546-30bb1c467725",
            "ticker": "HIGHAUS-24SEP25-B92.5",
            "count": 2,
            "created_time": "2024-09-24T15:40:51.176776Z",
            "yes_price": 53,
            "no_price": 47,
            "taker_side": "no"
        },
        {
            "trade_id": "d4bfadf6-36ba-40a6-9b55-d8120c30ccf0",
            "ticker": "HIGHAUS-24SEP25-B92.5",
            "count": 4,
            "created_time": "2024-09-24T15:40:40.783982Z",
            "yes_price": 53,
            "no_price": 47,
            "taker_side": "yes"
        },
        {
            "trade_id": "f0f51b97-aaf2-40b2-a8e9-c0c1b0b3de88",
            "ticker": "HIGHAUS-24SEP25-B92.5",
            "count": 180,
            "created_time": "2024-09-24T14:17:06.224034Z",
            "yes_price": 25,
            "no_price": 75,
            "taker_side": "yes"
        },
        {
            "trade_id": "8a4fd907-25be-49d2-9ab6-f4bff9155b73",
            "ticker": "HIGHAUS-24SEP25-B92.5",
            "count": 180,
            "created_time": "2024-09-24T14:17:06.224034Z",
            "yes_price": 23,
            "no_price": 77,
            "taker_side": "yes"
        },
        {
            "trade_id": "1c0bec31-9e67-43b6-b33f-b05b84dbc53d",
            "ticker": "HIGHAUS-24SEP25-B92.5",
            "count": 90,
            "created_time": "2024-09-24T14:17:06.224034Z",
            "yes_price": 21,
            "no_price": 79,
            "taker_side": "yes"
        }
    ],
    "HIGHAUS-24SEP25-T93": [
        {
            "trade_id": "952213f3-81c9-446b-872c-afbb0ec59bb2",
            "ticker": "HIGHAUS-24SEP25-T93",
            "count": 1,
            "created_time": "2024-09-25T17:47:08.801952Z",
            "yes_price": 99,
            "no_price": 1,
            "taker_side": "yes"
        },
        {
            "trade_id": "f9716fe3-a839-4251-9538-1e69ff40e477",
            "ticker": "HIGHAUS-24SEP25-T93",
            "count": 25,
            "created_time": "2024-09-25T17:46:43.800283Z",
            "yes_price": 97,
            "no_price": 3,
            "taker_side": "yes"
        },
        {
            "trade_id": "f3caa66b-356d-468a-8cb9-bd858232e6cf",
            "ticker": "HIGHAUS-24SEP25-T93",
            "count": 50,
            "created_time": "2024-09-25T17:46:43.800283Z",
            "yes_price": 99,
            "no_price": 1,
            "taker_side": "yes"
        },
        {
            "trade_id": "d5841e8c-dc8c-4265-afdc-84f20e184c78",
            "ticker": "HIGHAUS-24SEP25-T93",
            "count": 1499,
            "created_time": "2024-09-25T17:46:43.800283Z",
            "yes_price": 99,
            "no_price": 1,
            "taker_side": "yes"
        },
        {
            "trade_id": "9990069c-3cd8-4ee2-9e0a-3e49a9d313b9",
            "ticker": "HIGHAUS-24SEP25-T93",
            "count": 20,
            "created_time": "2024-09-25T17:46:43.800283Z",
            "yes_price": 98,
            "no_price": 2,
            "taker_side": "yes"
        },
        {
            "trade_id": "8676113b-6895-419c-b24d-cd5a69cc43a8",
            "ticker": "HIGHAUS-24SEP25-T93",
            "count": 98,
            "created_time": "2024-09-25T16:57:03.885082Z",
            "yes_price": 70,
            "no_price": 30,
            "taker_side": "yes"
        },
        {
            "trade_id": "64d141cf-4b59-48fb-b8d5-df524f4b381c",
            "ticker": "HIGHAUS-24SEP25-T93",
            "count": 25,
            "created_time": "2024-09-25T16:16:11.275575Z",
            "yes_price": 75,
            "no_price": 25,
            "taker_side": "yes"
        },
        {
            "trade_id": "8c6826bc-baab-4215-b78f-f9ace9065a12",
            "ticker": "HIGHAUS-24SEP25-T93",
            "count": 289,
            "created_time": "2024-09-25T16:06:15.290972Z",
            "yes_price": 65,
            "no_price": 35,
            "taker_side": "yes"
        },
        {
            "trade_id": "63872a61-2dc5-4022-88b0-e1887573d554",
            "ticker": "HIGHAUS-24SEP25-T93",
            "count": 3,
            "created_time": "2024-09-25T16:06:15.290972Z",
            "yes_price": 65,
            "no_price": 35,
            "taker_side": "yes"
        },
        {
            "trade_id": "a0481db6-fbc7-46c2-a4b3-7152cf928735",
            "ticker": "HIGHAUS-24SEP25-T93",
            "count": 20,
            "created_time": "2024-09-25T14:48:33.794849Z",
            "yes_price": 59,
            "no_price": 41,
            "taker_side": "yes"
        },
        {
            "trade_id": "5d7bd64f-acb2-473c-9ddb-870da076f681",
            "ticker": "HIGHAUS-24SEP25-T93",
            "count": 72,
            "created_time": "2024-09-25T14:24:58.174967Z",
            "yes_price": 65,
            "no_price": 35,
            "taker_side": "yes"
        },
        {
            "trade_id": "cacec99a-65c6-46a2-8b65-c19286b7453b",
            "ticker": "HIGHAUS-24SEP25-T93",
            "count": 3,
            "created_time": "2024-09-25T13:58:25.401187Z",
            "yes_price": 69,
            "no_price": 31,
            "taker_side": "yes"
        },
        {
            "trade_id": "6174c3aa-9e75-4aec-ae45-af0e7575a1eb",
            "ticker": "HIGHAUS-24SEP25-T93",
            "count": 151,
            "created_time": "2024-09-25T13:58:25.401187Z",
            "yes_price": 72,
            "no_price": 28,
            "taker_side": "yes"
        },
        {
            "trade_id": "6084ecfc-136e-4fbd-9477-1fbc0cb6765d",
            "ticker": "HIGHAUS-24SEP25-T93",
            "count": 90,
            "created_time": "2024-09-25T13:58:25.401187Z",
            "yes_price": 69,
            "no_price": 31,
            "taker_side": "yes"
        },
        {
            "trade_id": "0dff0bc1-31d0-4bf2-a493-348d35a2799e",
            "ticker": "HIGHAUS-24SEP25-T93",
            "count": 57,
            "created_time": "2024-09-25T13:58:25.401187Z",
            "yes_price": 69,
            "no_price": 31,
            "taker_side": "yes"
        },
        {
            "trade_id": "34205c81-b4c1-4f1c-b6af-392d34055258",
            "ticker": "HIGHAUS-24SEP25-T93",
            "count": 5,
            "created_time": "2024-09-25T13:54:04.671553Z",
            "yes_price": 62,
            "no_price": 38,
            "taker_side": "no"
        },
        {
            "trade_id": "d38dda4e-305c-4804-bc73-930b29f29600",
            "ticker": "HIGHAUS-24SEP25-T93",
            "count": 5,
            "created_time": "2024-09-25T13:53:43.440956Z",
            "yes_price": 62,
            "no_price": 38,
            "taker_side": "no"
        },
        {
            "trade_id": "902eac4f-730c-446d-a27e-be6dcc11d6ba",
            "ticker": "HIGHAUS-24SEP25-T93",
            "count": 10,
            "created_time": "2024-09-25T13:53:43.350594Z",
            "yes_price": 63,
            "no_price": 37,
            "taker_side": "no"
        },
        {
            "trade_id": "7dec7db9-9ad7-4472-ba27-7197ce674b38",
            "ticker": "HIGHAUS-24SEP25-T93",
            "count": 25,
            "created_time": "2024-09-25T13:28:17.044132Z",
            "yes_price": 63,
            "no_price": 37,
            "taker_side": "no"
        },
        {
            "trade_id": "5793c15f-97df-4fd8-80a2-0b5717d97578",
            "ticker": "HIGHAUS-24SEP25-T93",
            "count": 3,
            "created_time": "2024-09-25T13:28:17.044132Z",
            "yes_price": 63,
            "no_price": 37,
            "taker_side": "no"
        },
        {
            "trade_id": "80f9d7e6-bb16-4977-ad5d-3401099f2636",
            "ticker": "HIGHAUS-24SEP25-T93",
            "count": 14,
            "created_time": "2024-09-25T13:28:00.38626Z",
            "yes_price": 63,
            "no_price": 37,
            "taker_side": "no"
        },
        {
            "trade_id": "ff56151e-b9c7-4423-bc1e-4ba7eec4decd",
            "ticker": "HIGHAUS-24SEP25-T93",
            "count": 41,
            "created_time": "2024-09-25T12:54:27.955335Z",
            "yes_price": 60,
            "no_price": 40,
            "taker_side": "no"
        },
        {
            "trade_id": "fcf0db67-430f-49d6-96a7-2549fa193700",
            "ticker": "HIGHAUS-24SEP25-T93",
            "count": 72,
            "created_time": "2024-09-25T12:50:16.93796Z",
            "yes_price": 68,
            "no_price": 32,
            "taker_side": "no"
        },
        {
            "trade_id": "0418c1ee-d387-47d6-8b58-2e0dfc11f749",
            "ticker": "HIGHAUS-24SEP25-T93",
            "count": 15,
            "created_time": "2024-09-25T12:47:05.288737Z",
            "yes_price": 68,
            "no_price": 32,
            "taker_side": "yes"
        },
        {
            "trade_id": "c907aa6d-81ad-40f4-bbd2-37c38233d817",
            "ticker": "HIGHAUS-24SEP25-T93",
            "count": 18,
            "created_time": "2024-09-25T12:46:59.898489Z",
            "yes_price": 69,
            "no_price": 31,
            "taker_side": "no"
        },
        {
            "trade_id": "20dc5765-8b39-41ed-9b4e-fbae1b24d7a8",
            "ticker": "HIGHAUS-24SEP25-T93",
            "count": 10,
            "created_time": "2024-09-25T12:45:37.05377Z",
            "yes_price": 69,
            "no_price": 31,
            "taker_side": "no"
        },
        {
            "trade_id": "38d8fe49-e5cd-4a54-a297-1107fe742bf3",
            "ticker": "HIGHAUS-24SEP25-T93",
            "count": 1,
            "created_time": "2024-09-25T12:45:15.453628Z",
            "yes_price": 69,
            "no_price": 31,
            "taker_side": "no"
        },
        {
            "trade_id": "332c57a9-11d6-4290-9b64-bd77531a47c2",
            "ticker": "HIGHAUS-24SEP25-T93",
            "count": 1,
            "created_time": "2024-09-25T12:44:54.993646Z",
            "yes_price": 69,
            "no_price": 31,
            "taker_side": "no"
        },
        {
            "trade_id": "92ac0d8c-f193-47ec-b246-0af341bcce7e",
            "ticker": "HIGHAUS-24SEP25-T93",
            "count": 36,
            "created_time": "2024-09-25T12:44:36.698463Z",
            "yes_price": 70,
            "no_price": 30,
            "taker_side": "no"
        },
        {
            "trade_id": "1fda88d0-3e43-4f08-8e02-3027ed13a88f",
            "ticker": "HIGHAUS-24SEP25-T93",
            "count": 29,
            "created_time": "2024-09-25T12:42:46.016142Z",
            "yes_price": 70,
            "no_price": 30,
            "taker_side": "no"
        },
        {
            "trade_id": "b37c9cf2-fe4f-4aa2-86da-c1d9b945a259",
            "ticker": "HIGHAUS-24SEP25-T93",
            "count": 29,
            "created_time": "2024-09-25T12:41:55.711338Z",
            "yes_price": 70,
            "no_price": 30,
            "taker_side": "no"
        },
        {
            "trade_id": "f947c6da-85c6-4656-9d9f-30cd4c26a605",
            "ticker": "HIGHAUS-24SEP25-T93",
            "count": 32,
            "created_time": "2024-09-25T12:41:35.165477Z",
            "yes_price": 71,
            "no_price": 29,
            "taker_side": "no"
        },
        {
            "trade_id": "4f5fc157-7576-48f7-bc02-0db4519b563f",
            "ticker": "HIGHAUS-24SEP25-T93",
            "count": 33,
            "created_time": "2024-09-25T12:40:25.135586Z",
            "yes_price": 71,
            "no_price": 29,
            "taker_side": "yes"
        },
        {
            "trade_id": "16e24a0e-fe74-4bea-88bd-abf64cf1ea79",
            "ticker": "HIGHAUS-24SEP25-T93",
            "count": 18,
            "created_time": "2024-09-25T12:40:19.141492Z",
            "yes_price": 72,
            "no_price": 28,
            "taker_side": "no"
        },
        {
            "trade_id": "2284d959-0ee5-4d53-a891-3c40d99f5974",
            "ticker": "HIGHAUS-24SEP25-T93",
            "count": 24,
            "created_time": "2024-09-25T12:40:04.45855Z",
            "yes_price": 78,
            "no_price": 22,
            "taker_side": "no"
        },
        {
            "trade_id": "93c1fb79-8bf5-4f30-a052-b1870debda21",
            "ticker": "HIGHAUS-24SEP25-T93",
            "count": 2,
            "created_time": "2024-09-25T12:40:04.370061Z",
            "yes_price": 78,
            "no_price": 22,
            "taker_side": "no"
        },
        {
            "trade_id": "e918bcc1-6fca-485d-b150-2c5ff55c1d83",
            "ticker": "HIGHAUS-24SEP25-T93",
            "count": 3,
            "created_time": "2024-09-25T12:40:04.226701Z",
            "yes_price": 77,
            "no_price": 23,
            "taker_side": "yes"
        },
        {
            "trade_id": "c26fbd4f-7f38-4fd6-88af-801511ef79d0",
            "ticker": "HIGHAUS-24SEP25-T93",
            "count": 1,
            "created_time": "2024-09-25T12:40:04.226701Z",
            "yes_price": 77,
            "no_price": 23,
            "taker_side": "yes"
        },
        {
            "trade_id": "b191b1ea-9659-4522-b6ad-fc38b4079da7",
            "ticker": "HIGHAUS-24SEP25-T93",
            "count": 2,
            "created_time": "2024-09-25T12:40:04.226701Z",
            "yes_price": 77,
            "no_price": 23,
            "taker_side": "yes"
        },
        {
            "trade_id": "459444b8-9ef7-4ef4-95a3-cf91eb2756d9",
            "ticker": "HIGHAUS-24SEP25-T93",
            "count": 18,
            "created_time": "2024-09-25T12:40:04.226701Z",
            "yes_price": 78,
            "no_price": 22,
            "taker_side": "yes"
        },
        {
            "trade_id": "62142959-9cd7-4ee1-b6e5-9e3231604f1f",
            "ticker": "HIGHAUS-24SEP25-T93",
            "count": 44,
            "created_time": "2024-09-25T12:38:09.783088Z",
            "yes_price": 72,
            "no_price": 28,
            "taker_side": "no"
        },
        {
            "trade_id": "445fd357-245f-4597-99b5-127c83fc42a4",
            "ticker": "HIGHAUS-24SEP25-T93",
            "count": 35,
            "created_time": "2024-09-25T12:37:01.075204Z",
            "yes_price": 72,
            "no_price": 28,
            "taker_side": "no"
        },
        {
            "trade_id": "261d1b4d-192f-4c99-ba2a-f15bc809fb06",
            "ticker": "HIGHAUS-24SEP25-T93",
            "count": 15,
            "created_time": "2024-09-25T12:36:10.06446Z",
            "yes_price": 69,
            "no_price": 31,
            "taker_side": "no"
        },
        {
            "trade_id": "ab825d5b-5992-4e8f-878d-a47f2a50e17b",
            "ticker": "HIGHAUS-24SEP25-T93",
            "count": 5,
            "created_time": "2024-09-25T12:35:35.118243Z",
            "yes_price": 69,
            "no_price": 31,
            "taker_side": "no"
        },
        {
            "trade_id": "c35f25ce-5c8b-4dcc-b633-6d8fdfeaa98c",
            "ticker": "HIGHAUS-24SEP25-T93",
            "count": 4,
            "created_time": "2024-09-25T12:35:24.594181Z",
            "yes_price": 69,
            "no_price": 31,
            "taker_side": "no"
        },
        {
            "trade_id": "a61796ce-9aa2-4533-9923-2e496f9ddb1a",
            "ticker": "HIGHAUS-24SEP25-T93",
            "count": 36,
            "created_time": "2024-09-25T12:35:20.542562Z",
            "yes_price": 70,
            "no_price": 30,
            "taker_side": "no"
        },
        {
            "trade_id": "c64c11d6-f1d3-4f59-bfdd-a098ce551177",
            "ticker": "HIGHAUS-24SEP25-T93",
            "count": 23,
            "created_time": "2024-09-25T12:34:15.178101Z",
            "yes_price": 70,
            "no_price": 30,
            "taker_side": "no"
        },
        {
            "trade_id": "6512a56f-1a29-4931-994a-3898450e33ef",
            "ticker": "HIGHAUS-24SEP25-T93",
            "count": 10,
            "created_time": "2024-09-25T12:16:29.313288Z",
            "yes_price": 73,
            "no_price": 27,
            "taker_side": "no"
        },
        {
            "trade_id": "3e4332dd-2218-44f6-9098-a368c478a75a",
            "ticker": "HIGHAUS-24SEP25-T93",
            "count": 33,
            "created_time": "2024-09-25T12:13:34.734552Z",
            "yes_price": 73,
            "no_price": 27,
            "taker_side": "no"
        },
        {
            "trade_id": "a3df9da5-e4c2-4b07-bded-996f66d0fa7a",
            "ticker": "HIGHAUS-24SEP25-T93",
            "count": 162,
            "created_time": "2024-09-25T12:01:16.389323Z",
            "yes_price": 83,
            "no_price": 17,
            "taker_side": "no"
        },
        {
            "trade_id": "db25716d-f16e-400b-9986-f0262edddd59",
            "ticker": "HIGHAUS-24SEP25-T93",
            "count": 5,
            "created_time": "2024-09-25T12:00:42.884388Z",
            "yes_price": 85,
            "no_price": 15,
            "taker_side": "no"
        },
        {
            "trade_id": "aec6c0b8-d74e-4404-a5b5-036f57539a0f",
            "ticker": "HIGHAUS-24SEP25-T93",
            "count": 180,
            "created_time": "2024-09-25T12:00:42.732589Z",
            "yes_price": 82,
            "no_price": 18,
            "taker_side": "yes"
        },
        {
            "trade_id": "5dcf37a6-7604-47f6-bd38-20e8d3095c9e",
            "ticker": "HIGHAUS-24SEP25-T93",
            "count": 72,
            "created_time": "2024-09-25T12:00:25.537227Z",
            "yes_price": 83,
            "no_price": 17,
            "taker_side": "no"
        },
        {
            "trade_id": "f82cc04b-d199-4545-9db6-5480d67db8c4",
            "ticker": "HIGHAUS-24SEP25-T93",
            "count": 72,
            "created_time": "2024-09-25T12:00:25.395507Z",
            "yes_price": 85,
            "no_price": 15,
            "taker_side": "no"
        },
        {
            "trade_id": "a2f44002-4c3b-4999-9862-296fd51a3b84",
            "ticker": "HIGHAUS-24SEP25-T93",
            "count": 108,
            "created_time": "2024-09-25T12:00:25.395507Z",
            "yes_price": 83,
            "no_price": 17,
            "taker_side": "no"
        },
        {
            "trade_id": "e358892e-d9f2-4268-819b-37c0b00a50fa",
            "ticker": "HIGHAUS-24SEP25-T93",
            "count": 180,
            "created_time": "2024-09-25T03:54:24.106102Z",
            "yes_price": 35,
            "no_price": 65,
            "taker_side": "yes"
        },
        {
            "trade_id": "5274a4c4-e841-45e1-9686-fa2962a33d98",
            "ticker": "HIGHAUS-24SEP25-T93",
            "count": 90,
            "created_time": "2024-09-25T03:54:24.106102Z",
            "yes_price": 33,
            "no_price": 67,
            "taker_side": "yes"
        },
        {
            "trade_id": "4b03d209-e183-41c0-a3e2-b0bbdccaa786",
            "ticker": "HIGHAUS-24SEP25-T93",
            "count": 180,
            "created_time": "2024-09-25T03:54:24.106102Z",
            "yes_price": 34,
            "no_price": 66,
            "taker_side": "yes"
        },
        {
            "trade_id": "f3dac0a1-f353-4800-bccb-8ff61674023b",
            "ticker": "HIGHAUS-24SEP25-T93",
            "count": 179,
            "created_time": "2024-09-25T03:28:34.113389Z",
            "yes_price": 33,
            "no_price": 67,
            "taker_side": "no"
        },
        {
            "trade_id": "aac01625-889e-4334-9174-45f15f3b07a5",
            "ticker": "HIGHAUS-24SEP25-T93",
            "count": 121,
            "created_time": "2024-09-25T03:06:03.328601Z",
            "yes_price": 33,
            "no_price": 67,
            "taker_side": "no"
        },
        {
            "trade_id": "4e1a38bf-1336-4c16-bb86-28f72d49368b",
            "ticker": "HIGHAUS-24SEP25-T93",
            "count": 7,
            "created_time": "2024-09-25T03:06:03.328601Z",
            "yes_price": 35,
            "no_price": 65,
            "taker_side": "no"
        },
        {
            "trade_id": "b1706e70-d2c0-4b72-b12c-fcad8e7f3556",
            "ticker": "HIGHAUS-24SEP25-T93",
            "count": 3,
            "created_time": "2024-09-25T03:05:48.369523Z",
            "yes_price": 36,
            "no_price": 64,
            "taker_side": "no"
        },
        {
            "trade_id": "254889bb-3bb0-4b39-8f7d-d3e36d59079b",
            "ticker": "HIGHAUS-24SEP25-T93",
            "count": 54,
            "created_time": "2024-09-25T03:05:48.369523Z",
            "yes_price": 38,
            "no_price": 62,
            "taker_side": "no"
        },
        {
            "trade_id": "2305e10e-be1a-432e-8792-c14aad2e2e6b",
            "ticker": "HIGHAUS-24SEP25-T93",
            "count": 173,
            "created_time": "2024-09-25T03:05:48.369523Z",
            "yes_price": 35,
            "no_price": 65,
            "taker_side": "no"
        },
        {
            "trade_id": "d9fe6170-0cb6-4db7-bb81-8c3d04055bdc",
            "ticker": "HIGHAUS-24SEP25-T93",
            "count": 180,
            "created_time": "2024-09-25T03:05:23.871362Z",
            "yes_price": 41,
            "no_price": 59,
            "taker_side": "no"
        },
        {
            "trade_id": "300f762c-ddc8-4bc2-94c9-1a09d233eeba",
            "ticker": "HIGHAUS-24SEP25-T93",
            "count": 36,
            "created_time": "2024-09-25T03:05:23.871362Z",
            "yes_price": 43,
            "no_price": 57,
            "taker_side": "no"
        },
        {
            "trade_id": "0dc721f4-b49c-40b3-b29c-45b22c98b8f2",
            "ticker": "HIGHAUS-24SEP25-T93",
            "count": 174,
            "created_time": "2024-09-25T03:05:23.871362Z",
            "yes_price": 38,
            "no_price": 62,
            "taker_side": "no"
        },
        {
            "trade_id": "bb9d59ec-5584-4578-b046-6a7786814029",
            "ticker": "HIGHAUS-24SEP25-T93",
            "count": 30,
            "created_time": "2024-09-25T01:29:52.175255Z",
            "yes_price": 48,
            "no_price": 52,
            "taker_side": "yes"
        },
        {
            "trade_id": "a09ffd56-b832-409b-a735-b750086992c4",
            "ticker": "HIGHAUS-24SEP25-T93",
            "count": 25,
            "created_time": "2024-09-24T23:26:48.217069Z",
            "yes_price": 40,
            "no_price": 60,
            "taker_side": "yes"
        },
        {
            "trade_id": "8461011d-b8e7-4387-95d1-1f50ff349e08",
            "ticker": "HIGHAUS-24SEP25-T93",
            "count": 180,
            "created_time": "2024-09-24T23:26:48.217069Z",
            "yes_price": 41,
            "no_price": 59,
            "taker_side": "yes"
        },
        {
            "trade_id": "7a38a6f9-dcab-4faa-bce5-4ec371597b6a",
            "ticker": "HIGHAUS-24SEP25-T93",
            "count": 162,
            "created_time": "2024-09-24T23:26:48.217069Z",
            "yes_price": 44,
            "no_price": 56,
            "taker_side": "yes"
        },
        {
            "trade_id": "10628329-110d-4cd4-b37d-362f0f0c9ebf",
            "ticker": "HIGHAUS-24SEP25-T93",
            "count": 72,
            "created_time": "2024-09-24T23:26:48.217069Z",
            "yes_price": 39,
            "no_price": 61,
            "taker_side": "yes"
        },
        {
            "trade_id": "b334d82b-2fdf-434a-abbe-eb06daa11f67",
            "ticker": "HIGHAUS-24SEP25-T93",
            "count": 2,
            "created_time": "2024-09-24T21:43:17.85023Z",
            "yes_price": 25,
            "no_price": 75,
            "taker_side": "no"
        },
        {
            "trade_id": "e9dd1c63-808c-45ef-8e87-d5a5266e23d8",
            "ticker": "HIGHAUS-24SEP25-T93",
            "count": 36,
            "created_time": "2024-09-24T20:07:36.707184Z",
            "yes_price": 27,
            "no_price": 73,
            "taker_side": "yes"
        },
        {
            "trade_id": "d167d885-11ff-42fb-82d5-606bb1d969e7",
            "ticker": "HIGHAUS-24SEP25-T93",
            "count": 180,
            "created_time": "2024-09-24T20:07:36.707184Z",
            "yes_price": 28,
            "no_price": 72,
            "taker_side": "yes"
        },
        {
            "trade_id": "61b5d083-66d2-45ce-a3ec-92d808052550",
            "ticker": "HIGHAUS-24SEP25-T93",
            "count": 180,
            "created_time": "2024-09-24T20:07:36.707184Z",
            "yes_price": 30,
            "no_price": 70,
            "taker_side": "yes"
        },
        {
            "trade_id": "ab6653fb-04b6-4245-ba77-d74e00d1587f",
            "ticker": "HIGHAUS-24SEP25-T93",
            "count": 180,
            "created_time": "2024-09-24T20:07:21.668419Z",
            "yes_price": 24,
            "no_price": 76,
            "taker_side": "yes"
        },
        {
            "trade_id": "93890ed2-c971-4633-afc8-dd4651e0127a",
            "ticker": "HIGHAUS-24SEP25-T93",
            "count": 72,
            "created_time": "2024-09-24T20:07:21.668419Z",
            "yes_price": 23,
            "no_price": 77,
            "taker_side": "yes"
        },
        {
            "trade_id": "3154f6f9-d2d4-4ed3-9c2c-14783d9740ba",
            "ticker": "HIGHAUS-24SEP25-T93",
            "count": 180,
            "created_time": "2024-09-24T20:07:21.668419Z",
            "yes_price": 26,
            "no_price": 74,
            "taker_side": "yes"
        },
        {
            "trade_id": "06c82bff-d4bb-4c88-bb53-24f5d728b493",
            "ticker": "HIGHAUS-24SEP25-T93",
            "count": 20,
            "created_time": "2024-09-24T20:07:17.484298Z",
            "yes_price": 19,
            "no_price": 81,
            "taker_side": "yes"
        },
        {
            "trade_id": "a9757bee-87c0-4948-9fc2-897361424199",
            "ticker": "HIGHAUS-24SEP25-T93",
            "count": 12,
            "created_time": "2024-09-24T19:54:50.911228Z",
            "yes_price": 13,
            "no_price": 87,
            "taker_side": "no"
        },
        {
            "trade_id": "d4dc5894-e69c-4918-a3ba-41b496b5ff2f",
            "ticker": "HIGHAUS-24SEP25-T93",
            "count": 180,
            "created_time": "2024-09-24T19:45:17.544086Z",
            "yes_price": 20,
            "no_price": 80,
            "taker_side": "yes"
        },
        {
            "trade_id": "7a232d6d-9f36-4541-b4c3-cd19ca4e807f",
            "ticker": "HIGHAUS-24SEP25-T93",
            "count": 18,
            "created_time": "2024-09-24T19:45:17.544086Z",
            "yes_price": 19,
            "no_price": 81,
            "taker_side": "yes"
        },
        {
            "trade_id": "43934451-3ed0-404e-bc59-87a7acfe3a22",
            "ticker": "HIGHAUS-24SEP25-T93",
            "count": 180,
            "created_time": "2024-09-24T19:45:17.544086Z",
            "yes_price": 21,
            "no_price": 79,
            "taker_side": "yes"
        },
        {
            "trade_id": "e961997a-467b-4129-ba67-4362527baaff",
            "ticker": "HIGHAUS-24SEP25-T93",
            "count": 180,
            "created_time": "2024-09-24T19:45:04.015711Z",
            "yes_price": 17,
            "no_price": 83,
            "taker_side": "yes"
        },
        {
            "trade_id": "46d4b4e0-0353-4e32-9e7e-fde9ede1ed06",
            "ticker": "HIGHAUS-24SEP25-T93",
            "count": 54,
            "created_time": "2024-09-24T19:45:04.015711Z",
            "yes_price": 16,
            "no_price": 84,
            "taker_side": "yes"
        },
        {
            "trade_id": "1f962643-91ed-469f-a3a3-56f14aaedaec",
            "ticker": "HIGHAUS-24SEP25-T93",
            "count": 180,
            "created_time": "2024-09-24T19:45:04.015711Z",
            "yes_price": 18,
            "no_price": 82,
            "taker_side": "yes"
        },
        {
            "trade_id": "1ddfd849-145d-48e0-8064-5ef1d3fb2250",
            "ticker": "HIGHAUS-24SEP25-T93",
            "count": 3,
            "created_time": "2024-09-24T19:45:04.015711Z",
            "yes_price": 16,
            "no_price": 84,
            "taker_side": "yes"
        },
        {
            "trade_id": "254250e0-2dea-4516-b6a8-72b1c30930ff",
            "ticker": "HIGHAUS-24SEP25-T93",
            "count": 18,
            "created_time": "2024-09-24T19:25:01.405831Z",
            "yes_price": 15,
            "no_price": 85,
            "taker_side": "no"
        },
        {
            "trade_id": "361e5770-55a1-485e-9d89-86070dd797a2",
            "ticker": "HIGHAUS-24SEP25-T93",
            "count": 49,
            "created_time": "2024-09-24T19:22:56.423062Z",
            "yes_price": 15,
            "no_price": 85,
            "taker_side": "no"
        },
        {
            "trade_id": "00172dd5-e92b-4f76-af9c-3b875997fbe3",
            "ticker": "HIGHAUS-24SEP25-T93",
            "count": 1,
            "created_time": "2024-09-24T18:35:27.444441Z",
            "yes_price": 10,
            "no_price": 90,
            "taker_side": "yes"
        },
        {
            "trade_id": "31ef8fa8-48f2-4fae-8ea9-58e655c1d9fa",
            "ticker": "HIGHAUS-24SEP25-T93",
            "count": 3,
            "created_time": "2024-09-24T17:08:36.918647Z",
            "yes_price": 32,
            "no_price": 68,
            "taker_side": "no"
        },
        {
            "trade_id": "1bee2448-8c9d-4c07-a0d6-66b0ff298cde",
            "ticker": "HIGHAUS-24SEP25-T93",
            "count": 22,
            "created_time": "2024-09-24T16:12:31.617754Z",
            "yes_price": 29,
            "no_price": 71,
            "taker_side": "yes"
        },
        {
            "trade_id": "8ecfbf18-bd3b-4d9c-b28b-583f7e3f52c0",
            "ticker": "HIGHAUS-24SEP25-T93",
            "count": 3,
            "created_time": "2024-09-24T16:12:31.599402Z",
            "yes_price": 17,
            "no_price": 83,
            "taker_side": "yes"
        },
        {
            "trade_id": "365589ca-5feb-463f-a332-cafe28734851",
            "ticker": "HIGHAUS-24SEP25-T93",
            "count": 90,
            "created_time": "2024-09-24T14:30:40.923281Z",
            "yes_price": 6,
            "no_price": 94,
            "taker_side": "no"
        }
    ]
}