{
    "KXHIGHAUS-24NOV17-T80": [
        {
            "trade_id": "c3d00f1e-7f7c-4457-9507-0d824b852bfd",
            "ticker": "KXHIGHAUS-24NOV17-T80",
            "count": 734,
            "created_time": "2024-11-18T03:52:58.763372Z",
            "yes_price": 1,
            "no_price": 99,
            "taker_side": "yes"
        },
        {
            "trade_id": "0dd04cb5-687a-4941-bcdd-2ebb474b0e6f",
            "ticker": "KXHIGHAUS-24NOV17-T80",
            "count": 201,
            "created_time": "2024-11-18T03:52:58.763372Z",
            "yes_price": 1,
            "no_price": 99,
            "taker_side": "yes"
        },
        {
            "trade_id": "282af684-fa75-4be0-9338-7ceb31fe6346",
            "ticker": "KXHIGHAUS-24NOV17-T80",
            "count": 467,
            "created_time": "2024-11-17T22:41:30.259077Z",
            "yes_price": 1,
            "no_price": 99,
            "taker_side": "yes"
        },
        {
            "trade_id": "1c144599-f26e-4c1f-a5fb-e36f0c58c3f4",
            "ticker": "KXHIGHAUS-24NOV17-T80",
            "count": 102,
            "created_time": "2024-11-17T15:46:24.897257Z",
            "yes_price": 1,
            "no_price": 99,
            "taker_side": "yes"
        },
        {
            "trade_id": "caca965f-1f2e-4f0d-a6e4-0033c2f2b49e",
            "ticker": "KXHIGHAUS-24NOV17-T80",
            "count": 30,
            "created_time": "2024-11-17T15:36:21.996555Z",
            "yes_price": 1,
            "no_price": 99,
            "taker_side": "yes"
        },
        {
            "trade_id": "fdf77ca1-4044-4500-a306-70ed26081f48",
            "ticker": "KXHIGHAUS-24NOV17-T80",
            "count": 200,
            "created_time": "2024-11-17T13:41:38.694442Z",
            "yes_price": 2,
            "no_price": 98,
            "taker_side": "yes"
        },
        {
            "trade_id": "eee7cc51-e3f4-407c-baee-1aad6433e453",
            "ticker": "KXHIGHAUS-24NOV17-T80",
            "count": 85,
            "created_time": "2024-11-17T13:41:38.694442Z",
            "yes_price": 2,
            "no_price": 98,
            "taker_side": "yes"
        },
        {
            "trade_id": "e7d69483-4ada-46fd-9ab8-2eef48cd2b67",
            "ticker": "KXHIGHAUS-24NOV17-T80",
            "count": 400,
            "created_time": "2024-11-17T13:41:38.694442Z",
            "yes_price": 2,
            "no_price": 98,
            "taker_side": "yes"
        },
        {
            "trade_id": "25cfbbf2-458d-47de-bad0-4f6e9974e09a",
            "ticker": "KXHIGHAUS-24NOV17-T80",
            "count": 500,
            "created_time": "2024-11-17T13:41:38.694442Z",
            "yes_price": 1,
            "no_price": 99,
            "taker_side": "yes"
        },
        {
            "trade_id": "671ab76a-79df-45ff-982e-af38d102451d",
            "ticker": "KXHIGHAUS-24NOV17-T80",
            "count": 3000,
            "created_time": "2024-11-17T13:29:07.684604Z",
            "yes_price": 1,
            "no_price": 99,
            "taker_side": "no"
        },
        {
            "trade_id": "abb110e1-6391-4b43-a1be-0d859a2ee19b",
            "ticker": "KXHIGHAUS-24NOV17-T80",
            "count": 3369,
            "created_time": "2024-11-17T13:10:28.837235Z",
            "yes_price": 1,
            "no_price": 99,
            "taker_side": "no"
        },
        {
            "trade_id": "fb62458d-701f-4aa7-abac-022fb46a9e45",
            "ticker": "KXHIGHAUS-24NOV17-T80",
            "count": 86,
            "created_time": "2024-11-17T13:10:01.047977Z",
            "yes_price": 1,
            "no_price": 99,
            "taker_side": "no"
        },
        {
            "trade_id": "5338dbef-f48c-4230-8a2b-83253855b8c3",
            "ticker": "KXHIGHAUS-24NOV17-T80",
            "count": 12,
            "created_time": "2024-11-17T13:06:33.98807Z",
            "yes_price": 1,
            "no_price": 99,
            "taker_side": "no"
        },
        {
            "trade_id": "23e45eec-8f97-4048-b622-39818b123dab",
            "ticker": "KXHIGHAUS-24NOV17-T80",
            "count": 17,
            "created_time": "2024-11-17T13:06:32.239491Z",
            "yes_price": 1,
            "no_price": 99,
            "taker_side": "no"
        },
        {
            "trade_id": "addfdf92-0148-43f5-b760-3c5b219982c3",
            "ticker": "KXHIGHAUS-24NOV17-T80",
            "count": 76,
            "created_time": "2024-11-17T13:05:07.102858Z",
            "yes_price": 1,
            "no_price": 99,
            "taker_side": "no"
        },
        {
            "trade_id": "e941d199-8b88-43fc-a802-ea2ada18661a",
            "ticker": "KXHIGHAUS-24NOV17-T80",
            "count": 1,
            "created_time": "2024-11-17T13:00:35.546864Z",
            "yes_price": 1,
            "no_price": 99,
            "taker_side": "no"
        },
        {
            "trade_id": "7c333f87-9729-47b3-acbd-19e5abbca994",
            "ticker": "KXHIGHAUS-24NOV17-T80",
            "count": 177,
            "created_time": "2024-11-17T13:00:01.951763Z",
            "yes_price": 1,
            "no_price": 99,
            "taker_side": "no"
        },
        {
            "trade_id": "f4276999-fd07-40e6-b7c7-cea3d683b77c",
            "ticker": "KXHIGHAUS-24NOV17-T80",
            "count": 11,
            "created_time": "2024-11-17T07:57:13.403742Z",
            "yes_price": 1,
            "no_price": 99,
            "taker_side": "no"
        },
        {
            "trade_id": "87f595f1-3c97-4059-bb24-48a3514c0f81",
            "ticker": "KXHIGHAUS-24NOV17-T80",
            "count": 21,
            "created_time": "2024-11-17T07:40:47.446667Z",
            "yes_price": 1,
            "no_price": 99,
            "taker_side": "no"
        },
        {
            "trade_id": "2ed29abe-447e-4ba9-b55c-e54b7a3056d9",
            "ticker": "KXHIGHAUS-24NOV17-T80",
            "count": 7,
            "created_time": "2024-11-17T07:22:25.145966Z",
            "yes_price": 1,
            "no_price": 99,
            "taker_side": "no"
        },
        {
            "trade_id": "1e7a09e9-4f5e-4b8e-bf24-dbb347a1e40d",
            "ticker": "KXHIGHAUS-24NOV17-T80",
            "count": 30,
            "created_time": "2024-11-17T07:21:35.304044Z",
            "yes_price": 1,
            "no_price": 99,
            "taker_side": "no"
        },
        {
            "trade_id": "355960a7-5da7-49fc-8c34-44399990f079",
            "ticker": "KXHIGHAUS-24NOV17-T80",
            "count": 5,
            "created_time": "2024-11-17T07:20:01.665483Z",
            "yes_price": 1,
            "no_price": 99,
            "taker_side": "no"
        },
        {
            "trade_id": "82563982-d398-4be5-bb25-95eeb2604a05",
            "ticker": "KXHIGHAUS-24NOV17-T80",
            "count": 100,
            "created_time": "2024-11-17T07:19:49.133055Z",
            "yes_price": 1,
            "no_price": 99,
            "taker_side": "no"
        },
        {
            "trade_id": "6b26e0aa-89c2-4743-aae0-8573de922dbf",
            "ticker": "KXHIGHAUS-24NOV17-T80",
            "count": 15,
            "created_time": "2024-11-17T07:19:07.081401Z",
            "yes_price": 1,
            "no_price": 99,
            "taker_side": "no"
        },
        {
            "trade_id": "0d9a472e-72b5-46d2-a9f0-b33ff9dafca9",
            "ticker": "KXHIGHAUS-24NOV17-T80",
            "count": 2,
            "created_time": "2024-11-17T07:18:02.117812Z",
            "yes_price": 1,
            "no_price": 99,
            "taker_side": "no"
        },
        {
            "trade_id": "bbce76df-e9ad-4e1d-8d1c-233b76109bf8",
            "ticker": "KXHIGHAUS-24NOV17-T80",
            "count": 30,
            "created_time": "2024-11-17T07:11:39.298063Z",
            "yes_price": 1,
            "no_price": 99,
            "taker_side": "no"
        },
        {
            "trade_id": "75caa75a-c969-437e-b0f6-67f1e30627b1",
            "ticker": "KXHIGHAUS-24NOV17-T80",
            "count": 30,
            "created_time": "2024-11-17T07:10:42.590134Z",
            "yes_price": 1,
            "no_price": 99,
            "taker_side": "no"
        },
        {
            "trade_id": "e6855b1b-708e-414c-85c9-af0032d4b777",
            "ticker": "KXHIGHAUS-24NOV17-T80",
            "count": 71,
            "created_time": "2024-11-17T07:10:31.734678Z",
            "yes_price": 1,
            "no_price": 99,
            "taker_side": "no"
        },
        {
            "trade_id": "c1546ae3-9c98-4c18-8ca0-ea5baa183e51",
            "ticker": "KXHIGHAUS-24NOV17-T80",
            "count": 2,
            "created_time": "2024-11-17T07:10:05.161509Z",
            "yes_price": 1,
            "no_price": 99,
            "taker_side": "no"
        },
        {
            "trade_id": "158b2c73-7d66-4d30-93ab-5a5d9e3986e6",
            "ticker": "KXHIGHAUS-24NOV17-T80",
            "count": 25,
            "created_time": "2024-11-17T07:09:07.160723Z",
            "yes_price": 1,
            "no_price": 99,
            "taker_side": "no"
        },
        {
            "trade_id": "b4d1fdab-9f31-4660-89ee-343bc91b446b",
            "ticker": "KXHIGHAUS-24NOV17-T80",
            "count": 38,
            "created_time": "2024-11-17T07:08:20.811463Z",
            "yes_price": 1,
            "no_price": 99,
            "taker_side": "no"
        },
        {
            "trade_id": "80e19fb4-14f0-4af8-9abb-f0e5b2d86a11",
            "ticker": "KXHIGHAUS-24NOV17-T80",
            "count": 98,
            "created_time": "2024-11-17T07:08:20.776763Z",
            "yes_price": 1,
            "no_price": 99,
            "taker_side": "no"
        },
        {
            "trade_id": "b6fa97b3-fff6-439a-b818-19fa981e63e1",
            "ticker": "KXHIGHAUS-24NOV17-T80",
            "count": 14,
            "created_time": "2024-11-17T07:07:35.20502Z",
            "yes_price": 1,
            "no_price": 99,
            "taker_side": "no"
        },
        {
            "trade_id": "d32d25d8-52a8-48a1-8cd7-68d94f7bdaa9",
            "ticker": "KXHIGHAUS-24NOV17-T80",
            "count": 2,
            "created_time": "2024-11-17T07:06:48.269867Z",
            "yes_price": 1,
            "no_price": 99,
            "taker_side": "no"
        },
        {
            "trade_id": "6decfc9e-279c-40a1-88b8-1d646c0d137e",
            "ticker": "KXHIGHAUS-24NOV17-T80",
            "count": 2,
            "created_time": "2024-11-17T07:05:32.627492Z",
            "yes_price": 1,
            "no_price": 99,
            "taker_side": "no"
        },
        {
            "trade_id": "22bc6c45-52a3-4b42-bfe3-25c4e9caa71a",
            "ticker": "KXHIGHAUS-24NOV17-T80",
            "count": 167,
            "created_time": "2024-11-17T07:02:56.570007Z",
            "yes_price": 1,
            "no_price": 99,
            "taker_side": "no"
        },
        {
            "trade_id": "7ef87807-9858-4357-8085-aae9d411718d",
            "ticker": "KXHIGHAUS-24NOV17-T80",
            "count": 2,
            "created_time": "2024-11-17T07:02:12.955944Z",
            "yes_price": 1,
            "no_price": 99,
            "taker_side": "no"
        },
        {
            "trade_id": "a1142b21-5776-4943-b814-84fd8fb07fd4",
            "ticker": "KXHIGHAUS-24NOV17-T80",
            "count": 1,
            "created_time": "2024-11-17T06:54:32.20334Z",
            "yes_price": 1,
            "no_price": 99,
            "taker_side": "no"
        },
        {
            "trade_id": "b658f125-c449-4437-8359-df53c7a43713",
            "ticker": "KXHIGHAUS-24NOV17-T80",
            "count": 1,
            "created_time": "2024-11-17T06:52:12.517067Z",
            "yes_price": 1,
            "no_price": 99,
            "taker_side": "no"
        },
        {
            "trade_id": "3efe3783-3fcb-4877-b8d6-26fb49b19c4d",
            "ticker": "KXHIGHAUS-24NOV17-T80",
            "count": 342,
            "created_time": "2024-11-17T06:49:45.582906Z",
            "yes_price": 1,
            "no_price": 99,
            "taker_side": "no"
        },
        {
            "trade_id": "6398b05e-8797-409a-997f-bc1425cc0877",
            "ticker": "KXHIGHAUS-24NOV17-T80",
            "count": 158,
            "created_time": "2024-11-17T06:49:24.874159Z",
            "yes_price": 2,
            "no_price": 98,
            "taker_side": "no"
        },
        {
            "trade_id": "55f155a8-4870-496a-a249-765362d4330b",
            "ticker": "KXHIGHAUS-24NOV17-T80",
            "count": 19,
            "created_time": "2024-11-17T06:47:33.180274Z",
            "yes_price": 2,
            "no_price": 98,
            "taker_side": "no"
        },
        {
            "trade_id": "acc42b10-a296-4ee3-97f0-224181f3b3e0",
            "ticker": "KXHIGHAUS-24NOV17-T80",
            "count": 14,
            "created_time": "2024-11-17T06:46:43.861999Z",
            "yes_price": 2,
            "no_price": 98,
            "taker_side": "no"
        },
        {
            "trade_id": "c8349335-a09f-4fc0-99f5-1cd40397f0f9",
            "ticker": "KXHIGHAUS-24NOV17-T80",
            "count": 17,
            "created_time": "2024-11-17T06:44:45.605832Z",
            "yes_price": 2,
            "no_price": 98,
            "taker_side": "no"
        },
        {
            "trade_id": "94b5c362-7072-422c-9c3a-8e958a005589",
            "ticker": "KXHIGHAUS-24NOV17-T80",
            "count": 49,
            "created_time": "2024-11-17T06:32:26.021796Z",
            "yes_price": 2,
            "no_price": 98,
            "taker_side": "no"
        },
        {
            "trade_id": "c3940dbc-5ea3-4557-8301-a280e863e2ba",
            "ticker": "KXHIGHAUS-24NOV17-T80",
            "count": 16,
            "created_time": "2024-11-17T06:11:04.644801Z",
            "yes_price": 2,
            "no_price": 98,
            "taker_side": "no"
        },
        {
            "trade_id": "28b2f067-6b38-4183-b356-2bdfca869f68",
            "ticker": "KXHIGHAUS-24NOV17-T80",
            "count": 18,
            "created_time": "2024-11-17T06:06:47.663116Z",
            "yes_price": 2,
            "no_price": 98,
            "taker_side": "no"
        },
        {
            "trade_id": "b1713b24-f2ce-4ef8-af1c-0249613ad61f",
            "ticker": "KXHIGHAUS-24NOV17-T80",
            "count": 9,
            "created_time": "2024-11-17T06:03:06.978533Z",
            "yes_price": 2,
            "no_price": 98,
            "taker_side": "no"
        },
        {
            "trade_id": "8b09c18a-9038-45d0-ad69-9d26fd2702af",
            "ticker": "KXHIGHAUS-24NOV17-T80",
            "count": 117,
            "created_time": "2024-11-17T06:02:06.687995Z",
            "yes_price": 2,
            "no_price": 98,
            "taker_side": "no"
        },
        {
            "trade_id": "c4e1498e-71c3-4742-8f5c-4bb19948ab6d",
            "ticker": "KXHIGHAUS-24NOV17-T80",
            "count": 76,
            "created_time": "2024-11-17T06:01:44.384501Z",
            "yes_price": 2,
            "no_price": 98,
            "taker_side": "no"
        },
        {
            "trade_id": "e07db08d-bc70-4523-9ee7-ea6a2423ff32",
            "ticker": "KXHIGHAUS-24NOV17-T80",
            "count": 7,
            "created_time": "2024-11-17T06:01:28.517601Z",
            "yes_price": 2,
            "no_price": 98,
            "taker_side": "no"
        },
        {
            "trade_id": "a5777b0d-a6a8-4409-9c6f-e4f9bcef7e4a",
            "ticker": "KXHIGHAUS-24NOV17-T80",
            "count": 58,
            "created_time": "2024-11-17T05:47:02.005862Z",
            "yes_price": 5,
            "no_price": 95,
            "taker_side": "no"
        },
        {
            "trade_id": "8ecdd4c8-77bb-4646-b529-8ed822ae345c",
            "ticker": "KXHIGHAUS-24NOV17-T80",
            "count": 71,
            "created_time": "2024-11-17T05:03:08.742975Z",
            "yes_price": 6,
            "no_price": 94,
            "taker_side": "no"
        },
        {
            "trade_id": "cb115ee9-33a5-4854-bc2f-2c4d367cb93d",
            "ticker": "KXHIGHAUS-24NOV17-T80",
            "count": 71,
            "created_time": "2024-11-17T05:03:07.219928Z",
            "yes_price": 6,
            "no_price": 94,
            "taker_side": "no"
        },
        {
            "trade_id": "94e7a155-15cc-4f3a-924e-848c9cc31ba8",
            "ticker": "KXHIGHAUS-24NOV17-T80",
            "count": 29,
            "created_time": "2024-11-17T04:25:33.971597Z",
            "yes_price": 2,
            "no_price": 98,
            "taker_side": "no"
        },
        {
            "trade_id": "457069cc-62dd-46cd-8b49-466e9a5cccef",
            "ticker": "KXHIGHAUS-24NOV17-T80",
            "count": 277,
            "created_time": "2024-11-17T03:22:45.157278Z",
            "yes_price": 2,
            "no_price": 98,
            "taker_side": "no"
        },
        {
            "trade_id": "d014484b-dbaf-4820-bfbc-259c6772d3e1",
            "ticker": "KXHIGHAUS-24NOV17-T80",
            "count": 18,
            "created_time": "2024-11-17T01:12:22.420303Z",
            "yes_price": 2,
            "no_price": 98,
            "taker_side": "no"
        },
        {
            "trade_id": "98435059-965c-4233-b572-6227001fcc2a",
            "ticker": "KXHIGHAUS-24NOV17-T80",
            "count": 105,
            "created_time": "2024-11-17T01:09:10.90584Z",
            "yes_price": 2,
            "no_price": 98,
            "taker_side": "no"
        },
        {
            "trade_id": "dbc887c7-122e-4bc3-9658-9a0fd099b374",
            "ticker": "KXHIGHAUS-24NOV17-T80",
            "count": 100,
            "created_time": "2024-11-17T00:58:27.63279Z",
            "yes_price": 2,
            "no_price": 98,
            "taker_side": "no"
        },
        {
            "trade_id": "5e1eaee0-cd13-4f54-ba82-2dc153c4be4f",
            "ticker": "KXHIGHAUS-24NOV17-T80",
            "count": 105,
            "created_time": "2024-11-17T00:53:26.096988Z",
            "yes_price": 1,
            "no_price": 99,
            "taker_side": "yes"
        },
        {
            "trade_id": "0f5b3bb3-3431-410b-9656-e2e993812b4c",
            "ticker": "KXHIGHAUS-24NOV17-T80",
            "count": 15,
            "created_time": "2024-11-16T22:24:10.178554Z",
            "yes_price": 1,
            "no_price": 99,
            "taker_side": "yes"
        },
        {
            "trade_id": "845f7e76-f200-4f18-9685-d65822c6e353",
            "ticker": "KXHIGHAUS-24NOV17-T80",
            "count": 120,
            "created_time": "2024-11-16T15:15:15.518748Z",
            "yes_price": 1,
            "no_price": 99,
            "taker_side": "no"
        }
    ],
    "KXHIGHAUS-24NOV17-B80.5": [
        {
            "trade_id": "ae0a1b5e-7c90-49d4-9c47-342a10d305fa",
            "ticker": "KXHIGHAUS-24NOV17-B80.5",
            "count": 149,
            "created_time": "2024-11-17T23:00:25.548452Z",
            "yes_price": 1,
            "no_price": 99,
            "taker_side": "yes"
        },
        {
            "trade_id": "f7dd45b8-8dcf-401c-ab83-88a473fff1a7",
            "ticker": "KXHIGHAUS-24NOV17-B80.5",
            "count": 1,
            "created_time": "2024-11-17T17:14:45.352954Z",
            "yes_price": 1,
            "no_price": 99,
            "taker_side": "yes"
        },
        {
            "trade_id": "ca9a73c6-233f-4a89-99cd-c0c069615fdf",
            "ticker": "KXHIGHAUS-24NOV17-B80.5",
            "count": 70,
            "created_time": "2024-11-17T17:14:45.352954Z",
            "yes_price": 1,
            "no_price": 99,
            "taker_side": "yes"
        },
        {
            "trade_id": "7d38f9a5-f2a2-486d-a0e8-8de2e156685e",
            "ticker": "KXHIGHAUS-24NOV17-B80.5",
            "count": 48,
            "created_time": "2024-11-17T17:14:45.352954Z",
            "yes_price": 1,
            "no_price": 99,
            "taker_side": "yes"
        },
        {
            "trade_id": "5751dc69-b5f6-4674-a143-6ec91efd02f0",
            "ticker": "KXHIGHAUS-24NOV17-B80.5",
            "count": 250,
            "created_time": "2024-11-17T17:14:45.352954Z",
            "yes_price": 1,
            "no_price": 99,
            "taker_side": "yes"
        },
        {
            "trade_id": "4a6cdb68-ca3d-4a66-8a09-dfab58fe3d04",
            "ticker": "KXHIGHAUS-24NOV17-B80.5",
            "count": 48,
            "created_time": "2024-11-17T17:14:45.352954Z",
            "yes_price": 2,
            "no_price": 98,
            "taker_side": "yes"
        },
        {
            "trade_id": "fe3f749b-595b-4e2d-b155-34e696a5aafa",
            "ticker": "KXHIGHAUS-24NOV17-B80.5",
            "count": 102,
            "created_time": "2024-11-17T15:46:08.804216Z",
            "yes_price": 1,
            "no_price": 99,
            "taker_side": "yes"
        },
        {
            "trade_id": "8625c4b0-b331-46c2-ac2a-7e451dcd7690",
            "ticker": "KXHIGHAUS-24NOV17-B80.5",
            "count": 30,
            "created_time": "2024-11-17T15:36:22.024592Z",
            "yes_price": 1,
            "no_price": 99,
            "taker_side": "yes"
        },
        {
            "trade_id": "f779b40e-0e49-478d-9bcf-174ff517e405",
            "ticker": "KXHIGHAUS-24NOV17-B80.5",
            "count": 304,
            "created_time": "2024-11-17T15:04:05.859426Z",
            "yes_price": 2,
            "no_price": 98,
            "taker_side": "yes"
        },
        {
            "trade_id": "e67fca88-ab9c-456f-98c3-a83173380427",
            "ticker": "KXHIGHAUS-24NOV17-B80.5",
            "count": 35,
            "created_time": "2024-11-17T15:04:05.859426Z",
            "yes_price": 2,
            "no_price": 98,
            "taker_side": "yes"
        },
        {
            "trade_id": "b88f3ce0-5eba-4a02-8cf0-08c2b86a32b4",
            "ticker": "KXHIGHAUS-24NOV17-B80.5",
            "count": 200,
            "created_time": "2024-11-17T15:04:05.859426Z",
            "yes_price": 4,
            "no_price": 96,
            "taker_side": "yes"
        },
        {
            "trade_id": "b2a743f3-06f1-496e-a93e-992ea732ef27",
            "ticker": "KXHIGHAUS-24NOV17-B80.5",
            "count": 75,
            "created_time": "2024-11-17T15:04:05.859426Z",
            "yes_price": 9,
            "no_price": 91,
            "taker_side": "yes"
        },
        {
            "trade_id": "96ea88f4-832f-4fa8-a898-e803f2b67dc7",
            "ticker": "KXHIGHAUS-24NOV17-B80.5",
            "count": 200,
            "created_time": "2024-11-17T15:04:05.859426Z",
            "yes_price": 5,
            "no_price": 95,
            "taker_side": "yes"
        },
        {
            "trade_id": "540b4196-b560-4b8a-95e8-1f7ca46a9368",
            "ticker": "KXHIGHAUS-24NOV17-B80.5",
            "count": 80,
            "created_time": "2024-11-17T15:04:05.859426Z",
            "yes_price": 8,
            "no_price": 92,
            "taker_side": "yes"
        },
        {
            "trade_id": "381bc0e7-02f3-4e3a-a490-4751b58ba2d0",
            "ticker": "KXHIGHAUS-24NOV17-B80.5",
            "count": 100,
            "created_time": "2024-11-17T15:04:05.859426Z",
            "yes_price": 2,
            "no_price": 98,
            "taker_side": "yes"
        },
        {
            "trade_id": "1541a2da-cc8a-4f42-b238-2222a12ebb22",
            "ticker": "KXHIGHAUS-24NOV17-B80.5",
            "count": 155,
            "created_time": "2024-11-17T15:04:05.859426Z",
            "yes_price": 1,
            "no_price": 99,
            "taker_side": "yes"
        },
        {
            "trade_id": "06fd75d7-ae4f-43ad-8972-6c87e6c21452",
            "ticker": "KXHIGHAUS-24NOV17-B80.5",
            "count": 178,
            "created_time": "2024-11-17T15:04:05.859426Z",
            "yes_price": 3,
            "no_price": 97,
            "taker_side": "yes"
        },
        {
            "trade_id": "57b0720c-27d7-45a4-9dc4-81310c6a43c6",
            "ticker": "KXHIGHAUS-24NOV17-B80.5",
            "count": 1,
            "created_time": "2024-11-17T14:45:46.441868Z",
            "yes_price": 1,
            "no_price": 99,
            "taker_side": "yes"
        },
        {
            "trade_id": "e8406eb7-b1ae-47f8-ac3b-c84f0f3c2618",
            "ticker": "KXHIGHAUS-24NOV17-B80.5",
            "count": 20,
            "created_time": "2024-11-17T13:09:25.543115Z",
            "yes_price": 2,
            "no_price": 98,
            "taker_side": "yes"
        },
        {
            "trade_id": "91a547b8-6dce-4e15-b160-e6dcffa4843f",
            "ticker": "KXHIGHAUS-24NOV17-B80.5",
            "count": 26,
            "created_time": "2024-11-17T13:09:25.543115Z",
            "yes_price": 2,
            "no_price": 98,
            "taker_side": "yes"
        },
        {
            "trade_id": "e6e1537c-6b38-4aca-ab81-5da134c4e157",
            "ticker": "KXHIGHAUS-24NOV17-B80.5",
            "count": 11,
            "created_time": "2024-11-17T07:57:13.434614Z",
            "yes_price": 1,
            "no_price": 99,
            "taker_side": "no"
        },
        {
            "trade_id": "471f437f-f38f-4c71-866d-3560f5641911",
            "ticker": "KXHIGHAUS-24NOV17-B80.5",
            "count": 8,
            "created_time": "2024-11-17T07:51:56.242856Z",
            "yes_price": 1,
            "no_price": 99,
            "taker_side": "no"
        },
        {
            "trade_id": "6f51ec1e-0f06-4264-acda-590d9bf17a90",
            "ticker": "KXHIGHAUS-24NOV17-B80.5",
            "count": 21,
            "created_time": "2024-11-17T07:40:47.426579Z",
            "yes_price": 1,
            "no_price": 99,
            "taker_side": "no"
        },
        {
            "trade_id": "c692c91f-f719-4c73-bea0-1361b32b42d4",
            "ticker": "KXHIGHAUS-24NOV17-B80.5",
            "count": 7,
            "created_time": "2024-11-17T07:22:25.149991Z",
            "yes_price": 1,
            "no_price": 99,
            "taker_side": "no"
        },
        {
            "trade_id": "27a0a09b-cc80-4596-817b-bac2a3453dea",
            "ticker": "KXHIGHAUS-24NOV17-B80.5",
            "count": 30,
            "created_time": "2024-11-17T07:21:35.324668Z",
            "yes_price": 1,
            "no_price": 99,
            "taker_side": "no"
        },
        {
            "trade_id": "1ba85dd3-7904-4c41-b373-8b570b7448b0",
            "ticker": "KXHIGHAUS-24NOV17-B80.5",
            "count": 5,
            "created_time": "2024-11-17T07:20:01.138093Z",
            "yes_price": 1,
            "no_price": 99,
            "taker_side": "no"
        },
        {
            "trade_id": "75c64172-9c16-44d5-b3eb-329a8e918fe3",
            "ticker": "KXHIGHAUS-24NOV17-B80.5",
            "count": 15,
            "created_time": "2024-11-17T07:19:07.084093Z",
            "yes_price": 1,
            "no_price": 99,
            "taker_side": "no"
        },
        {
            "trade_id": "21b2530f-a9c7-4317-902a-0d2eb52838e9",
            "ticker": "KXHIGHAUS-24NOV17-B80.5",
            "count": 2,
            "created_time": "2024-11-17T07:18:01.941341Z",
            "yes_price": 1,
            "no_price": 99,
            "taker_side": "no"
        },
        {
            "trade_id": "f0b763c1-26e7-48ac-9e94-cd8e2d15b1df",
            "ticker": "KXHIGHAUS-24NOV17-B80.5",
            "count": 200,
            "created_time": "2024-11-17T07:13:20.471362Z",
            "yes_price": 2,
            "no_price": 98,
            "taker_side": "yes"
        },
        {
            "trade_id": "abf4a5ec-4824-4c19-b578-b078bb42a1f3",
            "ticker": "KXHIGHAUS-24NOV17-B80.5",
            "count": 22,
            "created_time": "2024-11-17T07:13:20.471362Z",
            "yes_price": 3,
            "no_price": 97,
            "taker_side": "yes"
        },
        {
            "trade_id": "b3be5998-b431-454c-b0a6-1679b579997a",
            "ticker": "KXHIGHAUS-24NOV17-B80.5",
            "count": 30,
            "created_time": "2024-11-17T07:11:39.318925Z",
            "yes_price": 1,
            "no_price": 99,
            "taker_side": "no"
        },
        {
            "trade_id": "cd7dbf69-15ea-4808-92e6-4e3287a8850c",
            "ticker": "KXHIGHAUS-24NOV17-B80.5",
            "count": 30,
            "created_time": "2024-11-17T07:10:42.593419Z",
            "yes_price": 1,
            "no_price": 99,
            "taker_side": "no"
        },
        {
            "trade_id": "561db769-763d-4ba5-b1e0-69fac93f8dfd",
            "ticker": "KXHIGHAUS-24NOV17-B80.5",
            "count": 71,
            "created_time": "2024-11-17T07:10:31.740864Z",
            "yes_price": 1,
            "no_price": 99,
            "taker_side": "no"
        },
        {
            "trade_id": "afd7c096-b728-4880-8350-7a059346f308",
            "ticker": "KXHIGHAUS-24NOV17-B80.5",
            "count": 100,
            "created_time": "2024-11-17T07:10:26.602283Z",
            "yes_price": 1,
            "no_price": 99,
            "taker_side": "yes"
        },
        {
            "trade_id": "9661faac-e644-4f56-b7c7-e705baec3414",
            "ticker": "KXHIGHAUS-24NOV17-B80.5",
            "count": 16,
            "created_time": "2024-11-17T06:11:04.63915Z",
            "yes_price": 1,
            "no_price": 99,
            "taker_side": "no"
        },
        {
            "trade_id": "575bf18a-fc1b-41ea-839b-7860e2c73b27",
            "ticker": "KXHIGHAUS-24NOV17-B80.5",
            "count": 18,
            "created_time": "2024-11-17T06:06:47.642882Z",
            "yes_price": 1,
            "no_price": 99,
            "taker_side": "no"
        },
        {
            "trade_id": "ca8ccb7a-e7d4-4f05-b8a9-739d52e7375d",
            "ticker": "KXHIGHAUS-24NOV17-B80.5",
            "count": 9,
            "created_time": "2024-11-17T06:03:06.974401Z",
            "yes_price": 1,
            "no_price": 99,
            "taker_side": "no"
        },
        {
            "trade_id": "e3227895-22e6-4dbb-8def-9d71e5fc5f75",
            "ticker": "KXHIGHAUS-24NOV17-B80.5",
            "count": 82,
            "created_time": "2024-11-17T06:02:06.648571Z",
            "yes_price": 1,
            "no_price": 99,
            "taker_side": "no"
        },
        {
            "trade_id": "41fd6935-4bad-454e-9b73-13f6e92664a6",
            "ticker": "KXHIGHAUS-24NOV17-B80.5",
            "count": 35,
            "created_time": "2024-11-17T06:02:06.648571Z",
            "yes_price": 1,
            "no_price": 99,
            "taker_side": "no"
        },
        {
            "trade_id": "6e3c7832-7d8c-4741-82f4-46ed0a3008e5",
            "ticker": "KXHIGHAUS-24NOV17-B80.5",
            "count": 76,
            "created_time": "2024-11-17T06:01:44.415487Z",
            "yes_price": 1,
            "no_price": 99,
            "taker_side": "no"
        },
        {
            "trade_id": "da1834db-38a6-48c7-be28-84d418c9fb56",
            "ticker": "KXHIGHAUS-24NOV17-B80.5",
            "count": 7,
            "created_time": "2024-11-17T06:01:28.556429Z",
            "yes_price": 1,
            "no_price": 99,
            "taker_side": "no"
        },
        {
            "trade_id": "e7ba267f-2292-4c5c-a368-bfceebf590b8",
            "ticker": "KXHIGHAUS-24NOV17-B80.5",
            "count": 31,
            "created_time": "2024-11-17T05:03:08.746396Z",
            "yes_price": 2,
            "no_price": 98,
            "taker_side": "no"
        },
        {
            "trade_id": "7ccb916c-aee2-4c5b-948c-f5d4394d11d0",
            "ticker": "KXHIGHAUS-24NOV17-B80.5",
            "count": 40,
            "created_time": "2024-11-17T05:03:08.746396Z",
            "yes_price": 2,
            "no_price": 98,
            "taker_side": "no"
        },
        {
            "trade_id": "e348ec02-e6cd-45cb-af5f-99d06959c5cc",
            "ticker": "KXHIGHAUS-24NOV17-B80.5",
            "count": 71,
            "created_time": "2024-11-17T05:03:07.209085Z",
            "yes_price": 4,
            "no_price": 96,
            "taker_side": "no"
        },
        {
            "trade_id": "1050ae44-ba04-4da6-a0bf-00ed48f24f67",
            "ticker": "KXHIGHAUS-24NOV17-B80.5",
            "count": 29,
            "created_time": "2024-11-17T04:25:33.980361Z",
            "yes_price": 4,
            "no_price": 96,
            "taker_side": "no"
        },
        {
            "trade_id": "ceeaecd3-6f68-4987-8ed2-a4b927e170d8",
            "ticker": "KXHIGHAUS-24NOV17-B80.5",
            "count": 41,
            "created_time": "2024-11-17T04:12:41.599545Z",
            "yes_price": 7,
            "no_price": 93,
            "taker_side": "yes"
        },
        {
            "trade_id": "bf61cc2e-4f59-4170-a975-dff3eaef95bd",
            "ticker": "KXHIGHAUS-24NOV17-B80.5",
            "count": 32,
            "created_time": "2024-11-17T04:12:41.599545Z",
            "yes_price": 6,
            "no_price": 94,
            "taker_side": "yes"
        },
        {
            "trade_id": "0f3e8cb5-fea2-4895-8785-8c75986efbed",
            "ticker": "KXHIGHAUS-24NOV17-B80.5",
            "count": 17,
            "created_time": "2024-11-17T03:38:27.426088Z",
            "yes_price": 6,
            "no_price": 94,
            "taker_side": "yes"
        },
        {
            "trade_id": "050f16a7-caf0-4f8d-ada3-79097819d5f6",
            "ticker": "KXHIGHAUS-24NOV17-B80.5",
            "count": 3,
            "created_time": "2024-11-17T03:33:33.699501Z",
            "yes_price": 5,
            "no_price": 95,
            "taker_side": "yes"
        },
        {
            "trade_id": "4159f404-ca48-443e-9cb6-78ae2f077ead",
            "ticker": "KXHIGHAUS-24NOV17-B80.5",
            "count": 40,
            "created_time": "2024-11-17T02:11:24.765893Z",
            "yes_price": 4,
            "no_price": 96,
            "taker_side": "yes"
        },
        {
            "trade_id": "1cfcaff7-44c1-4a9e-acd6-b267a05b93f2",
            "ticker": "KXHIGHAUS-24NOV17-B80.5",
            "count": 61,
            "created_time": "2024-11-17T02:11:24.765893Z",
            "yes_price": 5,
            "no_price": 95,
            "taker_side": "yes"
        },
        {
            "trade_id": "99291500-57d7-43f4-a023-56a1670f632c",
            "ticker": "KXHIGHAUS-24NOV17-B80.5",
            "count": 18,
            "created_time": "2024-11-17T01:12:22.42238Z",
            "yes_price": 1,
            "no_price": 99,
            "taker_side": "no"
        },
        {
            "trade_id": "13b947e3-2bdc-4207-8501-3de224bc6f63",
            "ticker": "KXHIGHAUS-24NOV17-B80.5",
            "count": 45,
            "created_time": "2024-11-16T23:40:43.285139Z",
            "yes_price": 1,
            "no_price": 99,
            "taker_side": "no"
        },
        {
            "trade_id": "7e987057-941c-410b-9870-2ab01ab5cefb",
            "ticker": "KXHIGHAUS-24NOV17-B80.5",
            "count": 1,
            "created_time": "2024-11-16T22:19:04.093683Z",
            "yes_price": 6,
            "no_price": 94,
            "taker_side": "yes"
        },
        {
            "trade_id": "be40e39d-d3f2-4d53-baae-157d19c424ab",
            "ticker": "KXHIGHAUS-24NOV17-B80.5",
            "count": 81,
            "created_time": "2024-11-16T21:42:37.08252Z",
            "yes_price": 1,
            "no_price": 99,
            "taker_side": "no"
        },
        {
            "trade_id": "2389d1f0-0846-4102-88c9-46c21fc4bded",
            "ticker": "KXHIGHAUS-24NOV17-B80.5",
            "count": 19,
            "created_time": "2024-11-16T21:42:37.08252Z",
            "yes_price": 1,
            "no_price": 99,
            "taker_side": "no"
        },
        {
            "trade_id": "0ecf199f-b218-4785-b634-ced13a23bdba",
            "ticker": "KXHIGHAUS-24NOV17-B80.5",
            "count": 34,
            "created_time": "2024-11-16T20:08:22.183021Z",
            "yes_price": 1,
            "no_price": 99,
            "taker_side": "no"
        },
        {
            "trade_id": "a9ac359b-b3d1-413c-9c1d-8df71fd094bf",
            "ticker": "KXHIGHAUS-24NOV17-B80.5",
            "count": 1,
            "created_time": "2024-11-16T17:30:16.685508Z",
            "yes_price": 8,
            "no_price": 92,
            "taker_side": "yes"
        },
        {
            "trade_id": "e2f83742-4eaf-4019-b8e7-8963922e8535",
            "ticker": "KXHIGHAUS-24NOV17-B80.5",
            "count": 5,
            "created_time": "2024-11-16T17:08:32.859675Z",
            "yes_price": 1,
            "no_price": 99,
            "taker_side": "no"
        }
    ],
    "KXHIGHAUS-24NOV17-B82.5": [
        {
            "trade_id": "f37613f8-0737-49de-b019-b987b62c7da3",
            "ticker": "KXHIGHAUS-24NOV17-B82.5",
            "count": 110,
            "created_time": "2024-11-17T21:36:35.712943Z",
            "yes_price": 1,
            "no_price": 99,
            "taker_side": "yes"
        },
        {
            "trade_id": "d4455b8b-1c53-4cec-9de0-46fd9d6fdfe4",
            "ticker": "KXHIGHAUS-24NOV17-B82.5",
            "count": 437,
            "created_time": "2024-11-17T21:34:27.100995Z",
            "yes_price": 1,
            "no_price": 99,
            "taker_side": "yes"
        },
        {
            "trade_id": "c4b85039-9ad7-4a7e-b2f9-f126825cfcf9",
            "ticker": "KXHIGHAUS-24NOV17-B82.5",
            "count": 147,
            "created_time": "2024-11-17T21:34:27.100995Z",
            "yes_price": 1,
            "no_price": 99,
            "taker_side": "yes"
        },
        {
            "trade_id": "9acfd0a2-4a60-47e1-a5fb-324a45b2d105",
            "ticker": "KXHIGHAUS-24NOV17-B82.5",
            "count": 250,
            "created_time": "2024-11-17T21:34:27.100995Z",
            "yes_price": 1,
            "no_price": 99,
            "taker_side": "yes"
        },
        {
            "trade_id": "776e2109-83eb-487f-badc-801406999b40",
            "ticker": "KXHIGHAUS-24NOV17-B82.5",
            "count": 1000,
            "created_time": "2024-11-17T21:34:27.100995Z",
            "yes_price": 1,
            "no_price": 99,
            "taker_side": "yes"
        },
        {
            "trade_id": "36e66958-e0e3-48ae-b6a2-bdff53107583",
            "ticker": "KXHIGHAUS-24NOV17-B82.5",
            "count": 250,
            "created_time": "2024-11-17T21:34:27.100995Z",
            "yes_price": 1,
            "no_price": 99,
            "taker_side": "yes"
        },
        {
            "trade_id": "144f993c-5dcb-43a9-9a2a-b1d9e9b7c598",
            "ticker": "KXHIGHAUS-24NOV17-B82.5",
            "count": 250,
            "created_time": "2024-11-17T21:34:27.100995Z",
            "yes_price": 1,
            "no_price": 99,
            "taker_side": "yes"
        },
        {
            "trade_id": "e9d22a61-85f4-4ccf-ba23-6913115e9e55",
            "ticker": "KXHIGHAUS-24NOV17-B82.5",
            "count": 93,
            "created_time": "2024-11-17T21:28:35.081321Z",
            "yes_price": 1,
            "no_price": 99,
            "taker_side": "yes"
        },
        {
            "trade_id": "785c7064-abae-4806-9fea-dd0832b83d7d",
            "ticker": "KXHIGHAUS-24NOV17-B82.5",
            "count": 3,
            "created_time": "2024-11-17T19:51:20.452991Z",
            "yes_price": 1,
            "no_price": 99,
            "taker_side": "yes"
        },
        {
            "trade_id": "3c848bf2-bde1-4f11-b8ae-29e61974a473",
            "ticker": "KXHIGHAUS-24NOV17-B82.5",
            "count": 7,
            "created_time": "2024-11-17T19:50:20.044552Z",
            "yes_price": 1,
            "no_price": 99,
            "taker_side": "yes"
        },
        {
            "trade_id": "ac21beca-2c15-405f-abfd-dc35ae4dfdb9",
            "ticker": "KXHIGHAUS-24NOV17-B82.5",
            "count": 1142,
            "created_time": "2024-11-17T19:00:08.753398Z",
            "yes_price": 1,
            "no_price": 99,
            "taker_side": "yes"
        },
        {
            "trade_id": "3e8c7ef1-b1cb-42f1-9a7a-7bd523414bcf",
            "ticker": "KXHIGHAUS-24NOV17-B82.5",
            "count": 3533,
            "created_time": "2024-11-17T19:00:08.753398Z",
            "yes_price": 1,
            "no_price": 99,
            "taker_side": "yes"
        },
        {
            "trade_id": "9a060bc1-a40b-40d7-9083-57e63c48ec33",
            "ticker": "KXHIGHAUS-24NOV17-B82.5",
            "count": 100,
            "created_time": "2024-11-17T18:55:28.086449Z",
            "yes_price": 1,
            "no_price": 99,
            "taker_side": "yes"
        },
        {
            "trade_id": "b608bb46-5780-4f57-a074-7bb077d1bde6",
            "ticker": "KXHIGHAUS-24NOV17-B82.5",
            "count": 233,
            "created_time": "2024-11-17T18:47:53.617294Z",
            "yes_price": 1,
            "no_price": 99,
            "taker_side": "yes"
        },
        {
            "trade_id": "fa73d257-c105-4d26-94e4-7b8c3360b0aa",
            "ticker": "KXHIGHAUS-24NOV17-B82.5",
            "count": 25,
            "created_time": "2024-11-17T18:47:51.425219Z",
            "yes_price": 1,
            "no_price": 99,
            "taker_side": "no"
        },
        {
            "trade_id": "f5357d96-04ba-41eb-9da7-b814151a698d",
            "ticker": "KXHIGHAUS-24NOV17-B82.5",
            "count": 150,
            "created_time": "2024-11-17T18:41:21.358006Z",
            "yes_price": 1,
            "no_price": 99,
            "taker_side": "yes"
        },
        {
            "trade_id": "927a52dd-41e9-422a-ad2e-6695a565220d",
            "ticker": "KXHIGHAUS-24NOV17-B82.5",
            "count": 11,
            "created_time": "2024-11-17T18:41:21.358006Z",
            "yes_price": 3,
            "no_price": 97,
            "taker_side": "yes"
        },
        {
            "trade_id": "3156a8f1-e870-4359-91b8-67675b9b3a3a",
            "ticker": "KXHIGHAUS-24NOV17-B82.5",
            "count": 1,
            "created_time": "2024-11-17T18:41:21.358006Z",
            "yes_price": 2,
            "no_price": 98,
            "taker_side": "yes"
        },
        {
            "trade_id": "eef08018-c5e2-499e-bb75-84713e1a799a",
            "ticker": "KXHIGHAUS-24NOV17-B82.5",
            "count": 262,
            "created_time": "2024-11-17T18:38:28.392051Z",
            "yes_price": 1,
            "no_price": 99,
            "taker_side": "no"
        },
        {
            "trade_id": "723be795-0f5c-4289-aa8e-350880944181",
            "ticker": "KXHIGHAUS-24NOV17-B82.5",
            "count": 10,
            "created_time": "2024-11-17T18:35:30.334967Z",
            "yes_price": 1,
            "no_price": 99,
            "taker_side": "no"
        },
        {
            "trade_id": "78b4fd4e-e87d-4cf1-9a1e-13745c793f45",
            "ticker": "KXHIGHAUS-24NOV17-B82.5",
            "count": 102,
            "created_time": "2024-11-17T18:31:03.30346Z",
            "yes_price": 2,
            "no_price": 98,
            "taker_side": "yes"
        },
        {
            "trade_id": "858a6f8d-19d3-44fc-b2e8-8598a5af3a0f",
            "ticker": "KXHIGHAUS-24NOV17-B82.5",
            "count": 26,
            "created_time": "2024-11-17T18:21:10.367553Z",
            "yes_price": 2,
            "no_price": 98,
            "taker_side": "yes"
        },
        {
            "trade_id": "34fa641c-3d04-4898-88fe-32851b64012a",
            "ticker": "KXHIGHAUS-24NOV17-B82.5",
            "count": 29,
            "created_time": "2024-11-17T18:21:10.367553Z",
            "yes_price": 2,
            "no_price": 98,
            "taker_side": "yes"
        },
        {
            "trade_id": "c0509f86-4221-4eb7-9cb9-436acec788b6",
            "ticker": "KXHIGHAUS-24NOV17-B82.5",
            "count": 50,
            "created_time": "2024-11-17T18:18:35.202799Z",
            "yes_price": 1,
            "no_price": 99,
            "taker_side": "no"
        },
        {
            "trade_id": "78c9091a-8a9f-4338-aa5a-e9b1c057a7b0",
            "ticker": "KXHIGHAUS-24NOV17-B82.5",
            "count": 150,
            "created_time": "2024-11-17T18:13:38.247368Z",
            "yes_price": 1,
            "no_price": 99,
            "taker_side": "no"
        },
        {
            "trade_id": "9975180a-d377-47f3-91c6-afce44c36dc4",
            "ticker": "KXHIGHAUS-24NOV17-B82.5",
            "count": 35,
            "created_time": "2024-11-17T18:12:26.101126Z",
            "yes_price": 1,
            "no_price": 99,
            "taker_side": "no"
        },
        {
            "trade_id": "a22fd27a-57aa-4f51-a396-183e71189575",
            "ticker": "KXHIGHAUS-24NOV17-B82.5",
            "count": 17,
            "created_time": "2024-11-17T18:10:20.321341Z",
            "yes_price": 1,
            "no_price": 99,
            "taker_side": "no"
        },
        {
            "trade_id": "2669a605-d686-4ddc-9287-8057b6807814",
            "ticker": "KXHIGHAUS-24NOV17-B82.5",
            "count": 8,
            "created_time": "2024-11-17T18:10:04.270469Z",
            "yes_price": 1,
            "no_price": 99,
            "taker_side": "no"
        },
        {
            "trade_id": "42bbc348-f047-445d-af60-407956e869b3",
            "ticker": "KXHIGHAUS-24NOV17-B82.5",
            "count": 7,
            "created_time": "2024-11-17T18:06:26.64018Z",
            "yes_price": 1,
            "no_price": 99,
            "taker_side": "no"
        },
        {
            "trade_id": "11328749-b94c-4b90-b668-bfad7b7c9b10",
            "ticker": "KXHIGHAUS-24NOV17-B82.5",
            "count": 21,
            "created_time": "2024-11-17T18:05:49.597363Z",
            "yes_price": 2,
            "no_price": 98,
            "taker_side": "yes"
        },
        {
            "trade_id": "4ab18e41-b75d-4d22-bd16-559b266100a2",
            "ticker": "KXHIGHAUS-24NOV17-B82.5",
            "count": 104,
            "created_time": "2024-11-17T18:04:59.540311Z",
            "yes_price": 1,
            "no_price": 99,
            "taker_side": "no"
        },
        {
            "trade_id": "d332e9cc-cf86-4fb6-be71-7ca6e6ff1755",
            "ticker": "KXHIGHAUS-24NOV17-B82.5",
            "count": 3,
            "created_time": "2024-11-17T18:03:37.05867Z",
            "yes_price": 2,
            "no_price": 98,
            "taker_side": "yes"
        },
        {
            "trade_id": "9da9f795-2070-421b-b826-7719e334e44f",
            "ticker": "KXHIGHAUS-24NOV17-B82.5",
            "count": 2,
            "created_time": "2024-11-17T17:46:38.085892Z",
            "yes_price": 2,
            "no_price": 98,
            "taker_side": "no"
        },
        {
            "trade_id": "8ee0a7e3-d4f3-4c2f-b665-a8e01c257838",
            "ticker": "KXHIGHAUS-24NOV17-B82.5",
            "count": 200,
            "created_time": "2024-11-17T17:46:38.085892Z",
            "yes_price": 2,
            "no_price": 98,
            "taker_side": "no"
        },
        {
            "trade_id": "b6268b6a-d830-4923-a73a-0f1bc227e6e2",
            "ticker": "KXHIGHAUS-24NOV17-B82.5",
            "count": 650,
            "created_time": "2024-11-17T17:44:40.641725Z",
            "yes_price": 1,
            "no_price": 99,
            "taker_side": "yes"
        },
        {
            "trade_id": "29f19844-ed4e-4ba8-abcf-2897a98764f3",
            "ticker": "KXHIGHAUS-24NOV17-B82.5",
            "count": 2,
            "created_time": "2024-11-17T17:44:40.641725Z",
            "yes_price": 1,
            "no_price": 99,
            "taker_side": "yes"
        },
        {
            "trade_id": "0726298e-a0d7-4a4e-ac58-4468f4bd0ff6",
            "ticker": "KXHIGHAUS-24NOV17-B82.5",
            "count": 43,
            "created_time": "2024-11-17T17:38:07.603957Z",
            "yes_price": 1,
            "no_price": 99,
            "taker_side": "no"
        },
        {
            "trade_id": "e8cbb38b-533e-4355-a6a2-27338ff80f3a",
            "ticker": "KXHIGHAUS-24NOV17-B82.5",
            "count": 56,
            "created_time": "2024-11-17T17:35:00.512024Z",
            "yes_price": 1,
            "no_price": 99,
            "taker_side": "no"
        },
        {
            "trade_id": "f5a2fcda-3ea4-4f7d-96c7-29abf9248cd0",
            "ticker": "KXHIGHAUS-24NOV17-B82.5",
            "count": 1,
            "created_time": "2024-11-17T17:33:30.945528Z",
            "yes_price": 3,
            "no_price": 97,
            "taker_side": "yes"
        },
        {
            "trade_id": "598ec706-c43d-4906-af1b-a064a0bee586",
            "ticker": "KXHIGHAUS-24NOV17-B82.5",
            "count": 249,
            "created_time": "2024-11-17T17:14:14.23246Z",
            "yes_price": 3,
            "no_price": 97,
            "taker_side": "yes"
        },
        {
            "trade_id": "6682cf32-616b-458f-bee4-4146a9b4d40b",
            "ticker": "KXHIGHAUS-24NOV17-B82.5",
            "count": 6,
            "created_time": "2024-11-17T17:09:53.949341Z",
            "yes_price": 1,
            "no_price": 99,
            "taker_side": "no"
        },
        {
            "trade_id": "547f2015-f6fc-4398-a717-9f0f10a586a9",
            "ticker": "KXHIGHAUS-24NOV17-B82.5",
            "count": 144,
            "created_time": "2024-11-17T17:09:53.949341Z",
            "yes_price": 1,
            "no_price": 99,
            "taker_side": "no"
        },
        {
            "trade_id": "68d8aaf1-4fe4-4676-ae2b-8001f1486487",
            "ticker": "KXHIGHAUS-24NOV17-B82.5",
            "count": 1,
            "created_time": "2024-11-17T17:07:22.356728Z",
            "yes_price": 2,
            "no_price": 98,
            "taker_side": "no"
        },
        {
            "trade_id": "668c7230-2b60-429e-9874-bd21bf90344b",
            "ticker": "KXHIGHAUS-24NOV17-B82.5",
            "count": 100,
            "created_time": "2024-11-17T17:07:22.356728Z",
            "yes_price": 2,
            "no_price": 98,
            "taker_side": "no"
        },
        {
            "trade_id": "8670f1b6-a5c6-46f2-89b9-98da89365780",
            "ticker": "KXHIGHAUS-24NOV17-B82.5",
            "count": 230,
            "created_time": "2024-11-17T17:02:31.448313Z",
            "yes_price": 2,
            "no_price": 98,
            "taker_side": "no"
        },
        {
            "trade_id": "cd801f69-1d22-4bc9-93b8-5b3cf5fec224",
            "ticker": "KXHIGHAUS-24NOV17-B82.5",
            "count": 405,
            "created_time": "2024-11-17T16:51:30.931648Z",
            "yes_price": 3,
            "no_price": 97,
            "taker_side": "yes"
        },
        {
            "trade_id": "bf16b80e-2c9c-4499-90be-f3103ff11151",
            "ticker": "KXHIGHAUS-24NOV17-B82.5",
            "count": 200,
            "created_time": "2024-11-17T16:51:30.931648Z",
            "yes_price": 7,
            "no_price": 93,
            "taker_side": "yes"
        },
        {
            "trade_id": "5651f5de-581c-4fd5-b8f4-0c308a39f629",
            "ticker": "KXHIGHAUS-24NOV17-B82.5",
            "count": 80,
            "created_time": "2024-11-17T16:51:30.931648Z",
            "yes_price": 10,
            "no_price": 90,
            "taker_side": "yes"
        },
        {
            "trade_id": "3d611c49-aac7-4a48-bec2-3383a4149b72",
            "ticker": "KXHIGHAUS-24NOV17-B82.5",
            "count": 127,
            "created_time": "2024-11-17T16:51:30.931648Z",
            "yes_price": 10,
            "no_price": 90,
            "taker_side": "yes"
        },
        {
            "trade_id": "2f5bffe5-8c18-4996-88e1-21cc9ffb691f",
            "ticker": "KXHIGHAUS-24NOV17-B82.5",
            "count": 25,
            "created_time": "2024-11-17T16:50:45.922078Z",
            "yes_price": 3,
            "no_price": 97,
            "taker_side": "yes"
        },
        {
            "trade_id": "aa49a4bc-e3ab-4407-9071-1d8b09ee817f",
            "ticker": "KXHIGHAUS-24NOV17-B82.5",
            "count": 99,
            "created_time": "2024-11-17T16:47:45.116343Z",
            "yes_price": 3,
            "no_price": 97,
            "taker_side": "no"
        },
        {
            "trade_id": "39f698ad-bc64-4303-9719-4fd21a8db0fb",
            "ticker": "KXHIGHAUS-24NOV17-B82.5",
            "count": 100,
            "created_time": "2024-11-17T16:47:45.116343Z",
            "yes_price": 3,
            "no_price": 97,
            "taker_side": "no"
        },
        {
            "trade_id": "6de135e6-d9ad-47d9-8660-fb32c18720ea",
            "ticker": "KXHIGHAUS-24NOV17-B82.5",
            "count": 7,
            "created_time": "2024-11-17T16:40:19.987003Z",
            "yes_price": 3,
            "no_price": 97,
            "taker_side": "no"
        },
        {
            "trade_id": "6209edb2-1f5e-4204-b819-0d4fc2b25e34",
            "ticker": "KXHIGHAUS-24NOV17-B82.5",
            "count": 10,
            "created_time": "2024-11-17T16:39:04.008653Z",
            "yes_price": 3,
            "no_price": 97,
            "taker_side": "no"
        },
        {
            "trade_id": "5128f83a-49e9-4318-89ba-a340f230d919",
            "ticker": "KXHIGHAUS-24NOV17-B82.5",
            "count": 32,
            "created_time": "2024-11-17T16:25:59.114118Z",
            "yes_price": 3,
            "no_price": 97,
            "taker_side": "no"
        },
        {
            "trade_id": "84ffa286-8470-482c-959e-b8f784a9ec82",
            "ticker": "KXHIGHAUS-24NOV17-B82.5",
            "count": 160,
            "created_time": "2024-11-17T16:23:07.969574Z",
            "yes_price": 4,
            "no_price": 96,
            "taker_side": "no"
        },
        {
            "trade_id": "4bea13b3-0388-4d4c-858d-f32e3ff505bb",
            "ticker": "KXHIGHAUS-24NOV17-B82.5",
            "count": 47,
            "created_time": "2024-11-17T16:23:07.969574Z",
            "yes_price": 3,
            "no_price": 97,
            "taker_side": "no"
        },
        {
            "trade_id": "1cc973e5-9a06-4bd3-999e-ebf3562719f2",
            "ticker": "KXHIGHAUS-24NOV17-B82.5",
            "count": 6,
            "created_time": "2024-11-17T16:22:34.908493Z",
            "yes_price": 4,
            "no_price": 96,
            "taker_side": "no"
        },
        {
            "trade_id": "f8c98c4b-bd76-4476-8d41-5d6783ab8884",
            "ticker": "KXHIGHAUS-24NOV17-B82.5",
            "count": 249,
            "created_time": "2024-11-17T16:22:25.542771Z",
            "yes_price": 4,
            "no_price": 96,
            "taker_side": "no"
        },
        {
            "trade_id": "f23bcfcf-ab6e-439a-9b9e-87308a6a8111",
            "ticker": "KXHIGHAUS-24NOV17-B82.5",
            "count": 10,
            "created_time": "2024-11-17T16:19:12.958221Z",
            "yes_price": 4,
            "no_price": 96,
            "taker_side": "no"
        },
        {
            "trade_id": "9cf87f54-d113-4cf8-9d9f-cd960fdeb3d6",
            "ticker": "KXHIGHAUS-24NOV17-B82.5",
            "count": 14,
            "created_time": "2024-11-17T16:08:26.051848Z",
            "yes_price": 4,
            "no_price": 96,
            "taker_side": "no"
        },
        {
            "trade_id": "fd1bceb8-a1c7-49e6-aac7-085ed00da577",
            "ticker": "KXHIGHAUS-24NOV17-B82.5",
            "count": 86,
            "created_time": "2024-11-17T16:08:26.042879Z",
            "yes_price": 4,
            "no_price": 96,
            "taker_side": "no"
        },
        {
            "trade_id": "6ca87208-c55a-4700-8c50-604fee522a7c",
            "ticker": "KXHIGHAUS-24NOV17-B82.5",
            "count": 195,
            "created_time": "2024-11-17T16:08:25.971704Z",
            "yes_price": 4,
            "no_price": 96,
            "taker_side": "no"
        },
        {
            "trade_id": "e0602d0d-63c3-4e0a-876f-8e995a21f4b5",
            "ticker": "KXHIGHAUS-24NOV17-B82.5",
            "count": 70,
            "created_time": "2024-11-17T16:05:29.274789Z",
            "yes_price": 6,
            "no_price": 94,
            "taker_side": "yes"
        },
        {
            "trade_id": "4d1cce0d-2e78-45aa-ac45-3d9169c7bb98",
            "ticker": "KXHIGHAUS-24NOV17-B82.5",
            "count": 280,
            "created_time": "2024-11-17T16:04:21.32444Z",
            "yes_price": 4,
            "no_price": 96,
            "taker_side": "no"
        },
        {
            "trade_id": "f6617fc8-42cf-421a-aa81-50b7c05aad62",
            "ticker": "KXHIGHAUS-24NOV17-B82.5",
            "count": 105,
            "created_time": "2024-11-17T16:00:35.069325Z",
            "yes_price": 3,
            "no_price": 97,
            "taker_side": "no"
        },
        {
            "trade_id": "eff104f8-2848-4ea4-8396-67c78fa04715",
            "ticker": "KXHIGHAUS-24NOV17-B82.5",
            "count": 28,
            "created_time": "2024-11-17T15:56:22.193382Z",
            "yes_price": 7,
            "no_price": 93,
            "taker_side": "yes"
        },
        {
            "trade_id": "80b062e8-f30f-4043-9829-794eaa2f29e4",
            "ticker": "KXHIGHAUS-24NOV17-B82.5",
            "count": 73,
            "created_time": "2024-11-17T15:56:22.193382Z",
            "yes_price": 8,
            "no_price": 92,
            "taker_side": "yes"
        },
        {
            "trade_id": "206dc5b2-1ee2-45f8-845e-6466c0f16053",
            "ticker": "KXHIGHAUS-24NOV17-B82.5",
            "count": 196,
            "created_time": "2024-11-17T15:56:22.193382Z",
            "yes_price": 6,
            "no_price": 94,
            "taker_side": "yes"
        },
        {
            "trade_id": "8d980271-e849-4686-b2ca-17ff9ca27d6e",
            "ticker": "KXHIGHAUS-24NOV17-B82.5",
            "count": 50,
            "created_time": "2024-11-17T15:56:10.525304Z",
            "yes_price": 2,
            "no_price": 98,
            "taker_side": "no"
        },
        {
            "trade_id": "ffbb825c-96fd-4184-ab2c-fc31f49a7400",
            "ticker": "KXHIGHAUS-24NOV17-B82.5",
            "count": 84,
            "created_time": "2024-11-17T15:55:01.427041Z",
            "yes_price": 2,
            "no_price": 98,
            "taker_side": "yes"
        },
        {
            "trade_id": "86676209-8a66-47d8-8c54-8a1a0536740c",
            "ticker": "KXHIGHAUS-24NOV17-B82.5",
            "count": 301,
            "created_time": "2024-11-17T15:55:01.427041Z",
            "yes_price": 5,
            "no_price": 95,
            "taker_side": "yes"
        },
        {
            "trade_id": "395f1010-617c-476a-a33f-c1347a64be52",
            "ticker": "KXHIGHAUS-24NOV17-B82.5",
            "count": 50,
            "created_time": "2024-11-17T15:55:01.427041Z",
            "yes_price": 4,
            "no_price": 96,
            "taker_side": "yes"
        },
        {
            "trade_id": "b71f6690-c49c-4f91-8b6c-51f75a3d0418",
            "ticker": "KXHIGHAUS-24NOV17-B82.5",
            "count": 50,
            "created_time": "2024-11-17T15:53:52.45363Z",
            "yes_price": 2,
            "no_price": 98,
            "taker_side": "no"
        },
        {
            "trade_id": "a5ce4867-fe4b-4806-82f2-2af8977ad901",
            "ticker": "KXHIGHAUS-24NOV17-B82.5",
            "count": 102,
            "created_time": "2024-11-17T15:53:52.45363Z",
            "yes_price": 2,
            "no_price": 98,
            "taker_side": "no"
        },
        {
            "trade_id": "613e75fc-6f01-47eb-ae48-80ccf41726fe",
            "ticker": "KXHIGHAUS-24NOV17-B82.5",
            "count": 102,
            "created_time": "2024-11-17T15:52:06.204761Z",
            "yes_price": 2,
            "no_price": 98,
            "taker_side": "no"
        },
        {
            "trade_id": "6acc4b28-c8f0-4371-aa1e-335a8cf32bcf",
            "ticker": "KXHIGHAUS-24NOV17-B82.5",
            "count": 497,
            "created_time": "2024-11-17T15:43:11.443157Z",
            "yes_price": 4,
            "no_price": 96,
            "taker_side": "no"
        },
        {
            "trade_id": "4697c24b-7ee0-4bec-9f04-94460a12731f",
            "ticker": "KXHIGHAUS-24NOV17-B82.5",
            "count": 100,
            "created_time": "2024-11-17T15:43:11.443157Z",
            "yes_price": 4,
            "no_price": 96,
            "taker_side": "no"
        },
        {
            "trade_id": "0f8f55c8-2c62-481e-9bff-6d44fceed359",
            "ticker": "KXHIGHAUS-24NOV17-B82.5",
            "count": 59,
            "created_time": "2024-11-17T15:43:11.443157Z",
            "yes_price": 4,
            "no_price": 96,
            "taker_side": "no"
        },
        {
            "trade_id": "11f62cdb-cc05-4e28-8fed-8670e10bb2da",
            "ticker": "KXHIGHAUS-24NOV17-B82.5",
            "count": 13,
            "created_time": "2024-11-17T15:42:16.024762Z",
            "yes_price": 4,
            "no_price": 96,
            "taker_side": "no"
        },
        {
            "trade_id": "1717a8b4-a2cc-4c97-8c4f-91d69e621808",
            "ticker": "KXHIGHAUS-24NOV17-B82.5",
            "count": 16,
            "created_time": "2024-11-17T15:41:45.73072Z",
            "yes_price": 3,
            "no_price": 97,
            "taker_side": "no"
        },
        {
            "trade_id": "be2a4605-521d-4f29-8123-2f0aff0dd3a5",
            "ticker": "KXHIGHAUS-24NOV17-B82.5",
            "count": 400,
            "created_time": "2024-11-17T15:38:14.857415Z",
            "yes_price": 7,
            "no_price": 93,
            "taker_side": "yes"
        },
        {
            "trade_id": "b0f1b9d8-a9f4-459e-8c50-0f8d358fdbd1",
            "ticker": "KXHIGHAUS-24NOV17-B82.5",
            "count": 204,
            "created_time": "2024-11-17T15:38:14.857415Z",
            "yes_price": 9,
            "no_price": 91,
            "taker_side": "yes"
        },
        {
            "trade_id": "7ed17606-a120-4bed-be8b-b0c664a1133c",
            "ticker": "KXHIGHAUS-24NOV17-B82.5",
            "count": 318,
            "created_time": "2024-11-17T15:38:14.857415Z",
            "yes_price": 15,
            "no_price": 85,
            "taker_side": "yes"
        },
        {
            "trade_id": "e77a7acb-8873-4886-9569-8f03452fc192",
            "ticker": "KXHIGHAUS-24NOV17-B82.5",
            "count": 6,
            "created_time": "2024-11-17T15:36:22.048333Z",
            "yes_price": 2,
            "no_price": 98,
            "taker_side": "yes"
        },
        {
            "trade_id": "9ce4c8df-169c-4f1b-95ee-22612efab5b0",
            "ticker": "KXHIGHAUS-24NOV17-B82.5",
            "count": 24,
            "created_time": "2024-11-17T15:36:22.048333Z",
            "yes_price": 6,
            "no_price": 94,
            "taker_side": "yes"
        },
        {
            "trade_id": "de343c71-33ce-4192-9ee8-06f13b81517f",
            "ticker": "KXHIGHAUS-24NOV17-B82.5",
            "count": 335,
            "created_time": "2024-11-17T15:33:09.236729Z",
            "yes_price": 1,
            "no_price": 99,
            "taker_side": "no"
        },
        {
            "trade_id": "d854452b-8bef-4b4d-85ef-fc41265f2e3e",
            "ticker": "KXHIGHAUS-24NOV17-B82.5",
            "count": 154,
            "created_time": "2024-11-17T15:33:09.236729Z",
            "yes_price": 2,
            "no_price": 98,
            "taker_side": "no"
        },
        {
            "trade_id": "b30a57c5-a7af-409d-aebe-9fef7e722ae8",
            "ticker": "KXHIGHAUS-24NOV17-B82.5",
            "count": 120,
            "created_time": "2024-11-17T15:33:09.236729Z",
            "yes_price": 1,
            "no_price": 99,
            "taker_side": "no"
        },
        {
            "trade_id": "7cca3cf1-d4c4-4392-8424-6b7b665aec83",
            "ticker": "KXHIGHAUS-24NOV17-B82.5",
            "count": 122,
            "created_time": "2024-11-17T15:33:09.236729Z",
            "yes_price": 2,
            "no_price": 98,
            "taker_side": "no"
        },
        {
            "trade_id": "612ce130-cc7f-400e-8a50-ee8ad6f816fb",
            "ticker": "KXHIGHAUS-24NOV17-B82.5",
            "count": 399,
            "created_time": "2024-11-17T15:33:09.236729Z",
            "yes_price": 3,
            "no_price": 97,
            "taker_side": "no"
        },
        {
            "trade_id": "4afde40d-9bf7-40b9-9c51-4e4014f29334",
            "ticker": "KXHIGHAUS-24NOV17-B82.5",
            "count": 134,
            "created_time": "2024-11-17T15:33:09.236729Z",
            "yes_price": 2,
            "no_price": 98,
            "taker_side": "no"
        },
        {
            "trade_id": "26516fa2-43c8-4b72-a235-5398d7472e3f",
            "ticker": "KXHIGHAUS-24NOV17-B82.5",
            "count": 1000,
            "created_time": "2024-11-17T15:33:09.236729Z",
            "yes_price": 1,
            "no_price": 99,
            "taker_side": "no"
        },
        {
            "trade_id": "bc4ef1af-8edf-4257-bd54-9adbaf96e054",
            "ticker": "KXHIGHAUS-24NOV17-B82.5",
            "count": 2,
            "created_time": "2024-11-17T15:31:45.422578Z",
            "yes_price": 13,
            "no_price": 87,
            "taker_side": "yes"
        },
        {
            "trade_id": "33cb8c92-a091-4077-93c0-8e6b931be2fc",
            "ticker": "KXHIGHAUS-24NOV17-B82.5",
            "count": 1,
            "created_time": "2024-11-17T15:31:00.341914Z",
            "yes_price": 3,
            "no_price": 97,
            "taker_side": "no"
        },
        {
            "trade_id": "3702adb7-ca58-4b7c-bf79-2ed74a0bbd02",
            "ticker": "KXHIGHAUS-24NOV17-B82.5",
            "count": 6,
            "created_time": "2024-11-17T15:18:51.800523Z",
            "yes_price": 13,
            "no_price": 87,
            "taker_side": "yes"
        },
        {
            "trade_id": "821c5c27-5b63-4ca6-8d44-26ff6e4ce6a7",
            "ticker": "KXHIGHAUS-24NOV17-B82.5",
            "count": 7,
            "created_time": "2024-11-17T15:17:06.308036Z",
            "yes_price": 2,
            "no_price": 98,
            "taker_side": "no"
        },
        {
            "trade_id": "a91a4b47-c09a-492f-ab5a-883daf4a5f0a",
            "ticker": "KXHIGHAUS-24NOV17-B82.5",
            "count": 100,
            "created_time": "2024-11-17T15:16:31.656951Z",
            "yes_price": 2,
            "no_price": 98,
            "taker_side": "no"
        },
        {
            "trade_id": "8e103e3f-f0fb-44f8-ba20-1f586e9c6d71",
            "ticker": "KXHIGHAUS-24NOV17-B82.5",
            "count": 6,
            "created_time": "2024-11-17T15:08:43.844113Z",
            "yes_price": 14,
            "no_price": 86,
            "taker_side": "yes"
        },
        {
            "trade_id": "57dbc9e4-ad8d-4494-aff8-5514073dad08",
            "ticker": "KXHIGHAUS-24NOV17-B82.5",
            "count": 47,
            "created_time": "2024-11-17T15:06:53.673396Z",
            "yes_price": 16,
            "no_price": 84,
            "taker_side": "yes"
        },
        {
            "trade_id": "a1bf7dce-a3c9-4462-8d2c-6349cfcab759",
            "ticker": "KXHIGHAUS-24NOV17-B82.5",
            "count": 35,
            "created_time": "2024-11-17T15:05:40.063903Z",
            "yes_price": 8,
            "no_price": 92,
            "taker_side": "no"
        },
        {
            "trade_id": "75cb5b01-e879-4cac-b6e7-5e7017b1aefa",
            "ticker": "KXHIGHAUS-24NOV17-B82.5",
            "count": 16,
            "created_time": "2024-11-17T15:04:42.449044Z",
            "yes_price": 8,
            "no_price": 92,
            "taker_side": "no"
        },
        {
            "trade_id": "003a3e85-8fef-4f89-8570-ce299908c745",
            "ticker": "KXHIGHAUS-24NOV17-B82.5",
            "count": 29,
            "created_time": "2024-11-17T15:04:31.652914Z",
            "yes_price": 8,
            "no_price": 92,
            "taker_side": "no"
        },
        {
            "trade_id": "cf4991b6-e22b-404d-9a7b-3356bce5417e",
            "ticker": "KXHIGHAUS-24NOV17-B82.5",
            "count": 200,
            "created_time": "2024-11-17T15:03:15.129892Z",
            "yes_price": 14,
            "no_price": 86,
            "taker_side": "yes"
        },
        {
            "trade_id": "ba8ed2bb-4722-4b2a-98e9-62ec91597e95",
            "ticker": "KXHIGHAUS-24NOV17-B82.5",
            "count": 40,
            "created_time": "2024-11-17T15:03:15.129892Z",
            "yes_price": 14,
            "no_price": 86,
            "taker_side": "yes"
        },
        {
            "trade_id": "b6b43d4a-23bb-4934-9f4a-e4cfa84580cd",
            "ticker": "KXHIGHAUS-24NOV17-B82.5",
            "count": 100,
            "created_time": "2024-11-17T15:03:15.129892Z",
            "yes_price": 12,
            "no_price": 88,
            "taker_side": "yes"
        },
        {
            "trade_id": "6df69bb2-f58a-407e-bcbb-394b0a3fde65",
            "ticker": "KXHIGHAUS-24NOV17-B82.5",
            "count": 200,
            "created_time": "2024-11-17T15:03:15.129892Z",
            "yes_price": 13,
            "no_price": 87,
            "taker_side": "yes"
        },
        {
            "trade_id": "66757ebe-7182-46a4-8029-ff1608d82b3d",
            "ticker": "KXHIGHAUS-24NOV17-B82.5",
            "count": 40,
            "created_time": "2024-11-17T15:03:15.129892Z",
            "yes_price": 13,
            "no_price": 87,
            "taker_side": "yes"
        },
        {
            "trade_id": "610856f2-61fa-4469-bb59-84c6acb57399",
            "ticker": "KXHIGHAUS-24NOV17-B82.5",
            "count": 1841,
            "created_time": "2024-11-17T15:03:15.129892Z",
            "yes_price": 19,
            "no_price": 81,
            "taker_side": "yes"
        },
        {
            "trade_id": "47baac34-6226-43b9-85e8-1fad4a7514c5",
            "ticker": "KXHIGHAUS-24NOV17-B82.5",
            "count": 200,
            "created_time": "2024-11-17T15:03:15.129892Z",
            "yes_price": 18,
            "no_price": 82,
            "taker_side": "yes"
        },
        {
            "trade_id": "16c52a05-4867-48d7-809e-848799f8e490",
            "ticker": "KXHIGHAUS-24NOV17-B82.5",
            "count": 67,
            "created_time": "2024-11-17T15:03:15.129892Z",
            "yes_price": 12,
            "no_price": 88,
            "taker_side": "yes"
        },
        {
            "trade_id": "04def08b-5b06-46b5-a2e2-9ca57763b891",
            "ticker": "KXHIGHAUS-24NOV17-B82.5",
            "count": 11,
            "created_time": "2024-11-17T15:03:15.129892Z",
            "yes_price": 18,
            "no_price": 82,
            "taker_side": "yes"
        },
        {
            "trade_id": "fbaad376-d7b1-4a47-a411-f87a55f4ef5e",
            "ticker": "KXHIGHAUS-24NOV17-B82.5",
            "count": 25,
            "created_time": "2024-11-17T15:02:27.003831Z",
            "yes_price": 11,
            "no_price": 89,
            "taker_side": "yes"
        },
        {
            "trade_id": "21f6d014-5eef-41da-9a9c-94e8c8776fe8",
            "ticker": "KXHIGHAUS-24NOV17-B82.5",
            "count": 133,
            "created_time": "2024-11-17T15:02:27.003831Z",
            "yes_price": 12,
            "no_price": 88,
            "taker_side": "yes"
        },
        {
            "trade_id": "a332fcfa-6671-4cdd-a3fe-5a1c03e11ba9",
            "ticker": "KXHIGHAUS-24NOV17-B82.5",
            "count": 72,
            "created_time": "2024-11-17T14:51:54.478181Z",
            "yes_price": 12,
            "no_price": 88,
            "taker_side": "yes"
        },
        {
            "trade_id": "78096b17-4d8d-4b78-b131-a332ed2aac76",
            "ticker": "KXHIGHAUS-24NOV17-B82.5",
            "count": 1,
            "created_time": "2024-11-17T14:51:54.478181Z",
            "yes_price": 10,
            "no_price": 90,
            "taker_side": "yes"
        },
        {
            "trade_id": "68e3e2c5-0d55-4978-bfae-48d7cf5ce4d6",
            "ticker": "KXHIGHAUS-24NOV17-B82.5",
            "count": 9,
            "created_time": "2024-11-17T14:51:54.478181Z",
            "yes_price": 7,
            "no_price": 93,
            "taker_side": "yes"
        },
        {
            "trade_id": "03d5c4f6-1cab-4555-93f7-0e2386c96805",
            "ticker": "KXHIGHAUS-24NOV17-B82.5",
            "count": 1,
            "created_time": "2024-11-17T14:46:43.203431Z",
            "yes_price": 9,
            "no_price": 91,
            "taker_side": "yes"
        },
        {
            "trade_id": "db0f5110-85c6-4bb6-9ecb-7de972b37137",
            "ticker": "KXHIGHAUS-24NOV17-B82.5",
            "count": 4,
            "created_time": "2024-11-17T14:29:25.777283Z",
            "yes_price": 13,
            "no_price": 87,
            "taker_side": "yes"
        },
        {
            "trade_id": "ce50af42-795c-410a-a4d9-11d1b4a6ed02",
            "ticker": "KXHIGHAUS-24NOV17-B82.5",
            "count": 89,
            "created_time": "2024-11-17T14:29:25.777283Z",
            "yes_price": 13,
            "no_price": 87,
            "taker_side": "yes"
        },
        {
            "trade_id": "ce231c3f-706a-4ed2-833c-fc3c6a1141f9",
            "ticker": "KXHIGHAUS-24NOV17-B82.5",
            "count": 240,
            "created_time": "2024-11-17T14:29:25.777283Z",
            "yes_price": 12,
            "no_price": 88,
            "taker_side": "yes"
        },
        {
            "trade_id": "bd94f907-f5d7-4224-9390-be59bc88d292",
            "ticker": "KXHIGHAUS-24NOV17-B82.5",
            "count": 100,
            "created_time": "2024-11-17T14:29:25.777283Z",
            "yes_price": 14,
            "no_price": 86,
            "taker_side": "yes"
        },
        {
            "trade_id": "a6f31ca5-81f6-40d1-a187-62663524830c",
            "ticker": "KXHIGHAUS-24NOV17-B82.5",
            "count": 147,
            "created_time": "2024-11-17T14:29:25.777283Z",
            "yes_price": 13,
            "no_price": 87,
            "taker_side": "yes"
        },
        {
            "trade_id": "91010e29-3669-4e40-8cad-709de68548ea",
            "ticker": "KXHIGHAUS-24NOV17-B82.5",
            "count": 300,
            "created_time": "2024-11-17T14:29:25.777283Z",
            "yes_price": 17,
            "no_price": 83,
            "taker_side": "yes"
        },
        {
            "trade_id": "7a918c78-f0a9-450d-8dd4-12306bafd20f",
            "ticker": "KXHIGHAUS-24NOV17-B82.5",
            "count": 100,
            "created_time": "2024-11-17T14:29:25.777283Z",
            "yes_price": 14,
            "no_price": 86,
            "taker_side": "yes"
        },
        {
            "trade_id": "68c21d39-faad-4b82-8211-2b9098eb5543",
            "ticker": "KXHIGHAUS-24NOV17-B82.5",
            "count": 200,
            "created_time": "2024-11-17T14:29:25.777283Z",
            "yes_price": 15,
            "no_price": 85,
            "taker_side": "yes"
        },
        {
            "trade_id": "36375ddc-b184-476f-80c7-cb6769761956",
            "ticker": "KXHIGHAUS-24NOV17-B82.5",
            "count": 100,
            "created_time": "2024-11-17T14:29:25.777283Z",
            "yes_price": 14,
            "no_price": 86,
            "taker_side": "yes"
        },
        {
            "trade_id": "2e097f03-0464-4705-b913-7d1741e9bbfd",
            "ticker": "KXHIGHAUS-24NOV17-B82.5",
            "count": 40,
            "created_time": "2024-11-17T14:29:25.777283Z",
            "yes_price": 14,
            "no_price": 86,
            "taker_side": "yes"
        },
        {
            "trade_id": "295d928d-5760-4c1e-9d0e-774a8cca4089",
            "ticker": "KXHIGHAUS-24NOV17-B82.5",
            "count": 1528,
            "created_time": "2024-11-17T14:29:25.777283Z",
            "yes_price": 18,
            "no_price": 82,
            "taker_side": "yes"
        },
        {
            "trade_id": "10bfc08e-ab49-42e8-a3c1-0e8519ba47c1",
            "ticker": "KXHIGHAUS-24NOV17-B82.5",
            "count": 72,
            "created_time": "2024-11-17T14:29:25.777283Z",
            "yes_price": 12,
            "no_price": 88,
            "taker_side": "yes"
        },
        {
            "trade_id": "64f1f088-813e-4701-bc52-3f742a959d92",
            "ticker": "KXHIGHAUS-24NOV17-B82.5",
            "count": 78,
            "created_time": "2024-11-17T14:27:53.975235Z",
            "yes_price": 12,
            "no_price": 88,
            "taker_side": "yes"
        },
        {
            "trade_id": "33bf90f1-01f0-48f1-b0da-215a33951ae3",
            "ticker": "KXHIGHAUS-24NOV17-B82.5",
            "count": 7,
            "created_time": "2024-11-17T14:14:20.620767Z",
            "yes_price": 13,
            "no_price": 87,
            "taker_side": "yes"
        },
        {
            "trade_id": "ef782244-a02b-46f7-ba69-f8c6fca0df75",
            "ticker": "KXHIGHAUS-24NOV17-B82.5",
            "count": 50,
            "created_time": "2024-11-17T14:14:03.862692Z",
            "yes_price": 13,
            "no_price": 87,
            "taker_side": "yes"
        },
        {
            "trade_id": "904efc61-e993-40bc-9661-9f0ab84175f0",
            "ticker": "KXHIGHAUS-24NOV17-B82.5",
            "count": 10,
            "created_time": "2024-11-17T14:13:19.314902Z",
            "yes_price": 13,
            "no_price": 87,
            "taker_side": "yes"
        },
        {
            "trade_id": "ad6f2058-e7ab-4663-9ed0-3f2bfc3dd52f",
            "ticker": "KXHIGHAUS-24NOV17-B82.5",
            "count": 1,
            "created_time": "2024-11-17T14:13:00.247731Z",
            "yes_price": 11,
            "no_price": 89,
            "taker_side": "yes"
        },
        {
            "trade_id": "85aadd7c-2fce-4049-aa08-fb1bc08a59c7",
            "ticker": "KXHIGHAUS-24NOV17-B82.5",
            "count": 100,
            "created_time": "2024-11-17T14:13:00.247731Z",
            "yes_price": 12,
            "no_price": 88,
            "taker_side": "yes"
        },
        {
            "trade_id": "7af70b91-67ec-43c3-b68a-43b0056f2eb6",
            "ticker": "KXHIGHAUS-24NOV17-B82.5",
            "count": 19,
            "created_time": "2024-11-17T14:13:00.247731Z",
            "yes_price": 10,
            "no_price": 90,
            "taker_side": "yes"
        },
        {
            "trade_id": "6ae3649c-eda1-4032-a438-c89781d5a40a",
            "ticker": "KXHIGHAUS-24NOV17-B82.5",
            "count": 29,
            "created_time": "2024-11-17T14:13:00.247731Z",
            "yes_price": 13,
            "no_price": 87,
            "taker_side": "yes"
        },
        {
            "trade_id": "bb614276-5420-4a71-ab55-f3166ae94ce9",
            "ticker": "KXHIGHAUS-24NOV17-B82.5",
            "count": 99,
            "created_time": "2024-11-17T14:10:40.489878Z",
            "yes_price": 2,
            "no_price": 98,
            "taker_side": "no"
        },
        {
            "trade_id": "2abef210-cde5-4f5b-bcf6-14992fd37346",
            "ticker": "KXHIGHAUS-24NOV17-B82.5",
            "count": 82,
            "created_time": "2024-11-17T14:09:59.610821Z",
            "yes_price": 3,
            "no_price": 97,
            "taker_side": "no"
        },
        {
            "trade_id": "3c0d5360-2bbf-4b90-856a-f216d8cc969f",
            "ticker": "KXHIGHAUS-24NOV17-B82.5",
            "count": 3,
            "created_time": "2024-11-17T13:51:34.042911Z",
            "yes_price": 14,
            "no_price": 86,
            "taker_side": "yes"
        },
        {
            "trade_id": "b8d3fceb-39a6-4a63-a878-43f6d4c88807",
            "ticker": "KXHIGHAUS-24NOV17-B82.5",
            "count": 6,
            "created_time": "2024-11-17T13:48:22.673799Z",
            "yes_price": 15,
            "no_price": 85,
            "taker_side": "yes"
        },
        {
            "trade_id": "f96b8456-19cf-4bd4-9510-fd232cf2ceaa",
            "ticker": "KXHIGHAUS-24NOV17-B82.5",
            "count": 285,
            "created_time": "2024-11-17T13:47:18.899572Z",
            "yes_price": 6,
            "no_price": 94,
            "taker_side": "yes"
        },
        {
            "trade_id": "ec5ac693-370c-442f-92de-564bfd19a9fb",
            "ticker": "KXHIGHAUS-24NOV17-B82.5",
            "count": 100,
            "created_time": "2024-11-17T13:47:18.899572Z",
            "yes_price": 12,
            "no_price": 88,
            "taker_side": "yes"
        },
        {
            "trade_id": "e41d2bf7-7a6d-472a-b5b9-b81ad8c548d9",
            "ticker": "KXHIGHAUS-24NOV17-B82.5",
            "count": 25,
            "created_time": "2024-11-17T13:47:18.899572Z",
            "yes_price": 10,
            "no_price": 90,
            "taker_side": "yes"
        },
        {
            "trade_id": "cc094b71-2965-4bde-b830-d8c258a5a291",
            "ticker": "KXHIGHAUS-24NOV17-B82.5",
            "count": 100,
            "created_time": "2024-11-17T13:47:18.899572Z",
            "yes_price": 7,
            "no_price": 93,
            "taker_side": "yes"
        },
        {
            "trade_id": "c7769f7c-cba8-47c0-a8a5-3fb64fa91e4a",
            "ticker": "KXHIGHAUS-24NOV17-B82.5",
            "count": 80,
            "created_time": "2024-11-17T13:47:18.899572Z",
            "yes_price": 13,
            "no_price": 87,
            "taker_side": "yes"
        },
        {
            "trade_id": "ba7b36eb-e0fc-4c6a-a368-7f9452148fc8",
            "ticker": "KXHIGHAUS-24NOV17-B82.5",
            "count": 100,
            "created_time": "2024-11-17T13:47:18.899572Z",
            "yes_price": 12,
            "no_price": 88,
            "taker_side": "yes"
        },
        {
            "trade_id": "b2cafc24-4235-4975-8f13-ef9641c4a71c",
            "ticker": "KXHIGHAUS-24NOV17-B82.5",
            "count": 344,
            "created_time": "2024-11-17T13:47:18.899572Z",
            "yes_price": 7,
            "no_price": 93,
            "taker_side": "yes"
        },
        {
            "trade_id": "8563e33b-88db-4b41-94d2-17b566cd9cf3",
            "ticker": "KXHIGHAUS-24NOV17-B82.5",
            "count": 1091,
            "created_time": "2024-11-17T13:47:18.899572Z",
            "yes_price": 18,
            "no_price": 82,
            "taker_side": "yes"
        },
        {
            "trade_id": "6f87cc2d-48cf-4015-a57c-f008148bde4d",
            "ticker": "KXHIGHAUS-24NOV17-B82.5",
            "count": 100,
            "created_time": "2024-11-17T13:47:18.899572Z",
            "yes_price": 8,
            "no_price": 92,
            "taker_side": "yes"
        },
        {
            "trade_id": "581d0568-d5f2-46cc-8c75-cfcec3df62dd",
            "ticker": "KXHIGHAUS-24NOV17-B82.5",
            "count": 11,
            "created_time": "2024-11-17T13:47:18.899572Z",
            "yes_price": 17,
            "no_price": 83,
            "taker_side": "yes"
        },
        {
            "trade_id": "4f2ca15a-0b20-49b1-b8be-718dc3959384",
            "ticker": "KXHIGHAUS-24NOV17-B82.5",
            "count": 160,
            "created_time": "2024-11-17T13:47:18.899572Z",
            "yes_price": 14,
            "no_price": 86,
            "taker_side": "yes"
        },
        {
            "trade_id": "4030a965-ffab-4ca7-8ac9-bd7aab63734c",
            "ticker": "KXHIGHAUS-24NOV17-B82.5",
            "count": 80,
            "created_time": "2024-11-17T13:47:18.899572Z",
            "yes_price": 14,
            "no_price": 86,
            "taker_side": "yes"
        },
        {
            "trade_id": "2df9def4-e52c-44c5-b993-078a222420d1",
            "ticker": "KXHIGHAUS-24NOV17-B82.5",
            "count": 120,
            "created_time": "2024-11-17T13:47:18.899572Z",
            "yes_price": 13,
            "no_price": 87,
            "taker_side": "yes"
        },
        {
            "trade_id": "d48dbb0f-3cda-41a2-8eea-8eab9f304c93",
            "ticker": "KXHIGHAUS-24NOV17-B82.5",
            "count": 15,
            "created_time": "2024-11-17T13:31:01.413074Z",
            "yes_price": 6,
            "no_price": 94,
            "taker_side": "yes"
        },
        {
            "trade_id": "eda787f4-0d00-413e-8b16-8c5bddc2c050",
            "ticker": "KXHIGHAUS-24NOV17-B82.5",
            "count": 2,
            "created_time": "2024-11-17T13:25:27.82654Z",
            "yes_price": 2,
            "no_price": 98,
            "taker_side": "no"
        },
        {
            "trade_id": "d01ea96f-2d8a-4345-91e2-82cf32cd8f58",
            "ticker": "KXHIGHAUS-24NOV17-B82.5",
            "count": 100,
            "created_time": "2024-11-17T13:25:27.82654Z",
            "yes_price": 3,
            "no_price": 97,
            "taker_side": "no"
        },
        {
            "trade_id": "723e0aa1-2af7-4e79-9c64-ddc13f10304b",
            "ticker": "KXHIGHAUS-24NOV17-B82.5",
            "count": 13,
            "created_time": "2024-11-17T13:10:59.540363Z",
            "yes_price": 7,
            "no_price": 93,
            "taker_side": "yes"
        },
        {
            "trade_id": "fe3d8ee7-9688-4243-b48b-038a7639cdb8",
            "ticker": "KXHIGHAUS-24NOV17-B82.5",
            "count": 13,
            "created_time": "2024-11-17T13:08:56.809675Z",
            "yes_price": 7,
            "no_price": 93,
            "taker_side": "yes"
        },
        {
            "trade_id": "74fa2867-f24d-410a-90fc-ab39fb9d51ac",
            "ticker": "KXHIGHAUS-24NOV17-B82.5",
            "count": 12,
            "created_time": "2024-11-17T13:06:33.989894Z",
            "yes_price": 4,
            "no_price": 96,
            "taker_side": "no"
        },
        {
            "trade_id": "3d51a518-f760-4fe8-9d8a-6cdd1bd0afc9",
            "ticker": "KXHIGHAUS-24NOV17-B82.5",
            "count": 17,
            "created_time": "2024-11-17T13:06:32.227281Z",
            "yes_price": 4,
            "no_price": 96,
            "taker_side": "no"
        },
        {
            "trade_id": "9e5c13b1-ce8d-452b-a47c-a0331b65410c",
            "ticker": "KXHIGHAUS-24NOV17-B82.5",
            "count": 76,
            "created_time": "2024-11-17T13:05:07.103938Z",
            "yes_price": 4,
            "no_price": 96,
            "taker_side": "no"
        },
        {
            "trade_id": "db08211c-2cc2-4708-908b-6a27bb467784",
            "ticker": "KXHIGHAUS-24NOV17-B82.5",
            "count": 1,
            "created_time": "2024-11-17T13:00:35.539859Z",
            "yes_price": 4,
            "no_price": 96,
            "taker_side": "no"
        },
        {
            "trade_id": "a25d8f36-4174-4f4f-b677-f816262e7b36",
            "ticker": "KXHIGHAUS-24NOV17-B82.5",
            "count": 177,
            "created_time": "2024-11-17T13:00:01.953766Z",
            "yes_price": 4,
            "no_price": 96,
            "taker_side": "no"
        },
        {
            "trade_id": "ad91ecf5-530e-41bd-b522-d979fce59b49",
            "ticker": "KXHIGHAUS-24NOV17-B82.5",
            "count": 3,
            "created_time": "2024-11-17T07:59:13.504276Z",
            "yes_price": 7,
            "no_price": 93,
            "taker_side": "yes"
        },
        {
            "trade_id": "dba733db-f657-4811-bdf4-84b94a01d980",
            "ticker": "KXHIGHAUS-24NOV17-B82.5",
            "count": 11,
            "created_time": "2024-11-17T07:57:13.400464Z",
            "yes_price": 4,
            "no_price": 96,
            "taker_side": "no"
        },
        {
            "trade_id": "ecba00e7-8a0d-45e4-84ba-3e202ef1f30b",
            "ticker": "KXHIGHAUS-24NOV17-B82.5",
            "count": 21,
            "created_time": "2024-11-17T07:40:47.449956Z",
            "yes_price": 4,
            "no_price": 96,
            "taker_side": "no"
        },
        {
            "trade_id": "013d3cd4-bed0-4519-890a-33fc92c8f328",
            "ticker": "KXHIGHAUS-24NOV17-B82.5",
            "count": 7,
            "created_time": "2024-11-17T07:22:25.124382Z",
            "yes_price": 4,
            "no_price": 96,
            "taker_side": "no"
        },
        {
            "trade_id": "781a5090-1076-4c1b-a0d4-3e731bbdaa47",
            "ticker": "KXHIGHAUS-24NOV17-B82.5",
            "count": 30,
            "created_time": "2024-11-17T07:21:35.300641Z",
            "yes_price": 4,
            "no_price": 96,
            "taker_side": "no"
        },
        {
            "trade_id": "b2067faf-cdbf-444b-b0d3-758153d5c2bb",
            "ticker": "KXHIGHAUS-24NOV17-B82.5",
            "count": 5,
            "created_time": "2024-11-17T07:20:00.655432Z",
            "yes_price": 4,
            "no_price": 96,
            "taker_side": "no"
        },
        {
            "trade_id": "1be087ce-bd6b-4b2e-a028-9bbf3738c6e0",
            "ticker": "KXHIGHAUS-24NOV17-B82.5",
            "count": 15,
            "created_time": "2024-11-17T07:19:07.086647Z",
            "yes_price": 4,
            "no_price": 96,
            "taker_side": "no"
        },
        {
            "trade_id": "7311d2d6-f1ef-46e3-9ae7-7325e0bd0042",
            "ticker": "KXHIGHAUS-24NOV17-B82.5",
            "count": 2,
            "created_time": "2024-11-17T07:18:01.78924Z",
            "yes_price": 4,
            "no_price": 96,
            "taker_side": "no"
        },
        {
            "trade_id": "c82b853d-16cc-4897-b450-17af6c6bcc1b",
            "ticker": "KXHIGHAUS-24NOV17-B82.5",
            "count": 20,
            "created_time": "2024-11-17T07:16:07.79863Z",
            "yes_price": 9,
            "no_price": 91,
            "taker_side": "yes"
        },
        {
            "trade_id": "be8af1b8-c14c-49fc-b763-89ff671ccb63",
            "ticker": "KXHIGHAUS-24NOV17-B82.5",
            "count": 26,
            "created_time": "2024-11-17T07:11:39.292034Z",
            "yes_price": 4,
            "no_price": 96,
            "taker_side": "no"
        },
        {
            "trade_id": "5e6e90c4-46e2-464f-9b53-8df353994c20",
            "ticker": "KXHIGHAUS-24NOV17-B82.5",
            "count": 4,
            "created_time": "2024-11-17T07:11:39.292034Z",
            "yes_price": 4,
            "no_price": 96,
            "taker_side": "no"
        },
        {
            "trade_id": "f39c023d-df72-4842-887c-7abc752ac1a1",
            "ticker": "KXHIGHAUS-24NOV17-B82.5",
            "count": 1,
            "created_time": "2024-11-17T07:10:42.585158Z",
            "yes_price": 4,
            "no_price": 96,
            "taker_side": "no"
        },
        {
            "trade_id": "f12f9d36-8a15-4898-b36d-bde12eaf6f5e",
            "ticker": "KXHIGHAUS-24NOV17-B82.5",
            "count": 29,
            "created_time": "2024-11-17T07:10:42.585158Z",
            "yes_price": 5,
            "no_price": 95,
            "taker_side": "no"
        },
        {
            "trade_id": "4875ed9b-5ab1-4cee-9601-6eb3c51d0dd6",
            "ticker": "KXHIGHAUS-24NOV17-B82.5",
            "count": 71,
            "created_time": "2024-11-17T07:10:31.738175Z",
            "yes_price": 5,
            "no_price": 95,
            "taker_side": "no"
        },
        {
            "trade_id": "1520a850-7202-41c4-bc74-728b7c827ea9",
            "ticker": "KXHIGHAUS-24NOV17-B82.5",
            "count": 2,
            "created_time": "2024-11-17T07:10:04.819008Z",
            "yes_price": 4,
            "no_price": 96,
            "taker_side": "no"
        },
        {
            "trade_id": "c155a4b3-d7bf-495b-8258-e9449523d543",
            "ticker": "KXHIGHAUS-24NOV17-B82.5",
            "count": 38,
            "created_time": "2024-11-17T07:09:07.07067Z",
            "yes_price": 5,
            "no_price": 95,
            "taker_side": "yes"
        },
        {
            "trade_id": "a58c8f8b-8dbc-445a-953c-70469c82c445",
            "ticker": "KXHIGHAUS-24NOV17-B82.5",
            "count": 25,
            "created_time": "2024-11-17T07:09:07.07067Z",
            "yes_price": 11,
            "no_price": 89,
            "taker_side": "yes"
        },
        {
            "trade_id": "054d7107-412d-452d-8c67-c19b71db4fb9",
            "ticker": "KXHIGHAUS-24NOV17-B82.5",
            "count": 60,
            "created_time": "2024-11-17T07:08:20.833596Z",
            "yes_price": 5,
            "no_price": 95,
            "taker_side": "no"
        },
        {
            "trade_id": "378eef58-9679-4cd2-bf2f-0475f21f053a",
            "ticker": "KXHIGHAUS-24NOV17-B82.5",
            "count": 38,
            "created_time": "2024-11-17T07:08:20.811049Z",
            "yes_price": 6,
            "no_price": 94,
            "taker_side": "no"
        },
        {
            "trade_id": "c0dc9f47-9f8a-41c0-b4e1-a3dcca1038b6",
            "ticker": "KXHIGHAUS-24NOV17-B82.5",
            "count": 14,
            "created_time": "2024-11-17T07:07:35.203917Z",
            "yes_price": 6,
            "no_price": 94,
            "taker_side": "no"
        },
        {
            "trade_id": "f01687c1-94b1-46aa-b896-28013738c901",
            "ticker": "KXHIGHAUS-24NOV17-B82.5",
            "count": 2,
            "created_time": "2024-11-17T07:06:47.979718Z",
            "yes_price": 6,
            "no_price": 94,
            "taker_side": "no"
        },
        {
            "trade_id": "79c3bf59-6f0f-42b0-8987-5babe7fec3cf",
            "ticker": "KXHIGHAUS-24NOV17-B82.5",
            "count": 7,
            "created_time": "2024-11-17T07:06:33.2046Z",
            "yes_price": 12,
            "no_price": 88,
            "taker_side": "yes"
        },
        {
            "trade_id": "02f655f7-d309-4972-a0d0-77fd13bb7728",
            "ticker": "KXHIGHAUS-24NOV17-B82.5",
            "count": 2,
            "created_time": "2024-11-17T07:05:32.34934Z",
            "yes_price": 6,
            "no_price": 94,
            "taker_side": "no"
        },
        {
            "trade_id": "0b7f23a0-8523-41af-ac84-b0c4d643fa6b",
            "ticker": "KXHIGHAUS-24NOV17-B82.5",
            "count": 167,
            "created_time": "2024-11-17T07:02:56.575962Z",
            "yes_price": 6,
            "no_price": 94,
            "taker_side": "no"
        },
        {
            "trade_id": "6e274454-5db5-4cb8-9786-5fb09c6313a2",
            "ticker": "KXHIGHAUS-24NOV17-B82.5",
            "count": 2,
            "created_time": "2024-11-17T07:02:12.650441Z",
            "yes_price": 6,
            "no_price": 94,
            "taker_side": "no"
        },
        {
            "trade_id": "878a5dba-df9d-4308-9183-13cd8769e746",
            "ticker": "KXHIGHAUS-24NOV17-B82.5",
            "count": 1,
            "created_time": "2024-11-17T06:54:32.070447Z",
            "yes_price": 11,
            "no_price": 89,
            "taker_side": "yes"
        },
        {
            "trade_id": "70da5b9d-8a9a-4bf1-b130-96ebf182c8c8",
            "ticker": "KXHIGHAUS-24NOV17-B82.5",
            "count": 156,
            "created_time": "2024-11-17T06:54:32.070447Z",
            "yes_price": 12,
            "no_price": 88,
            "taker_side": "yes"
        },
        {
            "trade_id": "2a7715f9-7622-4563-923e-14aae1d5b440",
            "ticker": "KXHIGHAUS-24NOV17-B82.5",
            "count": 1,
            "created_time": "2024-11-17T06:52:12.530894Z",
            "yes_price": 6,
            "no_price": 94,
            "taker_side": "no"
        },
        {
            "trade_id": "f86d5a59-d018-417a-a9fb-58719a1ac8e9",
            "ticker": "KXHIGHAUS-24NOV17-B82.5",
            "count": 2,
            "created_time": "2024-11-17T06:50:29.310027Z",
            "yes_price": 11,
            "no_price": 89,
            "taker_side": "yes"
        },
        {
            "trade_id": "79c758ca-0666-4b93-8b5f-852289b149ab",
            "ticker": "KXHIGHAUS-24NOV17-B82.5",
            "count": 19,
            "created_time": "2024-11-17T06:47:33.210082Z",
            "yes_price": 9,
            "no_price": 91,
            "taker_side": "no"
        },
        {
            "trade_id": "d5cbac70-bae2-49a9-880a-2cd1f03e6b9a",
            "ticker": "KXHIGHAUS-24NOV17-B82.5",
            "count": 14,
            "created_time": "2024-11-17T06:46:43.857625Z",
            "yes_price": 9,
            "no_price": 91,
            "taker_side": "no"
        },
        {
            "trade_id": "a5a6702d-957e-48d7-b883-176b5dda5526",
            "ticker": "KXHIGHAUS-24NOV17-B82.5",
            "count": 17,
            "created_time": "2024-11-17T06:44:45.594448Z",
            "yes_price": 9,
            "no_price": 91,
            "taker_side": "no"
        },
        {
            "trade_id": "0a15a4fe-33bc-4bf1-a9ce-a45f761db0f7",
            "ticker": "KXHIGHAUS-24NOV17-B82.5",
            "count": 49,
            "created_time": "2024-11-17T06:32:26.044581Z",
            "yes_price": 6,
            "no_price": 94,
            "taker_side": "no"
        },
        {
            "trade_id": "b4fa87d5-bd80-465f-ad39-080dc4e73675",
            "ticker": "KXHIGHAUS-24NOV17-B82.5",
            "count": 16,
            "created_time": "2024-11-17T06:11:04.635293Z",
            "yes_price": 6,
            "no_price": 94,
            "taker_side": "no"
        },
        {
            "trade_id": "dabd97e0-7607-4b17-96a1-c2294a3a8d12",
            "ticker": "KXHIGHAUS-24NOV17-B82.5",
            "count": 18,
            "created_time": "2024-11-17T06:06:47.533588Z",
            "yes_price": 10,
            "no_price": 90,
            "taker_side": "yes"
        },
        {
            "trade_id": "71f3304e-1739-45cd-80d8-0c7b9236a543",
            "ticker": "KXHIGHAUS-24NOV17-B82.5",
            "count": 23,
            "created_time": "2024-11-17T06:06:47.533588Z",
            "yes_price": 11,
            "no_price": 89,
            "taker_side": "yes"
        },
        {
            "trade_id": "632a1b60-87c0-45d1-a382-f22d2c2d5832",
            "ticker": "KXHIGHAUS-24NOV17-B82.5",
            "count": 50,
            "created_time": "2024-11-17T06:06:47.533588Z",
            "yes_price": 10,
            "no_price": 90,
            "taker_side": "yes"
        },
        {
            "trade_id": "eb489b69-1cf3-4663-a425-96e79bfdd304",
            "ticker": "KXHIGHAUS-24NOV17-B82.5",
            "count": 9,
            "created_time": "2024-11-17T06:03:06.94727Z",
            "yes_price": 6,
            "no_price": 94,
            "taker_side": "no"
        },
        {
            "trade_id": "297d3e55-c3af-4187-91ac-dd9815098172",
            "ticker": "KXHIGHAUS-24NOV17-B82.5",
            "count": 117,
            "created_time": "2024-11-17T06:02:06.657591Z",
            "yes_price": 8,
            "no_price": 92,
            "taker_side": "no"
        },
        {
            "trade_id": "ce5f83c0-ca95-4450-94f3-0d80197e39ff",
            "ticker": "KXHIGHAUS-24NOV17-B82.5",
            "count": 76,
            "created_time": "2024-11-17T06:01:44.41137Z",
            "yes_price": 8,
            "no_price": 92,
            "taker_side": "no"
        },
        {
            "trade_id": "048d02c4-1c97-4b8c-a898-224a18169e36",
            "ticker": "KXHIGHAUS-24NOV17-B82.5",
            "count": 7,
            "created_time": "2024-11-17T06:01:28.548183Z",
            "yes_price": 8,
            "no_price": 92,
            "taker_side": "no"
        },
        {
