{
    "KXHIGHAUS-25APR28-T86": [
        {
            "trade_id": "fbd990e2-1df3-4b70-922f-3416f855e508",
            "ticker": "KXHIGHAUS-25APR28-T86",
            "count": 8323,
            "created_time": "2025-04-28T23:32:53.801471Z",
            "yes_price": 1,
            "no_price": 99,
            "taker_side": "yes"
        },
        {
            "trade_id": "0480d01a-a3f5-4791-bb6e-2333f460af93",
            "ticker": "KXHIGHAUS-25APR28-T86",
            "count": 93,
            "created_time": "2025-04-28T23:32:53.801471Z",
            "yes_price": 1,
            "no_price": 99,
            "taker_side": "yes"
        },
        {
            "trade_id": "acbecff0-08a5-46e9-9451-84fc131bd5e7",
            "ticker": "KXHIGHAUS-25APR28-T86",
            "count": 13,
            "created_time": "2025-04-28T23:27:36.345554Z",
            "yes_price": 1,
            "no_price": 99,
            "taker_side": "yes"
        },
        {
            "trade_id": "f78042a0-fca1-4c94-8ef1-f5d67749a406",
            "ticker": "KXHIGHAUS-25APR28-T86",
            "count": 200,
            "created_time": "2025-04-28T22:49:32.347159Z",
            "yes_price": 1,
            "no_price": 99,
            "taker_side": "yes"
        },
        {
            "trade_id": "0ae1f48a-4ed8-4b1d-b75f-17bd7ea926e8",
            "ticker": "KXHIGHAUS-25APR28-T86",
            "count": 1,
            "created_time": "2025-04-28T22:41:26.362239Z",
            "yes_price": 1,
            "no_price": 99,
            "taker_side": "yes"
        },
        {
            "trade_id": "1b3aa891-3c13-4850-9f1b-b2953191c88b",
            "ticker": "KXHIGHAUS-25APR28-T86",
            "count": 1,
            "created_time": "2025-04-28T22:36:30.826751Z",
            "yes_price": 1,
            "no_price": 99,
            "taker_side": "yes"
        },
        {
            "trade_id": "a02fa75e-776b-42df-b8cb-963579a141c7",
            "ticker": "KXHIGHAUS-25APR28-T86",
            "count": 13,
            "created_time": "2025-04-28T22:30:11.984682Z",
            "yes_price": 1,
            "no_price": 99,
            "taker_side": "yes"
        },
        {
            "trade_id": "076f5202-efee-49eb-b0e7-986a6dcf379b",
            "ticker": "KXHIGHAUS-25APR28-T86",
            "count": 9230,
            "created_time": "2025-04-28T22:25:32.565696Z",
            "yes_price": 1,
            "no_price": 99,
            "taker_side": "yes"
        },
        {
            "trade_id": "fdbd12d4-7cef-46ed-b6f7-f6f3c813c55b",
            "ticker": "KXHIGHAUS-25APR28-T86",
            "count": 1,
            "created_time": "2025-04-28T22:10:19.66882Z",
            "yes_price": 1,
            "no_price": 99,
            "taker_side": "yes"
        },
        {
            "trade_id": "9b297edc-6a31-4216-ad4b-4bdaf7a2b83e",
            "ticker": "KXHIGHAUS-25APR28-T86",
            "count": 37,
            "created_time": "2025-04-28T22:05:51.579911Z",
            "yes_price": 1,
            "no_price": 99,
            "taker_side": "yes"
        },
        {
            "trade_id": "9101f7c1-c9f7-4336-847a-bfbc609400dc",
            "ticker": "KXHIGHAUS-25APR28-T86",
            "count": 23,
            "created_time": "2025-04-28T22:05:51.579911Z",
            "yes_price": 1,
            "no_price": 99,
            "taker_side": "yes"
        },
        {
            "trade_id": "46c0d3cc-30fe-41e2-8a92-be837de25abb",
            "ticker": "KXHIGHAUS-25APR28-T86",
            "count": 15,
            "created_time": "2025-04-28T22:05:51.579911Z",
            "yes_price": 1,
            "no_price": 99,
            "taker_side": "yes"
        },
        {
            "trade_id": "2498f7c1-46ff-4b52-ae9e-db33ad60da93",
            "ticker": "KXHIGHAUS-25APR28-T86",
            "count": 25,
            "created_time": "2025-04-28T22:05:51.579911Z",
            "yes_price": 1,
            "no_price": 99,
            "taker_side": "yes"
        },
        {
            "trade_id": "291b08ff-7014-41fb-be95-0600a0d034e1",
            "ticker": "KXHIGHAUS-25APR28-T86",
            "count": 1612,
            "created_time": "2025-04-28T22:01:42.164812Z",
            "yes_price": 1,
            "no_price": 99,
            "taker_side": "yes"
        },
        {
            "trade_id": "5fbf9b98-a528-4902-b81c-ae667bda9e2f",
            "ticker": "KXHIGHAUS-25APR28-T86",
            "count": 102,
            "created_time": "2025-04-28T22:00:52.962634Z",
            "yes_price": 1,
            "no_price": 99,
            "taker_side": "yes"
        },
        {
            "trade_id": "f8e33d88-ad02-4f90-bb5c-8c991cbf5fc5",
            "ticker": "KXHIGHAUS-25APR28-T86",
            "count": 17,
            "created_time": "2025-04-28T22:00:52.870019Z",
            "yes_price": 1,
            "no_price": 99,
            "taker_side": "no"
        },
        {
            "trade_id": "dfa1b56b-8b73-4c21-a1f5-edd6d4ab8e98",
            "ticker": "KXHIGHAUS-25APR28-T86",
            "count": 6,
            "created_time": "2025-04-28T22:00:52.870019Z",
            "yes_price": 5,
            "no_price": 95,
            "taker_side": "no"
        },
        {
            "trade_id": "977e2642-fb1c-4726-bce1-9ccafeb21f5e",
            "ticker": "KXHIGHAUS-25APR28-T86",
            "count": 200,
            "created_time": "2025-04-28T22:00:52.870019Z",
            "yes_price": 3,
            "no_price": 97,
            "taker_side": "no"
        },
        {
            "trade_id": "4ad90794-390a-4854-afb4-a4577f9d191a",
            "ticker": "KXHIGHAUS-25APR28-T86",
            "count": 50,
            "created_time": "2025-04-28T22:00:52.870019Z",
            "yes_price": 6,
            "no_price": 94,
            "taker_side": "no"
        },
        {
            "trade_id": "2904796c-c037-40ab-9e22-209efc91780a",
            "ticker": "KXHIGHAUS-25APR28-T86",
            "count": 193,
            "created_time": "2025-04-28T22:00:52.870019Z",
            "yes_price": 2,
            "no_price": 98,
            "taker_side": "no"
        },
        {
            "trade_id": "fd2ad951-8042-4550-920a-233ca1834ef6",
            "ticker": "KXHIGHAUS-25APR28-T86",
            "count": 14,
            "created_time": "2025-04-28T21:59:47.027794Z",
            "yes_price": 4,
            "no_price": 96,
            "taker_side": "no"
        },
        {
            "trade_id": "b646d205-b102-48d3-bd14-4fe33f3ef891",
            "ticker": "KXHIGHAUS-25APR28-T86",
            "count": 50,
            "created_time": "2025-04-28T21:59:47.027794Z",
            "yes_price": 25,
            "no_price": 75,
            "taker_side": "no"
        },
        {
            "trade_id": "7f473068-42d6-41ea-a060-3e0281bb8d27",
            "ticker": "KXHIGHAUS-25APR28-T86",
            "count": 40,
            "created_time": "2025-04-28T21:59:47.027794Z",
            "yes_price": 26,
            "no_price": 74,
            "taker_side": "no"
        },
        {
            "trade_id": "6d4e1058-b5f5-4f31-bef4-03f79286c0c5",
            "ticker": "KXHIGHAUS-25APR28-T86",
            "count": 121,
            "created_time": "2025-04-28T21:59:47.027794Z",
            "yes_price": 3,
            "no_price": 97,
            "taker_side": "no"
        },
        {
            "trade_id": "f66f83cc-907d-4b13-b317-a1c606807acb",
            "ticker": "KXHIGHAUS-25APR28-T86",
            "count": 227,
            "created_time": "2025-04-28T21:59:13.508088Z",
            "yes_price": 2,
            "no_price": 98,
            "taker_side": "no"
        },
        {
            "trade_id": "d267d3a9-df17-4624-9ddd-ba0fbe348d2a",
            "ticker": "KXHIGHAUS-25APR28-T86",
            "count": 15,
            "created_time": "2025-04-28T21:59:13.508088Z",
            "yes_price": 51,
            "no_price": 49,
            "taker_side": "no"
        },
        {
            "trade_id": "aee6d51f-d50c-4c75-81d7-e1a739ec5072",
            "ticker": "KXHIGHAUS-25APR28-T86",
            "count": 679,
            "created_time": "2025-04-28T21:59:13.508088Z",
            "yes_price": 44,
            "no_price": 56,
            "taker_side": "no"
        },
        {
            "trade_id": "a8167392-447b-49c3-a44d-85e9fc915c93",
            "ticker": "KXHIGHAUS-25APR28-T86",
            "count": 40,
            "created_time": "2025-04-28T21:59:13.508088Z",
            "yes_price": 50,
            "no_price": 50,
            "taker_side": "no"
        },
        {
            "trade_id": "9c6fbf41-baff-4681-a212-5931496a3f13",
            "ticker": "KXHIGHAUS-25APR28-T86",
            "count": 14,
            "created_time": "2025-04-28T21:59:13.508088Z",
            "yes_price": 51,
            "no_price": 49,
            "taker_side": "no"
        },
        {
            "trade_id": "765d02e9-27bf-45db-b619-cf96331137ca",
            "ticker": "KXHIGHAUS-25APR28-T86",
            "count": 25,
            "created_time": "2025-04-28T21:59:13.508088Z",
            "yes_price": 46,
            "no_price": 54,
            "taker_side": "no"
        },
        {
            "trade_id": "3e80db4f-21b2-43e5-a156-447c908b4b64",
            "ticker": "KXHIGHAUS-25APR28-T86",
            "count": 9,
            "created_time": "2025-04-28T21:59:13.508088Z",
            "yes_price": 46,
            "no_price": 54,
            "taker_side": "no"
        },
        {
            "trade_id": "1e055420-cf93-4185-9bb0-7646e2915c36",
            "ticker": "KXHIGHAUS-25APR28-T86",
            "count": 91,
            "created_time": "2025-04-28T21:59:13.508088Z",
            "yes_price": 45,
            "no_price": 55,
            "taker_side": "no"
        },
        {
            "trade_id": "116312a9-7bd0-4cfd-b69e-79020ffaf63b",
            "ticker": "KXHIGHAUS-25APR28-T86",
            "count": 287,
            "created_time": "2025-04-28T21:59:13.508088Z",
            "yes_price": 3,
            "no_price": 97,
            "taker_side": "no"
        },
        {
            "trade_id": "f4595195-08bc-489a-822d-c6e2d4ccd43f",
            "ticker": "KXHIGHAUS-25APR28-T86",
            "count": 6,
            "created_time": "2025-04-28T21:55:57.152288Z",
            "yes_price": 69,
            "no_price": 31,
            "taker_side": "yes"
        },
        {
            "trade_id": "ebf0390a-65cc-47f3-afba-608bb5ff81af",
            "ticker": "KXHIGHAUS-25APR28-T86",
            "count": 14,
            "created_time": "2025-04-28T21:51:32.3899Z",
            "yes_price": 71,
            "no_price": 29,
            "taker_side": "yes"
        },
        {
            "trade_id": "9703cfcc-f0b1-4cc7-bafe-759e85a6dd13",
            "ticker": "KXHIGHAUS-25APR28-T86",
            "count": 50,
            "created_time": "2025-04-28T21:51:32.3899Z",
            "yes_price": 65,
            "no_price": 35,
            "taker_side": "yes"
        },
        {
            "trade_id": "4fae633a-e582-4f10-98ec-f5504cc76be0",
            "ticker": "KXHIGHAUS-25APR28-T86",
            "count": 40,
            "created_time": "2025-04-28T21:51:32.3899Z",
            "yes_price": 72,
            "no_price": 28,
            "taker_side": "yes"
        },
        {
            "trade_id": "1161b971-736e-4572-8292-831cb7ae2fc0",
            "ticker": "KXHIGHAUS-25APR28-T86",
            "count": 40,
            "created_time": "2025-04-28T21:51:32.3899Z",
            "yes_price": 66,
            "no_price": 34,
            "taker_side": "yes"
        },
        {
            "trade_id": "981f3247-398a-41ec-a77c-93d451638801",
            "ticker": "KXHIGHAUS-25APR28-T86",
            "count": 10,
            "created_time": "2025-04-28T21:48:36.641558Z",
            "yes_price": 53,
            "no_price": 47,
            "taker_side": "no"
        },
        {
            "trade_id": "fa0c4059-10cf-414d-bbc6-311c6cf1f6d2",
            "ticker": "KXHIGHAUS-25APR28-T86",
            "count": 2,
            "created_time": "2025-04-28T21:48:14.278488Z",
            "yes_price": 53,
            "no_price": 47,
            "taker_side": "no"
        },
        {
            "trade_id": "914aad11-46ce-41cf-984e-7d66be3ca885",
            "ticker": "KXHIGHAUS-25APR28-T86",
            "count": 7,
            "created_time": "2025-04-28T21:43:29.487798Z",
            "yes_price": 65,
            "no_price": 35,
            "taker_side": "yes"
        },
        {
            "trade_id": "3355c781-8482-42ae-aa62-cefb41a9a825",
            "ticker": "KXHIGHAUS-25APR28-T86",
            "count": 1,
            "created_time": "2025-04-28T21:43:29.487798Z",
            "yes_price": 64,
            "no_price": 36,
            "taker_side": "yes"
        },
        {
            "trade_id": "68d176ac-9eb7-44dd-ba62-8389bd38fbf0",
            "ticker": "KXHIGHAUS-25APR28-T86",
            "count": 1,
            "created_time": "2025-04-28T21:42:21.544058Z",
            "yes_price": 58,
            "no_price": 42,
            "taker_side": "yes"
        },
        {
            "trade_id": "2d160d71-f509-4a04-9f0a-d1c3dff1decd",
            "ticker": "KXHIGHAUS-25APR28-T86",
            "count": 40,
            "created_time": "2025-04-28T21:42:21.544058Z",
            "yes_price": 59,
            "no_price": 41,
            "taker_side": "yes"
        },
        {
            "trade_id": "f30be176-ad4b-4089-8da9-b32fce77618a",
            "ticker": "KXHIGHAUS-25APR28-T86",
            "count": 136,
            "created_time": "2025-04-28T21:41:37.999431Z",
            "yes_price": 50,
            "no_price": 50,
            "taker_side": "no"
        },
        {
            "trade_id": "9feb63e0-dfd0-4574-a7cf-5467b1ab7ece",
            "ticker": "KXHIGHAUS-25APR28-T86",
            "count": 1,
            "created_time": "2025-04-28T21:40:50.135654Z",
            "yes_price": 50,
            "no_price": 50,
            "taker_side": "no"
        },
        {
            "trade_id": "8bfe0497-83e5-4d18-8872-c1736135b3f8",
            "ticker": "KXHIGHAUS-25APR28-T86",
            "count": 22,
            "created_time": "2025-04-28T21:38:20.089396Z",
            "yes_price": 50,
            "no_price": 50,
            "taker_side": "no"
        },
        {
            "trade_id": "2010e12a-6b38-464e-879e-19c6798900d4",
            "ticker": "KXHIGHAUS-25APR28-T86",
            "count": 99,
            "created_time": "2025-04-28T21:38:20.089396Z",
            "yes_price": 51,
            "no_price": 49,
            "taker_side": "no"
        },
        {
            "trade_id": "9d1569b0-af17-4df9-a449-a51a2731704a",
            "ticker": "KXHIGHAUS-25APR28-T86",
            "count": 1,
            "created_time": "2025-04-28T21:37:57.95608Z",
            "yes_price": 51,
            "no_price": 49,
            "taker_side": "no"
        },
        {
            "trade_id": "ea2d4c49-0332-4921-82aa-90e41d9e1380",
            "ticker": "KXHIGHAUS-25APR28-T86",
            "count": 1,
            "created_time": "2025-04-28T21:37:03.836236Z",
            "yes_price": 50,
            "no_price": 50,
            "taker_side": "no"
        },
        {
            "trade_id": "237284e5-505f-4489-b4a3-386e5c5daa1d",
            "ticker": "KXHIGHAUS-25APR28-T86",
            "count": 1,
            "created_time": "2025-04-28T21:36:54.945961Z",
            "yes_price": 34,
            "no_price": 66,
            "taker_side": "no"
        },
        {
            "trade_id": "04746f59-aea7-4131-bf6b-ba3ef28f4d85",
            "ticker": "KXHIGHAUS-25APR28-T86",
            "count": 1,
            "created_time": "2025-04-28T21:36:17.574855Z",
            "yes_price": 55,
            "no_price": 45,
            "taker_side": "no"
        },
        {
            "trade_id": "a0fa12cc-7889-464d-8ccd-d1da8045f6aa",
            "ticker": "KXHIGHAUS-25APR28-T86",
            "count": 1,
            "created_time": "2025-04-28T21:35:29.18975Z",
            "yes_price": 55,
            "no_price": 45,
            "taker_side": "yes"
        },
        {
            "trade_id": "382392ad-8532-4b16-944b-fc88129a0671",
            "ticker": "KXHIGHAUS-25APR28-T86",
            "count": 50,
            "created_time": "2025-04-28T21:32:58.634866Z",
            "yes_price": 53,
            "no_price": 47,
            "taker_side": "yes"
        },
        {
            "trade_id": "1f549604-311a-44a5-ab4e-a10f039e326f",
            "ticker": "KXHIGHAUS-25APR28-T86",
            "count": 2,
            "created_time": "2025-04-28T21:32:55.614838Z",
            "yes_price": 49,
            "no_price": 51,
            "taker_side": "yes"
        },
        {
            "trade_id": "1102ebfc-6d00-4501-aa74-b0734fbb09de",
            "ticker": "KXHIGHAUS-25APR28-T86",
            "count": 30,
            "created_time": "2025-04-28T21:32:42.481722Z",
            "yes_price": 45,
            "no_price": 55,
            "taker_side": "yes"
        },
        {
            "trade_id": "c2801a4a-bb64-4745-92a7-a8a3207f33cb",
            "ticker": "KXHIGHAUS-25APR28-T86",
            "count": 3,
            "created_time": "2025-04-28T21:30:12.953503Z",
            "yes_price": 31,
            "no_price": 69,
            "taker_side": "no"
        },
        {
            "trade_id": "30ab0240-e8e7-4396-8d33-3b6c382f02c8",
            "ticker": "KXHIGHAUS-25APR28-T86",
            "count": 3,
            "created_time": "2025-04-28T21:30:09.440346Z",
            "yes_price": 33,
            "no_price": 67,
            "taker_side": "yes"
        },
        {
            "trade_id": "6cdc87d9-401f-4e2a-b530-b44a17cbab76",
            "ticker": "KXHIGHAUS-25APR28-T86",
            "count": 20,
            "created_time": "2025-04-28T21:25:40.828532Z",
            "yes_price": 43,
            "no_price": 57,
            "taker_side": "yes"
        },
        {
            "trade_id": "15eda530-f1b5-4799-afba-5ac9cd7f063c",
            "ticker": "KXHIGHAUS-25APR28-T86",
            "count": 2,
            "created_time": "2025-04-28T21:25:40.828532Z",
            "yes_price": 38,
            "no_price": 62,
            "taker_side": "yes"
        },
        {
            "trade_id": "d8f4110c-5f66-4ad3-a013-3e33b05e27ea",
            "ticker": "KXHIGHAUS-25APR28-T86",
            "count": 2,
            "created_time": "2025-04-28T21:20:32.846779Z",
            "yes_price": 28,
            "no_price": 72,
            "taker_side": "no"
        },
        {
            "trade_id": "fe2c3a79-b167-4627-8e6d-e8f454619aba",
            "ticker": "KXHIGHAUS-25APR28-T86",
            "count": 6,
            "created_time": "2025-04-28T21:20:29.10451Z",
            "yes_price": 42,
            "no_price": 58,
            "taker_side": "yes"
        },
        {
            "trade_id": "04d701bc-8244-4d88-a2b9-9ce0f12ab424",
            "ticker": "KXHIGHAUS-25APR28-T86",
            "count": 1,
            "created_time": "2025-04-28T21:19:40.312334Z",
            "yes_price": 55,
            "no_price": 45,
            "taker_side": "yes"
        },
        {
            "trade_id": "816fca0a-0852-48fd-a6ce-82e88141e08f",
            "ticker": "KXHIGHAUS-25APR28-T86",
            "count": 3,
            "created_time": "2025-04-28T21:18:14.353248Z",
            "yes_price": 47,
            "no_price": 53,
            "taker_side": "no"
        },
        {
            "trade_id": "7929cb05-45e4-483e-b59a-dbd450e12b7c",
            "ticker": "KXHIGHAUS-25APR28-T86",
            "count": 5,
            "created_time": "2025-04-28T21:14:13.607665Z",
            "yes_price": 19,
            "no_price": 81,
            "taker_side": "no"
        },
        {
            "trade_id": "e42bba30-c54a-4dc2-b5af-08381cf20fcc",
            "ticker": "KXHIGHAUS-25APR28-T86",
            "count": 1,
            "created_time": "2025-04-28T21:10:52.841198Z",
            "yes_price": 33,
            "no_price": 67,
            "taker_side": "yes"
        },
        {
            "trade_id": "f157998a-266a-4a8d-a3f0-5d793c688391",
            "ticker": "KXHIGHAUS-25APR28-T86",
            "count": 10,
            "created_time": "2025-04-28T21:09:47.071992Z",
            "yes_price": 27,
            "no_price": 73,
            "taker_side": "yes"
        },
        {
            "trade_id": "9627f579-5e21-478b-9a08-0d466d3421b0",
            "ticker": "KXHIGHAUS-25APR28-T86",
            "count": 183,
            "created_time": "2025-04-28T21:09:47.071992Z",
            "yes_price": 28,
            "no_price": 72,
            "taker_side": "yes"
        },
        {
            "trade_id": "31dec726-bcf9-418b-bae9-54b91f5b2c62",
            "ticker": "KXHIGHAUS-25APR28-T86",
            "count": 14,
            "created_time": "2025-04-28T21:09:47.071992Z",
            "yes_price": 27,
            "no_price": 73,
            "taker_side": "yes"
        },
        {
            "trade_id": "4e30c066-bcae-46aa-8a30-f438850a17bf",
            "ticker": "KXHIGHAUS-25APR28-T86",
            "count": 1,
            "created_time": "2025-04-28T21:09:38.201469Z",
            "yes_price": 17,
            "no_price": 83,
            "taker_side": "no"
        },
        {
            "trade_id": "8eeab0df-fd3a-4d2d-a386-2ff1553cb691",
            "ticker": "KXHIGHAUS-25APR28-T86",
            "count": 15,
            "created_time": "2025-04-28T21:09:34.6596Z",
            "yes_price": 17,
            "no_price": 83,
            "taker_side": "no"
        },
        {
            "trade_id": "4a549e46-b618-4263-9ecb-67dbee04acb1",
            "ticker": "KXHIGHAUS-25APR28-T86",
            "count": 1,
            "created_time": "2025-04-28T21:09:17.11697Z",
            "yes_price": 29,
            "no_price": 71,
            "taker_side": "yes"
        },
        {
            "trade_id": "83faf03c-77b9-445c-aa79-03eeada6c18b",
            "ticker": "KXHIGHAUS-25APR28-T86",
            "count": 50,
            "created_time": "2025-04-28T21:08:39.760011Z",
            "yes_price": 20,
            "no_price": 80,
            "taker_side": "no"
        },
        {
            "trade_id": "9718172a-9d25-4f84-931d-f62b76118c2a",
            "ticker": "KXHIGHAUS-25APR28-T86",
            "count": 2,
            "created_time": "2025-04-28T21:08:26.119508Z",
            "yes_price": 31,
            "no_price": 69,
            "taker_side": "yes"
        },
        {
            "trade_id": "17bee36e-1f2c-460c-958a-79865fb1a2df",
            "ticker": "KXHIGHAUS-25APR28-T86",
            "count": 1,
            "created_time": "2025-04-28T21:07:49.216519Z",
            "yes_price": 30,
            "no_price": 70,
            "taker_side": "yes"
        },
        {
            "trade_id": "0b724f28-0652-4706-a47f-643910a1e5e1",
            "ticker": "KXHIGHAUS-25APR28-T86",
            "count": 36,
            "created_time": "2025-04-28T21:02:30.597685Z",
            "yes_price": 15,
            "no_price": 85,
            "taker_side": "no"
        },
        {
            "trade_id": "4d081403-642e-4a1e-98e2-d389a9a53dfa",
            "ticker": "KXHIGHAUS-25APR28-T86",
            "count": 5,
            "created_time": "2025-04-28T21:00:28.244573Z",
            "yes_price": 14,
            "no_price": 86,
            "taker_side": "no"
        },
        {
            "trade_id": "25712135-73ac-4fc6-b88e-91ded8a8de82",
            "ticker": "KXHIGHAUS-25APR28-T86",
            "count": 35,
            "created_time": "2025-04-28T20:59:48.308487Z",
            "yes_price": 14,
            "no_price": 86,
            "taker_side": "no"
        },
        {
            "trade_id": "ca04e82f-cec3-4eaf-bc21-c67037ad819c",
            "ticker": "KXHIGHAUS-25APR28-T86",
            "count": 50,
            "created_time": "2025-04-28T20:59:16.786067Z",
            "yes_price": 14,
            "no_price": 86,
            "taker_side": "no"
        },
        {
            "trade_id": "92fc32f2-1516-403a-b576-2d2a80acf4ba",
            "ticker": "KXHIGHAUS-25APR28-T86",
            "count": 2,
            "created_time": "2025-04-28T20:59:16.786067Z",
            "yes_price": 13,
            "no_price": 87,
            "taker_side": "no"
        },
        {
            "trade_id": "d0023e56-60d9-4032-8dee-f6d6f631dbfe",
            "ticker": "KXHIGHAUS-25APR28-T86",
            "count": 149,
            "created_time": "2025-04-28T20:58:39.972356Z",
            "yes_price": 14,
            "no_price": 86,
            "taker_side": "no"
        },
        {
            "trade_id": "87294a8c-b2e4-4c9b-a4de-5149091cbd8d",
            "ticker": "KXHIGHAUS-25APR28-T86",
            "count": 101,
            "created_time": "2025-04-28T20:58:39.972356Z",
            "yes_price": 13,
            "no_price": 87,
            "taker_side": "no"
        },
        {
            "trade_id": "11475cdf-48b3-4f34-a3a0-2a79d3faa738",
            "ticker": "KXHIGHAUS-25APR28-T86",
            "count": 39,
            "created_time": "2025-04-28T20:58:39.972356Z",
            "yes_price": 15,
            "no_price": 85,
            "taker_side": "no"
        },
        {
            "trade_id": "a96f822d-95ab-47ee-9336-3b173a197f7f",
            "ticker": "KXHIGHAUS-25APR28-T86",
            "count": 5,
            "created_time": "2025-04-28T20:58:24.351179Z",
            "yes_price": 15,
            "no_price": 85,
            "taker_side": "no"
        },
        {
            "trade_id": "a04c7b75-589a-4838-94d7-cb4521af8ea8",
            "ticker": "KXHIGHAUS-25APR28-T86",
            "count": 6,
            "created_time": "2025-04-28T20:58:22.164152Z",
            "yes_price": 15,
            "no_price": 85,
            "taker_side": "no"
        },
        {
            "trade_id": "157db6f6-4f35-47da-a0a9-91c5b845c17c",
            "ticker": "KXHIGHAUS-25APR28-T86",
            "count": 104,
            "created_time": "2025-04-28T20:56:56.860719Z",
            "yes_price": 32,
            "no_price": 68,
            "taker_side": "no"
        },
        {
            "trade_id": "4ff88c3f-3878-4f07-803c-b0bca7587eb7",
            "ticker": "KXHIGHAUS-25APR28-T86",
            "count": 65,
            "created_time": "2025-04-28T20:56:00.636002Z",
            "yes_price": 33,
            "no_price": 67,
            "taker_side": "no"
        },
        {
            "trade_id": "32e5d013-edfa-4e92-9036-b95b8a4fcea8",
            "ticker": "KXHIGHAUS-25APR28-T86",
            "count": 1735,
            "created_time": "2025-04-28T20:56:00.636002Z",
            "yes_price": 32,
            "no_price": 68,
            "taker_side": "no"
        },
        {
            "trade_id": "7795a4e9-b6df-4151-8241-b705de769cd1",
            "ticker": "KXHIGHAUS-25APR28-T86",
            "count": 40,
            "created_time": "2025-04-28T20:52:57.612106Z",
            "yes_price": 33,
            "no_price": 67,
            "taker_side": "no"
        },
        {
            "trade_id": "ee06e1ff-0baf-4dea-936b-eb72d52302ee",
            "ticker": "KXHIGHAUS-25APR28-T86",
            "count": 15,
            "created_time": "2025-04-28T20:49:23.036338Z",
            "yes_price": 33,
            "no_price": 67,
            "taker_side": "no"
        },
        {
            "trade_id": "3cc767d5-67a9-48e5-bf53-e7dfbacf9f88",
            "ticker": "KXHIGHAUS-25APR28-T86",
            "count": 161,
            "created_time": "2025-04-28T20:49:23.036338Z",
            "yes_price": 32,
            "no_price": 68,
            "taker_side": "no"
        },
        {
            "trade_id": "c4c2a29e-bdc6-4823-9526-4edb9eac0e76",
            "ticker": "KXHIGHAUS-25APR28-T86",
            "count": 42,
            "created_time": "2025-04-28T20:48:11.697354Z",
            "yes_price": 53,
            "no_price": 47,
            "taker_side": "yes"
        },
        {
            "trade_id": "d5302b84-da99-4df6-997d-cea5dfe2dea4",
            "ticker": "KXHIGHAUS-25APR28-T86",
            "count": 1,
            "created_time": "2025-04-28T20:47:10.642444Z",
            "yes_price": 60,
            "no_price": 40,
            "taker_side": "yes"
        },
        {
            "trade_id": "ebeaa72b-ad4f-4262-a3a0-7d0643534503",
            "ticker": "KXHIGHAUS-25APR28-T86",
            "count": 1,
            "created_time": "2025-04-28T20:46:16.250598Z",
            "yes_price": 52,
            "no_price": 48,
            "taker_side": "yes"
        },
        {
            "trade_id": "74b4dc61-1333-413d-8634-cae99d913760",
            "ticker": "KXHIGHAUS-25APR28-T86",
            "count": 1,
            "created_time": "2025-04-28T20:45:39.707716Z",
            "yes_price": 60,
            "no_price": 40,
            "taker_side": "yes"
        },
        {
            "trade_id": "6a8a7a92-19e1-4204-9e5d-d48ac1c53120",
            "ticker": "KXHIGHAUS-25APR28-T86",
            "count": 36,
            "created_time": "2025-04-28T20:45:29.730126Z",
            "yes_price": 51,
            "no_price": 49,
            "taker_side": "yes"
        },
        {
            "trade_id": "05d671e0-5246-479c-9fa4-b116d04e600c",
            "ticker": "KXHIGHAUS-25APR28-T86",
            "count": 2,
            "created_time": "2025-04-28T20:44:59.391245Z",
            "yes_price": 60,
            "no_price": 40,
            "taker_side": "yes"
        },
        {
            "trade_id": "b1d06c52-14d7-4aca-bdb4-c85dda9274d5",
            "ticker": "KXHIGHAUS-25APR28-T86",
            "count": 1,
            "created_time": "2025-04-28T20:44:07.533825Z",
            "yes_price": 44,
            "no_price": 56,
            "taker_side": "yes"
        },
        {
            "trade_id": "5b89016e-fb8b-4e36-8f60-2ffcec11772d",
            "ticker": "KXHIGHAUS-25APR28-T86",
            "count": 4,
            "created_time": "2025-04-28T20:44:07.533825Z",
            "yes_price": 44,
            "no_price": 56,
            "taker_side": "yes"
        },
        {
            "trade_id": "54988177-1852-483d-8366-1a7deeb9199e",
            "ticker": "KXHIGHAUS-25APR28-T86",
            "count": 13,
            "created_time": "2025-04-28T20:44:07.533825Z",
            "yes_price": 45,
            "no_price": 55,
            "taker_side": "yes"
        },
        {
            "trade_id": "4aa04cc4-dc22-4eb5-a64d-c209a3fb8479",
            "ticker": "KXHIGHAUS-25APR28-T86",
            "count": 25,
            "created_time": "2025-04-28T20:44:07.533825Z",
            "yes_price": 44,
            "no_price": 56,
            "taker_side": "yes"
        },
        {
            "trade_id": "2ea0c97b-49c9-4662-869b-f558db2500e2",
            "ticker": "KXHIGHAUS-25APR28-T86",
            "count": 10,
            "created_time": "2025-04-28T20:44:07.533825Z",
            "yes_price": 44,
            "no_price": 56,
            "taker_side": "yes"
        },
        {
            "trade_id": "04ec4193-c84e-44e8-99c4-2929de5bd7ec",
            "ticker": "KXHIGHAUS-25APR28-T86",
            "count": 15,
            "created_time": "2025-04-28T20:43:14.561952Z",
            "yes_price": 25,
            "no_price": 75,
            "taker_side": "no"
        },
        {
            "trade_id": "5da20095-c35b-4b87-a5cf-37af65f6bf97",
            "ticker": "KXHIGHAUS-25APR28-T86",
            "count": 82,
            "created_time": "2025-04-28T20:42:45.040807Z",
            "yes_price": 26,
            "no_price": 74,
            "taker_side": "no"
        },
        {
            "trade_id": "5f49c604-7778-463d-87ef-96a774baa2d8",
            "ticker": "KXHIGHAUS-25APR28-T86",
            "count": 200,
            "created_time": "2025-04-28T20:41:54.827347Z",
            "yes_price": 25,
            "no_price": 75,
            "taker_side": "no"
        },
        {
            "trade_id": "7db144ad-797a-4f28-8387-dc07fb4aa590",
            "ticker": "KXHIGHAUS-25APR28-T86",
            "count": 22,
            "created_time": "2025-04-28T20:41:05.39851Z",
            "yes_price": 21,
            "no_price": 79,
            "taker_side": "no"
        },
        {
            "trade_id": "3ce3b86d-fe7a-4544-9563-d2bffc1546d4",
            "ticker": "KXHIGHAUS-25APR28-T86",
            "count": 1,
            "created_time": "2025-04-28T20:41:05.39851Z",
            "yes_price": 21,
            "no_price": 79,
            "taker_side": "no"
        },
        {
            "trade_id": "fbac4739-e40f-4f03-9fcf-f6bb9cfe39be",
            "ticker": "KXHIGHAUS-25APR28-T86",
            "count": 13,
            "created_time": "2025-04-28T20:39:22.08018Z",
            "yes_price": 20,
            "no_price": 80,
            "taker_side": "no"
        },
        {
            "trade_id": "ff214d1b-c9c4-4cb9-929d-959437fca9a1",
            "ticker": "KXHIGHAUS-25APR28-T86",
            "count": 22,
            "created_time": "2025-04-28T20:38:29.416704Z",
            "yes_price": 41,
            "no_price": 59,
            "taker_side": "yes"
        },
        {
            "trade_id": "fc9d025a-5edf-43db-beb6-07e2b5ff3a59",
            "ticker": "KXHIGHAUS-25APR28-T86",
            "count": 1,
            "created_time": "2025-04-28T20:38:29.416704Z",
            "yes_price": 41,
            "no_price": 59,
            "taker_side": "yes"
        },
        {
            "trade_id": "0db3a448-78be-46ab-8d26-acf3d1523357",
            "ticker": "KXHIGHAUS-25APR28-T86",
            "count": 100,
            "created_time": "2025-04-28T20:37:43.154971Z",
            "yes_price": 29,
            "no_price": 71,
            "taker_side": "no"
        },
        {
            "trade_id": "83269220-2932-404b-8f3e-8881bd50313f",
            "ticker": "KXHIGHAUS-25APR28-T86",
            "count": 149,
            "created_time": "2025-04-28T20:35:30.288934Z",
            "yes_price": 17,
            "no_price": 83,
            "taker_side": "no"
        },
        {
            "trade_id": "28bdd434-ce1c-4262-b575-10ff7934528e",
            "ticker": "KXHIGHAUS-25APR28-T86",
            "count": 25,
            "created_time": "2025-04-28T20:35:30.288934Z",
            "yes_price": 18,
            "no_price": 82,
            "taker_side": "no"
        },
        {
            "trade_id": "e3d066c3-ff04-4646-afb5-75dafea71d5a",
            "ticker": "KXHIGHAUS-25APR28-T86",
            "count": 60,
            "created_time": "2025-04-28T20:30:18.531497Z",
            "yes_price": 50,
            "no_price": 50,
            "taker_side": "no"
        },
        {
            "trade_id": "7a0efcb6-00a6-4f24-acde-4e81814bd62f",
            "ticker": "KXHIGHAUS-25APR28-T86",
            "count": 25,
            "created_time": "2025-04-28T20:30:18.531497Z",
            "yes_price": 51,
            "no_price": 49,
            "taker_side": "no"
        },
        {
            "trade_id": "3eeec643-af2e-4c82-bd34-ab9109e09225",
            "ticker": "KXHIGHAUS-25APR28-T86",
            "count": 1,
            "created_time": "2025-04-28T20:30:18.531497Z",
            "yes_price": 51,
            "no_price": 49,
            "taker_side": "no"
        },
        {
            "trade_id": "14f2d460-35cb-4fd8-a6c9-7cba3b142687",
            "ticker": "KXHIGHAUS-25APR28-T86",
            "count": 4,
            "created_time": "2025-04-28T20:30:18.531497Z",
            "yes_price": 51,
            "no_price": 49,
            "taker_side": "no"
        },
        {
            "trade_id": "14d53998-76f5-4eec-b554-ab8b56c838b0",
            "ticker": "KXHIGHAUS-25APR28-T86",
            "count": 10,
            "created_time": "2025-04-28T20:30:18.531497Z",
            "yes_price": 51,
            "no_price": 49,
            "taker_side": "no"
        },
        {
            "trade_id": "3ce45ddd-2461-48eb-ae37-613e6f452983",
            "ticker": "KXHIGHAUS-25APR28-T86",
            "count": 1,
            "created_time": "2025-04-28T20:30:13.156319Z",
            "yes_price": 67,
            "no_price": 33,
            "taker_side": "yes"
        },
        {
            "trade_id": "3431f90e-f622-47df-8d69-02442d7eed3a",
            "ticker": "KXHIGHAUS-25APR28-T86",
            "count": 1,
            "created_time": "2025-04-28T20:30:13.156319Z",
            "yes_price": 67,
            "no_price": 33,
            "taker_side": "yes"
        },
        {
            "trade_id": "00f0503f-7bc4-4e03-84fa-471b25553e7f",
            "ticker": "KXHIGHAUS-25APR28-T86",
            "count": 4,
            "created_time": "2025-04-28T20:30:03.259786Z",
            "yes_price": 67,
            "no_price": 33,
            "taker_side": "yes"
        },
        {
            "trade_id": "12d76be0-99dd-4405-819f-bb7ca1fdcd1c",
            "ticker": "KXHIGHAUS-25APR28-T86",
            "count": 12,
            "created_time": "2025-04-28T20:29:44.709794Z",
            "yes_price": 68,
            "no_price": 32,
            "taker_side": "yes"
        },
        {
            "trade_id": "ce9dbd9e-b8fb-4cf7-af3b-c9a57ef40043",
            "ticker": "KXHIGHAUS-25APR28-T86",
            "count": 25,
            "created_time": "2025-04-28T20:29:19.962386Z",
            "yes_price": 66,
            "no_price": 34,
            "taker_side": "yes"
        },
        {
            "trade_id": "80a2ae32-1be5-4432-ae4e-5119212618e8",
            "ticker": "KXHIGHAUS-25APR28-T86",
            "count": 10,
            "created_time": "2025-04-28T20:29:19.962386Z",
            "yes_price": 66,
            "no_price": 34,
            "taker_side": "yes"
        },
        {
            "trade_id": "b544bf5a-1d93-48bc-98db-d66a8210805e",
            "ticker": "KXHIGHAUS-25APR28-T86",
            "count": 25,
            "created_time": "2025-04-28T20:27:30.496591Z",
            "yes_price": 51,
            "no_price": 49,
            "taker_side": "no"
        },
        {
            "trade_id": "ab63faa8-5e24-47f6-9770-a4441d17ef55",
            "ticker": "KXHIGHAUS-25APR28-T86",
            "count": 15,
            "created_time": "2025-04-28T20:27:30.496591Z",
            "yes_price": 51,
            "no_price": 49,
            "taker_side": "no"
        },
        {
            "trade_id": "aaeca972-9a1e-4712-9b02-f0f67ff47697",
            "ticker": "KXHIGHAUS-25APR28-T86",
            "count": 26,
            "created_time": "2025-04-28T20:27:30.496591Z",
            "yes_price": 13,
            "no_price": 87,
            "taker_side": "no"
        },
        {
            "trade_id": "a823d7e4-ff56-4f50-82dd-789f04c7577f",
            "ticker": "KXHIGHAUS-25APR28-T86",
            "count": 50,
            "created_time": "2025-04-28T20:27:30.496591Z",
            "yes_price": 50,
            "no_price": 50,
            "taker_side": "no"
        },
        {
            "trade_id": "7bf8ef89-4e05-447d-8f1b-37f67d38d3d2",
            "ticker": "KXHIGHAUS-25APR28-T86",
            "count": 20,
            "created_time": "2025-04-28T20:27:30.496591Z",
            "yes_price": 52,
            "no_price": 48,
            "taker_side": "no"
        },
        {
            "trade_id": "5b3f4e0e-968b-4d3a-ad1f-5b54c6570558",
            "ticker": "KXHIGHAUS-25APR28-T86",
            "count": 149,
            "created_time": "2025-04-28T20:27:30.496591Z",
            "yes_price": 49,
            "no_price": 51,
            "taker_side": "no"
        },
        {
            "trade_id": "471a3b8f-799c-4106-a64c-9e099853e811",
            "ticker": "KXHIGHAUS-25APR28-T86",
            "count": 4,
            "created_time": "2025-04-28T20:27:30.496591Z",
            "yes_price": 12,
            "no_price": 88,
            "taker_side": "no"
        },
        {
            "trade_id": "388aa44a-4ee4-41f4-80e2-23eab92366b4",
            "ticker": "KXHIGHAUS-25APR28-T86",
            "count": 1,
            "created_time": "2025-04-28T20:27:30.496591Z",
            "yes_price": 45,
            "no_price": 55,
            "taker_side": "no"
        },
        {
            "trade_id": "10a73828-959a-4795-8ff0-3abc4e236291",
            "ticker": "KXHIGHAUS-25APR28-T86",
            "count": 10,
            "created_time": "2025-04-28T20:27:30.496591Z",
            "yes_price": 25,
            "no_price": 75,
            "taker_side": "no"
        },
        {
            "trade_id": "6060fbaf-20de-4e54-946d-cc0a327e77fc",
            "ticker": "KXHIGHAUS-25APR28-T86",
            "count": 20,
            "created_time": "2025-04-28T20:27:16.820266Z",
            "yes_price": 52,
            "no_price": 48,
            "taker_side": "no"
        },
        {
            "trade_id": "a489dbec-eae6-4933-bade-dc39e24ced2e",
            "ticker": "KXHIGHAUS-25APR28-T86",
            "count": 15,
            "created_time": "2025-04-28T20:27:05.293756Z",
            "yes_price": 58,
            "no_price": 42,
            "taker_side": "no"
        },
        {
            "trade_id": "6eec7597-35b3-42cb-addc-8ea3f34c3cf9",
            "ticker": "KXHIGHAUS-25APR28-T86",
            "count": 120,
            "created_time": "2025-04-28T20:26:55.167012Z",
            "yes_price": 72,
            "no_price": 28,
            "taker_side": "yes"
        },
        {
            "trade_id": "909c9969-642d-419a-92f0-f61579e528d3",
            "ticker": "KXHIGHAUS-25APR28-T86",
            "count": 25,
            "created_time": "2025-04-28T20:26:24.280505Z",
            "yes_price": 72,
            "no_price": 28,
            "taker_side": "yes"
        },
        {
            "trade_id": "b4d29659-b256-4175-bc99-cd4581ba7286",
            "ticker": "KXHIGHAUS-25APR28-T86",
            "count": 60,
            "created_time": "2025-04-28T20:26:00.631897Z",
            "yes_price": 72,
            "no_price": 28,
            "taker_side": "yes"
        },
        {
            "trade_id": "2931fd42-c862-4d94-add4-cb961ed226f5",
            "ticker": "KXHIGHAUS-25APR28-T86",
            "count": 40,
            "created_time": "2025-04-28T20:26:00.631897Z",
            "yes_price": 71,
            "no_price": 29,
            "taker_side": "yes"
        },
        {
            "trade_id": "5b2cfd48-b478-405f-8494-18b6b8558186",
            "ticker": "KXHIGHAUS-25APR28-T86",
            "count": 11,
            "created_time": "2025-04-28T20:24:22.618629Z",
            "yes_price": 70,
            "no_price": 30,
            "taker_side": "no"
        },
        {
            "trade_id": "cce0a120-17c2-473a-aa32-951058381b2e",
            "ticker": "KXHIGHAUS-25APR28-T86",
            "count": 39,
            "created_time": "2025-04-28T20:23:51.550538Z",
            "yes_price": 71,
            "no_price": 29,
            "taker_side": "yes"
        },
        {
            "trade_id": "7c9b27d8-1df5-4914-a760-23d03970908f",
            "ticker": "KXHIGHAUS-25APR28-T86",
            "count": 15,
            "created_time": "2025-04-28T20:23:51.550538Z",
            "yes_price": 71,
            "no_price": 29,
            "taker_side": "yes"
        },
        {
            "trade_id": "f1797c04-b36e-4ec3-bd5c-1e5c93a8270c",
            "ticker": "KXHIGHAUS-25APR28-T86",
            "count": 15,
            "created_time": "2025-04-28T20:16:50.229687Z",
            "yes_price": 54,
            "no_price": 46,
            "taker_side": "yes"
        },
        {
            "trade_id": "df89fa7c-bc15-4353-9cb1-3f2175173139",
            "ticker": "KXHIGHAUS-25APR28-T86",
            "count": 8,
            "created_time": "2025-04-28T20:16:50.229687Z",
            "yes_price": 54,
            "no_price": 46,
            "taker_side": "yes"
        },
        {
            "trade_id": "add85300-7128-45b4-9b39-bb11389b3784",
            "ticker": "KXHIGHAUS-25APR28-T86",
            "count": 96,
            "created_time": "2025-04-28T20:16:50.229687Z",
            "yes_price": 59,
            "no_price": 41,
            "taker_side": "yes"
        },
        {
            "trade_id": "92cfe86b-e6e7-4c5e-a439-0482be41890b",
            "ticker": "KXHIGHAUS-25APR28-T86",
            "count": 26,
            "created_time": "2025-04-28T20:16:50.229687Z",
            "yes_price": 55,
            "no_price": 45,
            "taker_side": "yes"
        },
        {
            "trade_id": "0b8f4de6-ccc3-465a-ac98-b3cbf036716b",
            "ticker": "KXHIGHAUS-25APR28-T86",
            "count": 31,
            "created_time": "2025-04-28T20:16:50.229687Z",
            "yes_price": 55,
            "no_price": 45,
            "taker_side": "yes"
        },
        {
            "trade_id": "bf1b7487-76b2-4039-b3ff-c319c985ee4d",
            "ticker": "KXHIGHAUS-25APR28-T86",
            "count": 10,
            "created_time": "2025-04-28T20:05:21.962763Z",
            "yes_price": 53,
            "no_price": 47,
            "taker_side": "yes"
        },
        {
            "trade_id": "32ba4883-1c6f-4a60-b933-da51a6b56bb0",
            "ticker": "KXHIGHAUS-25APR28-T86",
            "count": 17,
            "created_time": "2025-04-28T20:05:21.962763Z",
            "yes_price": 54,
            "no_price": 46,
            "taker_side": "yes"
        },
        {
            "trade_id": "d45a3791-bf54-4375-b5b5-d668c10b9bd6",
            "ticker": "KXHIGHAUS-25APR28-T86",
            "count": 36,
            "created_time": "2025-04-28T19:59:59.193716Z",
            "yes_price": 44,
            "no_price": 56,
            "taker_side": "yes"
        },
        {
            "trade_id": "63933829-4269-468d-b807-8449462ca4f7",
            "ticker": "KXHIGHAUS-25APR28-T86",
            "count": 1,
            "created_time": "2025-04-28T19:57:24.092011Z",
            "yes_price": 50,
            "no_price": 50,
            "taker_side": "yes"
        },
        {
            "trade_id": "3461e517-374d-41b8-9d38-bcd840f3ec0e",
            "ticker": "KXHIGHAUS-25APR28-T86",
            "count": 30,
            "created_time": "2025-04-28T19:56:47.449394Z",
            "yes_price": 49,
            "no_price": 51,
            "taker_side": "yes"
        },
        {
            "trade_id": "dd85f6f4-14c3-40fd-920f-44f96f5e5166",
            "ticker": "KXHIGHAUS-25APR28-T86",
            "count": 8,
            "created_time": "2025-04-28T19:56:31.085064Z",
            "yes_price": 36,
            "no_price": 64,
            "taker_side": "yes"
        },
        {
            "trade_id": "5a367857-0c9b-423a-87f2-c16809a4f951",
            "ticker": "KXHIGHAUS-25APR28-T86",
            "count": 17,
            "created_time": "2025-04-28T19:56:31.085064Z",
            "yes_price": 39,
            "no_price": 61,
            "taker_side": "yes"
        },
        {
            "trade_id": "e9a7be52-1f81-4585-b0a7-a2a1dfcebac6",
            "ticker": "KXHIGHAUS-25APR28-T86",
            "count": 25,
            "created_time": "2025-04-28T19:55:50.450607Z",
            "yes_price": 16,
            "no_price": 84,
            "taker_side": "no"
        },
        {
            "trade_id": "6457ae39-4b9b-4ae1-a298-ac27502fd64c",
            "ticker": "KXHIGHAUS-25APR28-T86",
            "count": 7,
            "created_time": "2025-04-28T19:55:33.401836Z",
            "yes_price": 53,
            "no_price": 47,
            "taker_side": "yes"
        },
        {
            "trade_id": "85f0ae44-aa17-4f6b-8b84-3349a722a746",
            "ticker": "KXHIGHAUS-25APR28-T86",
            "count": 15,
            "created_time": "2025-04-28T19:55:19.566003Z",
            "yes_price": 48,
            "no_price": 52,
            "taker_side": "no"
        },
        {
            "trade_id": "56e4fb4e-d46c-4a78-8e36-6b780702ac5e",
            "ticker": "KXHIGHAUS-25APR28-T86",
            "count": 85,
            "created_time": "2025-04-28T19:55:19.566003Z",
            "yes_price": 47,
            "no_price": 53,
            "taker_side": "no"
        },
        {
            "trade_id": "4708999b-0579-44d0-8a4d-11671670fac5",
            "ticker": "KXHIGHAUS-25APR28-T86",
            "count": 97,
            "created_time": "2025-04-28T19:55:19.566003Z",
            "yes_price": 55,
            "no_price": 45,
            "taker_side": "no"
        },
        {
            "trade_id": "5dffef5d-5036-4680-bde7-0d2e673c7924",
            "ticker": "KXHIGHAUS-25APR28-T86",
            "count": 1,
            "created_time": "2025-04-28T19:54:59.294844Z",
            "yes_price": 55,
            "no_price": 45,
            "taker_side": "no"
        },
        {
            "trade_id": "bffeeb19-f465-4e06-a251-0503991a9208",
            "ticker": "KXHIGHAUS-25APR28-T86",
            "count": 1,
            "created_time": "2025-04-28T19:54:41.503302Z",
            "yes_price": 55,
            "no_price": 45,
            "taker_side": "no"
        },
        {
            "trade_id": "ca2a76a7-8c36-41e8-9149-dc5ceefdb8c7",
            "ticker": "KXHIGHAUS-25APR28-T86",
            "count": 1,
            "created_time": "2025-04-28T19:52:51.500863Z",
            "yes_price": 41,
            "no_price": 59,
            "taker_side": "yes"
        },
        {
            "trade_id": "935509b4-a80d-4805-903e-f3f37c9dfc0b",
            "ticker": "KXHIGHAUS-25APR28-T86",
            "count": 50,
            "created_time": "2025-04-28T19:52:51.500863Z",
            "yes_price": 50,
            "no_price": 50,
            "taker_side": "yes"
        },
        {
            "trade_id": "e27000a9-65d8-46e0-a84e-cc6c287cf9ee",
            "ticker": "KXHIGHAUS-25APR28-T86",
            "count": 24,
            "created_time": "2025-04-28T19:50:53.97917Z",
            "yes_price": 44,
            "no_price": 56,
            "taker_side": "yes"
        },
        {
            "trade_id": "d32a2aa1-3452-4cf3-9473-8b2b5df87d49",
            "ticker": "KXHIGHAUS-25APR28-T86",
            "count": 5,
            "created_time": "2025-04-28T19:50:34.986571Z",
            "yes_price": 36,
            "no_price": 64,
            "taker_side": "yes"
        },
        {
            "trade_id": "71355372-530c-4bea-b3ec-25613407860d",
            "ticker": "KXHIGHAUS-25APR28-T86",
            "count": 12,
            "created_time": "2025-04-28T19:50:34.986571Z",
            "yes_price": 37,
            "no_price": 63,
            "taker_side": "yes"
        },
        {
            "trade_id": "300e6a2d-8fe9-4331-a6f7-6ef9ecc5feff",
            "ticker": "KXHIGHAUS-25APR28-T86",
            "count": 50,
            "created_time": "2025-04-28T19:50:34.986571Z",
            "yes_price": 37,
            "no_price": 63,
            "taker_side": "yes"
        },
        {
            "trade_id": "0eebbbc3-2eac-4ff2-9a4a-0ff5542b98ff",
            "ticker": "KXHIGHAUS-25APR28-T86",
            "count": 30,
            "created_time": "2025-04-28T19:50:34.986571Z",
            "yes_price": 37,
            "no_price": 63,
            "taker_side": "yes"
        },
        {
            "trade_id": "00d431f6-ed9b-46ab-922b-ac586d0e3a63",
            "ticker": "KXHIGHAUS-25APR28-T86",
            "count": 15,
            "created_time": "2025-04-28T19:50:34.986571Z",
            "yes_price": 36,
            "no_price": 64,
            "taker_side": "yes"
        },
        {
            "trade_id": "c416e1a7-3a7a-44e1-ad52-20ba10538448",
            "ticker": "KXHIGHAUS-25APR28-T86",
            "count": 5,
            "created_time": "2025-04-28T19:47:41.607063Z",
            "yes_price": 17,
            "no_price": 83,
            "taker_side": "no"
        },
        {
            "trade_id": "c9a53697-f608-4cfe-b9bd-827e9405fb0c",
            "ticker": "KXHIGHAUS-25APR28-T86",
            "count": 5,
            "created_time": "2025-04-28T19:47:24.035631Z",
            "yes_price": 16,
            "no_price": 84,
            "taker_side": "no"
        },
        {
            "trade_id": "f0ee8072-e367-4a5d-a49c-969048acbc10",
            "ticker": "KXHIGHAUS-25APR28-T86",
            "count": 50,
            "created_time": "2025-04-28T19:45:47.430735Z",
            "yes_price": 25,
            "no_price": 75,
            "taker_side": "no"
        },
        {
            "trade_id": "806ae663-cc0d-4d46-bb94-f7ce02fbadd6",
            "ticker": "KXHIGHAUS-25APR28-T86",
            "count": 46,
            "created_time": "2025-04-28T19:45:47.430735Z",
            "yes_price": 25,
            "no_price": 75,
            "taker_side": "no"
        },
        {
            "trade_id": "7f2ab4ea-5691-4a1d-875a-2132213a1079",
            "ticker": "KXHIGHAUS-25APR28-T86",
            "count": 35,
            "created_time": "2025-04-28T19:45:47.430735Z",
            "yes_price": 26,
            "no_price": 74,
            "taker_side": "no"
        },
        {
            "trade_id": "cd608fda-d29e-44a2-a972-10cc23143ef7",
            "ticker": "KXHIGHAUS-25APR28-T86",
            "count": 1,
            "created_time": "2025-04-28T19:39:04.551075Z",
            "yes_price": 26,
            "no_price": 74,
            "taker_side": "no"
        },
        {
            "trade_id": "018cb448-789a-464b-8270-12d1ba975d2e",
            "ticker": "KXHIGHAUS-25APR28-T86",
            "count": 1,
            "created_time": "2025-04-28T19:38:54.469779Z",
            "yes_price": 26,
            "no_price": 74,
            "taker_side": "no"
        },
        {
            "trade_id": "de8ea644-ab3a-4a16-9f9c-443f9597e596",
            "ticker": "KXHIGHAUS-25APR28-T86",
            "count": 15,
            "created_time": "2025-04-28T19:30:15.488935Z",
            "yes_price": 25,
            "no_price": 75,
            "taker_side": "yes"
        },
        {
            "trade_id": "8d630b33-d9ff-4b48-9252-0db276a2ef18",
            "ticker": "KXHIGHAUS-25APR28-T86",
            "count": 40,
            "created_time": "2025-04-28T19:30:15.479874Z",
            "yes_price": 31,
            "no_price": 69,
            "taker_side": "no"
        },
        {
            "trade_id": "b5a0124c-67b5-4259-a00f-697f233fbeb7",
            "ticker": "KXHIGHAUS-25APR28-T86",
            "count": 39,
            "created_time": "2025-04-28T19:29:36.863657Z",
            "yes_price": 40,
            "no_price": 60,
            "taker_side": "no"
        },
        {
            "trade_id": "54d13d60-2775-4db9-9819-7cb53dfa8f63",
            "ticker": "KXHIGHAUS-25APR28-T86",
            "count": 4,
            "created_time": "2025-04-28T19:29:36.863657Z",
            "yes_price": 40,
            "no_price": 60,
            "taker_side": "no"
        },
        {
            "trade_id": "e2c56f27-7306-41db-8af0-2f61d0de44d2",
            "ticker": "KXHIGHAUS-25APR28-T86",
            "count": 1,
            "created_time": "2025-04-28T19:27:56.047827Z",
            "yes_price": 40,
            "no_price": 60,
            "taker_side": "no"
        },
        {
            "trade_id": "d90a3dee-5d3d-43cf-944d-affa4dd5a6d3",
            "ticker": "KXHIGHAUS-25APR28-T86",
            "count": 9,
            "created_time": "2025-04-28T19:25:58.298348Z",
            "yes_price": 41,
            "no_price": 59,
            "taker_side": "yes"
        },
        {
            "trade_id": "739ab585-3b0c-461b-8b76-48a7e401564b",
            "ticker": "KXHIGHAUS-25APR28-T86",
            "count": 12,
            "created_time": "2025-04-28T19:25:58.298348Z",
            "yes_price": 34,
            "no_price": 66,
            "taker_side": "yes"
        },
        {
            "trade_id": "28b9a78b-11ef-40c9-9d1f-d4f1f8ed2f4d",
            "ticker": "KXHIGHAUS-25APR28-T86",
            "count": 4,
            "created_time": "2025-04-28T19:25:58.298348Z",
            "yes_price": 40,
            "no_price": 60,
            "taker_side": "yes"
        },
        {
            "trade_id": "185ae47c-28e4-454e-8393-ebd215d383d6",
            "ticker": "KXHIGHAUS-25APR28-T86",
            "count": 14,
            "created_time": "2025-04-28T19:20:35.614313Z",
            "yes_price": 47,
            "no_price": 53,
            "taker_side": "yes"
        },
        {
            "trade_id": "6c376b1c-7771-4e20-8ce3-929f18f9cacb",
            "ticker": "KXHIGHAUS-25APR28-T86",
            "count": 2,
            "created_time": "2025-04-28T19:19:30.033301Z",
            "yes_price": 50,
            "no_price": 50,
            "taker_side": "no"
        },
        {
            "trade_id": "a586d639-5263-4013-afd1-e510c918a092",
            "ticker": "KXHIGHAUS-25APR28-T86",
            "count": 137,
            "created_time": "2025-04-28T19:18:45.119702Z",
            "yes_price": 61,
            "no_price": 39,
            "taker_side": "yes"
        },
        {
            "trade_id": "98ac7053-fa98-4e38-8c6f-caa5cf43cb70",
            "ticker": "KXHIGHAUS-25APR28-T86",
            "count": 50,
            "created_time": "2025-04-28T19:18:45.119702Z",
            "yes_price": 53,
            "no_price": 47,
            "taker_side": "yes"
        },
        {
            "trade_id": "6603cfe2-e0b2-411a-9a01-37f44ca60af1",
            "ticker": "KXHIGHAUS-25APR28-T86",
            "count": 200,
            "created_time": "2025-04-28T19:18:45.119702Z",
            "yes_price": 60,
            "no_price": 40,
            "taker_side": "yes"
        },
        {
            "trade_id": "f9fd4242-29e0-4da0-b35b-8e1077b46312",
            "ticker": "KXHIGHAUS-25APR28-T86",
            "count": 1,
            "created_time": "2025-04-28T19:18:18.69242Z",
            "yes_price": 45,
            "no_price": 55,
            "taker_side": "no"
        },
        {
            "trade_id": "a0d11d63-7083-4295-a2d4-12281499ed79",
            "ticker": "KXHIGHAUS-25APR28-T86",
            "count": 20,
            "created_time": "2025-04-28T19:17:17.846152Z",
            "yes_price": 37,
            "no_price": 63,
            "taker_side": "yes"
        },
        {
            "trade_id": "9a6ef895-c398-44d2-8686-cfce2ec0ccf7",
            "ticker": "KXHIGHAUS-25APR28-T86",
            "count": 21,
            "created_time": "2025-04-28T19:17:17.846152Z",
            "yes_price": 35,
            "no_price": 65,
            "taker_side": "yes"
        },
        {
            "trade_id": "69f36c42-d321-495a-a97c-251a250544ff",
            "ticker": "KXHIGHAUS-25APR28-T86",
            "count": 10,
            "created_time": "2025-04-28T19:15:31.226484Z",
            "yes_price": 34,
            "no_price": 66,
            "taker_side": "yes"
        },
        {
            "trade_id": "9784b0b0-da74-4304-89ba-005aa957d5e7",
            "ticker": "KXHIGHAUS-25APR28-T86",
            "count": 10,
            "created_time": "2025-04-28T19:15:29.073854Z",
            "yes_price": 27,
            "no_price": 73,
            "taker_side": "yes"
        },
        {
            "trade_id": "a4223b60-e86b-4bf1-ab0b-b8290f5eac4a",
            "ticker": "KXHIGHAUS-25APR28-T86",
            "count": 10,
            "created_time": "2025-04-28T19:15:18.372871Z",
            "yes_price": 27,
            "no_price": 73,
            "taker_side": "yes"
        },
        {
            "trade_id": "62e16c60-1f38-4afe-a108-2b795999aa3b",
            "ticker": "KXHIGHAUS-25APR28-T86",
            "count": 2,
            "created_time": "2025-04-28T19:14:51.2499Z",
            "yes_price": 25,
            "no_price": 75,
            "taker_side": "no"
        },
        {
            "trade_id": "ae4e141c-eb9c-4397-aa8c-f1ffffdf4422",
            "ticker": "KXHIGHAUS-25APR28-T86",
            "count": 10,
            "created_time": "2025-04-28T19:08:32.856612Z",
            "yes_price": 25,
            "no_price": 75,
            "taker_side": "yes"
        },
        {
            "trade_id": "6954612c-2395-45c2-bed7-f370130e574d",
            "ticker": "KXHIGHAUS-25APR28-T86",
            "count": 50,
            "created_time": "2025-04-28T19:08:32.856612Z",
            "yes_price": 24,
            "no_price": 76,
            "taker_side": "yes"
        },
        {
            "trade_id": "d6c55895-d470-4deb-a1e0-f59f8d31b500",
            "ticker": "KXHIGHAUS-25APR28-T86",
            "count": 5,
            "created_time": "2025-04-28T19:02:55.738826Z",
            "yes_price": 21,
            "no_price": 79,
            "taker_side": "yes"
        },
        {
            "trade_id": "416c1d2a-2062-44da-b592-f7fd84e94e35",
            "ticker": "KXHIGHAUS-25APR28-T86",
            "count": 6,
            "created_time": "2025-04-28T19:02:55.738826Z",
            "yes_price": 24,
            "no_price": 76,
            "taker_side": "yes"
        },
        {
            "trade_id": "379226d1-e0ae-4fef-8f5c-01bc6b2ae068",
            "ticker": "KXHIGHAUS-25APR28-T86",
            "count": 9,
            "created_time": "2025-04-28T19:02:55.738826Z",
            "yes_price": 24,
            "no_price": 76,
            "taker_side": "yes"
        },
        {
            "trade_id": "1c433114-2d61-4835-a23d-38d673230602",
            "ticker": "KXHIGHAUS-25APR28-T86",
            "count": 1,
            "created_time": "2025-04-28T18:57:12.00938Z",
            "yes_price": 17,
            "no_price": 83,
            "taker_side": "yes"
        },
        {
            "trade_id": "ea5bfda6-05b0-48c2-8c00-acb2dcf209ee",
            "ticker": "KXHIGHAUS-25APR28-T86",
            "count": 217,
            "created_time": "2025-04-28T18:56:25.483576Z",
            "yes_price": 15,
            "no_price": 85,
            "taker_side": "yes"
        },
        {
            "trade_id": "1d836945-2ce9-44b5-b363-c1b3d0e65595",
            "ticker": "KXHIGHAUS-25APR28-T86",
            "count": 50,
            "created_time": "2025-04-28T18:56:25.483576Z",
            "yes_price": 15,
            "no_price": 85,
            "taker_side": "yes"
        },
        {
            "trade_id": "a8859b8a-f6bd-4489-8eef-0273dacdf1ae",
            "ticker": "KXHIGHAUS-25APR28-T86",
            "count": 50,
            "created_time": "2025-04-28T18:52:35.24495Z",
            "yes_price": 15,
            "no_price": 85,
            "taker_side": "yes"
        },
        {
            "trade_id": "4df661e3-d5f1-4b98-897a-07024f07699a",
            "ticker": "KXHIGHAUS-25APR28-T86",
            "count": 39,
            "created_time": "2025-04-28T18:52:06.51732Z",
            "yes_price": 15,
            "no_price": 85,
            "taker_side": "yes"
        },
        {
            "trade_id": "84da5c9d-b8c2-41c7-9291-5d9c280951a4",
            "ticker": "KXHIGHAUS-25APR28-T86",
            "count": 123,
            "created_time": "2025-04-28T18:41:46.288634Z",
            "yes_price": 16,
            "no_price": 84,
            "taker_side": "no"
        },
        {
            "trade_id": "521d02ff-d08a-4058-b247-2c799282d04f",
            "ticker": "KXHIGHAUS-25APR28-T86",
            "count": 159,
            "created_time": "2025-04-28T18:41:11.932208Z",
            "yes_price": 16,
            "no_price": 84,
            "taker_side": "no"
        },
        {
            "trade_id": "8ec84217-f8d1-4cea-889c-a61030ab2fce",
            "ticker": "KXHIGHAUS-25APR28-T86",
            "count": 50,
            "created_time": "2025-04-28T18:39:27.183422Z",
            "yes_price": 17,
            "no_price": 83,
            "taker_side": "no"
        },
        {
            "trade_id": "7d5d7cb5-3a0a-469f-98de-1e6554ad7c6a",
            "ticker": "KXHIGHAUS-25APR28-T86",
            "count": 68,
            "created_time": "2025-04-28T18:39:27.183422Z",
            "yes_price": 16,
            "no_price": 84,
            "taker_side": "no"
        },
        {
            "trade_id": "c0097e8a-cd9c-4d05-8481-408da62dbca5",
            "ticker": "KXHIGHAUS-25APR28-T86",
            "count": 50,
            "created_time": "2025-04-28T18:34:50.98359Z",
            "yes_price": 17,
            "no_price": 83,
            "taker_side": "no"
        },
        {
            "trade_id": "413650d1-cf86-452b-a00e-a1bfc72df7c8",
            "ticker": "KXHIGHAUS-25APR28-T86",
            "count": 40,
            "created_time": "2025-04-28T18:34:50.98359Z",
            "yes_price": 18,
            "no_price": 82,
            "taker_side": "no"
        },
        {
            "trade_id": "d3978c0b-e5b6-416a-8418-963132b7add8",
            "ticker": "KXHIGHAUS-25APR28-T86",
            "count": 48,
            "created_time": "2025-04-28T18:30:09.559054Z",
            "yes_price": 24,
            "no_price": 76,
            "taker_side": "yes"
        },
        {
            "trade_id": "2911ab52-436e-4fb5-bef5-81d4b049cadf",
            "ticker": "KXHIGHAUS-25APR28-T86",
            "count": 50,
            "created_time": "2025-04-28T18:30:09.559054Z",
            "yes_price": 23,
            "no_price": 77,
            "taker_side": "yes"
        },
        {
            "trade_id": "4a7e4ceb-579b-4566-9934-c5222d34dcb6",
            "ticker": "KXHIGHAUS-25APR28-T86",
            "count": 50,
            "created_time": "2025-04-28T18:25:44.056543Z",
            "yes_price": 21,
            "no_price": 79,
            "taker_side": "yes"
        },
        {
            "trade_id": "3b6907a4-643a-464c-82bf-e6cd55c4aa3c",
            "ticker": "KXHIGHAUS-25APR28-T86",
            "count": 3,
            "created_time": "2025-04-28T18:25:44.056543Z",
            "yes_price": 24,
            "no_price": 76,
            "taker_side": "yes"
        },
        {
            "trade_id": "029a7566-aab0-418e-8e5b-6b62ee31a45a",
            "ticker": "KXHIGHAUS-25APR28-T86",
            "count": 9,
            "created_time": "2025-04-28T18:25:44.056543Z",
            "yes_price": 22,
            "no_price": 78,
            "taker_side": "yes"
        },
        {
            "trade_id": "0089172e-883c-4830-aaab-89fd6621d122",
            "ticker": "KXHIGHAUS-25APR28-T86",
            "count": 25,
            "created_time": "2025-04-28T18:25:44.056543Z",
            "yes_price": 23,
            "no_price": 77,
            "taker_side": "yes"
        },
        {
            "trade_id": "dec70ded-633c-4b55-b8ed-b96760ef548d",
            "ticker": "KXHIGHAUS-25APR28-T86",
            "count": 350,
            "created_time": "2025-04-28T18:13:34.484686Z",
            "yes_price": 15,
            "no_price": 85,
            "taker_side": "no"
        },
        {
            "trade_id": "6439d7c3-0778-4525-be0f-04861b677561",
            "ticker": "KXHIGHAUS-25APR28-T86",
            "count": 58,
            "created_time": "2025-04-28T18:02:01.13582Z",
            "yes_price": 15,
            "no_price": 85,
            "taker_side": "no"
        },
        {
            "trade_id": "beb6ce3a-e377-4f7e-8351-b4c3bf69ec9e",
            "ticker": "KXHIGHAUS-25APR28-T86",
            "count": 10,
            "created_time": "2025-04-28T17:49:49.125134Z",
            "yes_price": 16,
            "no_price": 84,
            "taker_side": "no"
        },
        {
            "trade_id": "5afb0496-f22c-4391-a098-514816f52e2e",
            "ticker": "KXHIGHAUS-25APR28-T86",
            "count": 9,
            "created_time": "2025-04-28T17:45:32.793393Z",
            "yes_price": 21,
            "no_price": 79,
            "taker_side": "yes"
        },
        {
            "trade_id": "022effa2-3a0c-48c1-a197-678d5fd67527",
            "ticker": "KXHIGHAUS-25APR28-T86",
            "count": 8,
            "created_time": "2025-04-28T17:45:32.793393Z",
            "yes_price": 21,
            "no_price": 79,
            "taker_side": "yes"
        },
        {
            "trade_id": "79db36f1-7364-4691-ab62-753f220ce837",
            "ticker": "KXHIGHAUS-25APR28-T86",
            "count": 8,
            "created_time": "2025-04-28T17:44:57.437941Z",
            "yes_price": 20,
            "no_price": 80,
            "taker_side": "yes"
        },
        {
            "trade_id": "0caed93c-163c-456b-ac7a-3224b05c48a2",
            "ticker": "KXHIGHAUS-25APR28-T86",
            "count": 50,
            "created_time": "2025-04-28T17:44:07.433157Z",
            "yes_price": 19,
            "no_price": 81,
            "taker_side": "yes"
        },
        {
            "trade_id": "a6e6ed44-a426-47c0-b0f9-cd318277cca9",
            "ticker": "KXHIGHAUS-25APR28-T86",
            "count": 50,
            "created_time": "2025-04-28T17:40:03.153508Z",
            "yes_price": 17,
            "no_price": 83,
            "taker_side": "yes"
        },
        {
            "trade_id": "1808a436-46be-412b-95e3-47028e095c8d",
            "ticker": "KXHIGHAUS-25APR28-T86",
            "count": 18,
            "created_time": "2025-04-28T17:40:03.153508Z",
            "yes_price": 17,
            "no_price": 83,
            "taker_side": "yes"
        },
        {
            "trade_id": "b38bfeae-e71b-4900-8a9a-1e77ce95381b",
            "ticker": "KXHIGHAUS-25APR28-T86",
            "count": 50,
            "created_time": "2025-04-28T17:38:09.402964Z",
            "yes_price": 19,
            "no_price": 81,
            "taker_side": "yes"
        },
        {
            "trade_id": "92bf3349-1f78-4a7a-8975-9ed5784427ca",
            "ticker": "KXHIGHAUS-25APR28-T86",
            "count": 50,
            "created_time": "2025-04-28T17:34:43.639009Z",
            "yes_price": 19,
            "no_price": 81,
            "taker_side": "yes"
        },
        {
            "trade_id": "02e20156-1972-43ee-a2d1-b21b0154ed1f",
            "ticker": "KXHIGHAUS-25APR28-T86",
            "count": 5,
            "created_time": "2025-04-28T17:23:12.584489Z",
            "yes_price": 12,
            "no_price": 88,
            "taker_side": "no"
        },
        {
            "trade_id": "b5a26720-1d6f-4814-b194-6416cacbe381",
            "ticker": "KXHIGHAUS-25APR28-T86",
            "count": 50,
            "created_time": "2025-04-28T17:17:54.466211Z",
            "yes_price": 14,
            "no_price": 86,
            "taker_side": "yes"
        },
        {
            "trade_id": "6cbb27a3-02f6-4fb2-b9bf-578b2bf98111",
            "ticker": "KXHIGHAUS-25APR28-T86",
            "count": 17,
            "created_time": "2025-04-28T17:17:54.466211Z",
            "yes_price": 14,
            "no_price": 86,
            "taker_side": "yes"
        },
        {
            "trade_id": "842fc027-52e9-43dc-86be-87e7072eacc1",
            "ticker": "KXHIGHAUS-25APR28-T86",
            "count": 5,
            "created_time": "2025-04-28T17:15:21.318008Z",
            "yes_price": 14,
            "no_price": 86,
            "taker_side": "yes"
        },
        {
            "trade_id": "b3ecb6b9-2388-44d0-a29a-3e732fb4c7ab",
            "ticker": "KXHIGHAUS-25APR28-T86",
            "count": 5,
            "created_time": "2025-04-28T17:10:27.768223Z",
            "yes_price": 7,
            "no_price": 93,
            "taker_side": "no"
        },
        {
            "trade_id": "94480b0c-61c1-4569-b688-940688aa644f",
            "ticker": "KXHIGHAUS-25APR28-T86",
            "count": 180,
            "created_time": "2025-04-28T16:57:31.242443Z",
            "yes_price": 9,
            "no_price": 91,
            "taker_side": "no"
        },
        {
            "trade_id": "9ea455f0-cba9-4607-afd5-86a83529740b",
            "ticker": "KXHIGHAUS-25APR28-T86",
            "count": 1,
            "created_time": "2025-04-28T16:52:19.601379Z",
            "yes_price": 15,
            "no_price": 85,
            "taker_side": "yes"
        },
        {
            "trade_id": "443362ee-c792-434c-afb8-50c4448d1d95",
            "ticker": "KXHIGHAUS-25APR28-T86",
            "count": 50,
            "created_time": "2025-04-28T16:52:19.601379Z",
            "yes_price": 15,
            "no_price": 85,
            "taker_side": "yes"
        },
        {
            "trade_id": "f9dacf73-c184-4af8-a9f5-a9d54eadcf00",
            "ticker": "KXHIGHAUS-25APR28-T86",
            "count": 110,
            "created_time": "2025-04-28T16:51:08.254682Z",
            "yes_price": 10,
            "no_price": 90,
            "taker_side": "no"
        },
        {
            "trade_id": "96512e9d-8243-48b7-97d3-c8a15eeeb409",
            "ticker": "KXHIGHAUS-25APR28-T86",
            "count": 47,
            "created_time": "2025-04-28T16:47:34.714687Z",
            "yes_price": 11,
            "no_price": 89,
            "taker_side": "no"
        },
        {
            "trade_id": "5d2edd00-9175-4733-826a-552997513200",
            "ticker": "KXHIGHAUS-25APR28-T86",
            "count": 50,
            "created_time": "2025-04-28T16:47:34.714687Z",
            "yes_price": 11,
            "no_price": 89,
            "taker_side": "no"
        },
        {
            "trade_id": "3528d1f8-1d69-4a9f-8d8a-b4a55499c5d5",
            "ticker": "KXHIGHAUS-25APR28-T86",
            "count": 103,
            "created_time": "2025-04-28T16:47:34.714687Z",
            "yes_price": 10,
            "no_price": 90,
            "taker_side": "no"
        },
        {
            "trade_id": "82f1ae83-0a14-4401-b6a0-2e1286d5569d",
            "ticker": "KXHIGHAUS-25APR28-T86",
            "count": 1,
            "created_time": "2025-04-28T16:42:23.354449Z",
            "yes_price": 12,
            "no_price": 88,
            "taker_side": "no"
        },
        {
            "trade_id": "39b137c2-bf4c-4c06-b1cb-654541284dc1",
            "ticker": "KXHIGHAUS-25APR28-T86",
            "count": 128,
            "created_time": "2025-04-28T16:42:23.354449Z",
            "yes_price": 12,
            "no_price": 88,
            "taker_side": "no"
        },
        {
            "trade_id": "f7c9d6a8-c9f1-46af-8029-fd017776e7a2",
            "ticker": "KXHIGHAUS-25APR28-T86",
            "count": 18,
            "created_time": "2025-04-28T16:38:50.444476Z",
            "yes_price": 16,
            "no_price": 84,
            "taker_side": "yes"
        },
        {
            "trade_id": "2d97e1d8-f735-4863-981e-1e5cf8fe27e0",
            "ticker": "KXHIGHAUS-25APR28-T86",
            "count": 50,
            "created_time": "2025-04-28T16:38:50.444476Z",
            "yes_price": 16,
            "no_price": 84,
            "taker_side": "yes"
        },
        {
            "trade_id": "7b6b33d9-2f2e-4e29-80bc-ffc38e750bc8",
            "ticker": "KXHIGHAUS-25APR28-T86",
            "count": 42,
            "created_time": "2025-04-28T16:34:18.588705Z",
            "yes_price": 16,
            "no_price": 84,
            "taker_side": "yes"
        },
        {
            "trade_id": "66de2a51-387f-4b8d-aaff-40d89e6d6baf",
            "ticker": "KXHIGHAUS-25APR28-T86",
            "count": 50,
            "created_time": "2025-04-28T16:34:18.588705Z",
            "yes_price": 16,
            "no_price": 84,
            "taker_side": "yes"
        },
        {
            "trade_id": "124e5124-9378-4ec2-8df6-3bb5c1db9410",
            "ticker": "KXHIGHAUS-25APR28-T86",
            "count": 1,
            "created_time": "2025-04-28T16:34:18.588705Z",
            "yes_price": 16,
            "no_price": 84,
            "taker_side": "yes"
        },
        {
            "trade_id": "9d511cbc-8377-4fd9-9eef-a2f01e288e7e",
            "ticker": "KXHIGHAUS-25APR28-T86",
            "count": 50,
            "created_time": "2025-04-28T16:29:55.718523Z",
            "yes_price": 12,
            "no_price": 88,
            "taker_side": "no"
        },
        {
            "trade_id": "07faec5f-1ad5-495f-9c21-117084f86a71",
            "ticker": "KXHIGHAUS-25APR28-T86",
            "count": 119,
            "created_time": "2025-04-28T16:29:55.718523Z",
            "yes_price": 11,
            "no_price": 89,
            "taker_side": "no"
        },
        {
            "trade_id": "8864afda-0d26-4d1a-aa34-c3f5087095e8",
            "ticker": "KXHIGHAUS-25APR28-T86",
            "count": 25,
            "created_time": "2025-04-28T16:27:43.605364Z",
            "yes_price": 13,
            "no_price": 87,
            "taker_side": "no"
        },
        {
            "trade_id": "85b47084-e132-483c-9683-41602285b72c",
            "ticker": "KXHIGHAUS-25APR28-T86",
            "count": 1,
            "created_time": "2025-04-28T16:27:43.605364Z",
            "yes_price": 12,
            "no_price": 88,
            "taker_side": "no"
        },
        {
            "trade_id": "3027c941-565f-43e6-be9c-22b970056abe",
            "ticker": "KXHIGHAUS-25APR28-T86",
            "count": 41,
            "created_time": "2025-04-28T16:27:43.605364Z",
            "yes_price": 12,
            "no_price": 88,
            "taker_side": "no"
        },
        {
            "trade_id": "0b197e74-1bd5-476d-9792-c2c5337c73fc",
            "ticker": "KXHIGHAUS-25APR28-T86",
            "count": 50,
            "created_time": "2025-04-28T16:27:43.605364Z",
            "yes_price": 12,
            "no_price": 88,
            "taker_side": "no"
        },
        {
            "trade_id": "8ff27020-55ce-4910-86c8-8d7fb0cad998",
            "ticker": "KXHIGHAUS-25APR28-T86",
            "count": 27,
            "created_time": "2025-04-28T16:26:25.51444Z",
            "yes_price": 17,
            "no_price": 83,
            "taker_side": "yes"
        },
        {
            "trade_id": "f96887d8-85f6-4823-b933-9aef4548be10",
            "ticker": "KXHIGHAUS-25APR28-T86",
            "count": 50,
            "created_time": "2025-04-28T16:22:48.685758Z",
            "yes_price": 16,
            "no_price": 84,
            "taker_side": "yes"
        },
        {
            "trade_id": "20690d22-c656-4478-bf57-52f97a839b00",
            "ticker": "KXHIGHAUS-25APR28-T86",
            "count": 119,
            "created_time": "2025-04-28T16:22:48.685758Z",
            "yes_price": 17,
            "no_price": 83,
            "taker_side": "yes"
        },
        {
            "trade_id": "3a042c9f-3fd6-4244-a8cd-c61ef0d34207",
            "ticker": "KXHIGHAUS-25APR28-T86",
            "count": 26,
            "created_time": "2025-04-28T16:22:02.786399Z",
            "yes_price": 17,
            "no_price": 83,
            "taker_side": "yes"
        },
        {
            "trade_id": "0572c9ab-5359-4238-8411-5432daa0934e",
            "ticker": "KXHIGHAUS-25APR28-T86",
            "count": 57,
            "created_time": "2025-04-28T16:22:02.786399Z",
            "yes_price": 16,
            "no_price": 84,
            "taker_side": "yes"
        },
        {
            "trade_id": "123d13f3-87a3-4323-8693-9fc98e3d11c5",
            "ticker": "KXHIGHAUS-25APR28-T86",
            "count": 50,
            "created_time": "2025-04-28T16:21:41.020587Z",
            "yes_price": 15,
            "no_price": 85,
            "taker_side": "yes"
        },
        {
            "trade_id": "19627769-98cf-4984-9e85-8803604a6f66",
            "ticker": "KXHIGHAUS-25APR28-T86",
            "count": 38,
            "created_time": "2025-04-28T16:18:10.236138Z",
            "yes_price": 18,
            "no_price": 82,
            "taker_side": "yes"
        },
        {
            "trade_id": "cff695bb-9686-4d6b-bb5e-cf38ea43fde8",
            "ticker": "KXHIGHAUS-25APR28-T86",
            "count": 4,
            "created_time": "2025-04-28T16:17:36.749584Z",
            "yes_price": 15,
            "no_price": 85,
            "taker_side": "yes"
        },
        {
            "trade_id": "9f1041d9-c68e-410c-a31b-3002727efe81",
            "ticker": "KXHIGHAUS-25APR28-T86",
            "count": 240,
            "created_time": "2025-04-28T16:17:36.749584Z",
            "yes_price": 17,
            "no_price": 83,
            "taker_side": "yes"
        },
        {
            "trade_id": "28f664c9-b847-46d6-b185-ef00543129cd",
            "ticker": "KXHIGHAUS-25APR28-T86",
            "count": 50,
            "created_time": "2025-04-28T16:17:36.749584Z",
            "yes_price": 16,
            "no_price": 84,
            "taker_side": "yes"
        },
        {
            "trade_id": "22d5ddc7-d2aa-4e47-b436-23b7d0a42fc9",
            "ticker": "KXHIGHAUS-25APR28-T86",
            "count": 18,
            "created_time": "2025-04-28T16:17:36.749584Z",
            "yes_price": 15,
            "no_price": 85,
            "taker_side": "yes"
        },
        {
            "trade_id": "a7db2280-867f-4829-8c3e-34f05b38b2cf",
            "ticker": "KXHIGHAUS-25APR28-T86",
            "count": 37,
            "created_time": "2025-04-28T16:17:10.028519Z",
            "yes_price": 15,
            "no_price": 85,
            "taker_side": "yes"
        },
        {
            "trade_id": "4dad09ff-650e-4e87-8244-0cabaaef6505",
            "ticker": "KXHIGHAUS-25APR28-T86",
            "count": 4,
            "created_time": "2025-04-28T16:15:25.386304Z",
            "yes_price": 9,
            "no_price": 91,
            "taker_side": "yes"
        },
        {
            "trade_id": "2ad87228-e7f4-4564-bfe3-3fc6e277af5a",
            "ticker": "KXHIGHAUS-25APR28-T86",
            "count": 118,
            "created_time": "2025-04-28T16:15:12.450281Z",
            "yes_price": 9,
            "no_price": 91,
            "taker_side": "no"
        },
        {
            "trade_id": "e0c3dd9b-4641-4d24-b19b-e1b4ae48749b",
            "ticker": "KXHIGHAUS-25APR28-T86",
            "count": 50,
            "created_time": "2025-04-28T16:13:59.064148Z",
            "yes_price": 10,
            "no_price": 90,
            "taker_side": "no"
        },
        {
            "trade_id": "3f0e7d7d-4ebd-44c9-8a2c-072bf82722c0",
            "ticker": "KXHIGHAUS-25APR28-T86",
            "count": 26,
            "created_time": "2025-04-28T16:13:59.064148Z",
            "yes_price": 10,
            "no_price": 90,
            "taker_side": "no"
        },
        {
            "trade_id": "38ae005b-c9ee-4350-9115-4f81fb245990",
            "ticker": "KXHIGHAUS-25APR28-T86",
            "count": 33,
            "created_time": "2025-04-28T16:13:59.064148Z",
            "yes_price": 9,
            "no_price": 91,
            "taker_side": "no"
        },
        {
            "trade_id": "b166d60e-c080-4e3b-815f-d7a19b9d49ad",
            "ticker": "KXHIGHAUS-25APR28-T86",
            "count": 9,
            "created_time": "2025-04-28T16:04:33.472146Z",
            "yes_price": 15,
            "no_price": 85,
            "taker_side": "yes"
        },
        {
            "trade_id": "ac682e90-e049-4306-9849-25edbf6e380e",
            "ticker": "KXHIGHAUS-25APR28-T86",
            "count": 130,
            "created_time": "2025-04-28T16:04:33.472146Z",
            "yes_price": 15,
            "no_price": 85,
            "taker_side": "yes"
        },
        {
            "trade_id": "a3bc1126-9b32-4e97-81ca-1b0f8033c0f5",
            "ticker": "KXHIGHAUS-25APR28-T86",
            "count": 12,
            "created_time": "2025-04-28T16:04:33.472146Z",
            "yes_price": 15,
            "no_price": 85,
            "taker_side": "yes"
        },
        {
            "trade_id": "6f6f9070-6177-4014-866c-dda4493e27ee",
            "ticker": "KXHIGHAUS-25APR28-T86",
            "count": 16,
            "created_time": "2025-04-28T16:04:33.472146Z",
            "yes_price": 15,
            "no_price": 85,
            "taker_side": "yes"
        },
        {
            "trade_id": "19b9c7f0-e3f3-481c-be6e-a57648650542",
            "ticker": "KXHIGHAUS-25APR28-T86",
            "count": 50,
            "created_time": "2025-04-28T16:04:33.472146Z",
            "yes_price": 15,
            "no_price": 85,
            "taker_side": "yes"
        },
        {
            "trade_id": "11d1e13d-c097-4b3f-93f1-8ad250928932",
            "ticker": "KXHIGHAUS-25APR28-T86",
            "count": 79,
            "created_time": "2025-04-28T15:57:30.581172Z",
            "yes_price": 15,
            "no_price": 85,
            "taker_side": "yes"
        },
        {
            "trade_id": "075a17f2-64c9-447b-917f-2647117332ee",
            "ticker": "KXHIGHAUS-25APR28-T86",
            "count": 50,
            "created_time": "2025-04-28T15:57:30.581172Z",
            "yes_price": 15,
            "no_price": 85,
            "taker_side": "yes"
        },
        {
            "trade_id": "66637301-af99-4983-9497-5a871c15e163",
            "ticker": "KXHIGHAUS-25APR28-T86",
            "count": 491,
            "created_time": "2025-04-28T15:57:15.776944Z",
            "yes_price": 12,
            "no_price": 88,
            "taker_side": "no"
        },
        {
            "trade_id": "dd9c6516-a9b4-41d2-85aa-8acb9b9d7269",
            "ticker": "KXHIGHAUS-25APR28-T86",
            "count": 31,
            "created_time": "2025-04-28T15:54:23.260769Z",
            "yes_price": 15,
            "no_price": 85,
            "taker_side": "yes"
        },
        {
            "trade_id": "e6477f71-0cd6-43d6-b09b-c2924158f4f4",
            "ticker": "KXHIGHAUS-25APR28-T86",
            "count": 10,
            "created_time": "2025-04-28T15:51:32.104928Z",
            "yes_price": 12,
            "no_price": 88,
            "taker_side": "yes"
        },
        {
            "trade_id": "d554226d-334b-4e42-aa27-951a76b906a7",
            "ticker": "KXHIGHAUS-25APR28-T86",
            "count": 50,
            "created_time": "2025-04-28T15:28:54.463014Z",
            "yes_price": 14,
            "no_price": 86,
            "taker_side": "yes"
        },
        {
            "trade_id": "6604df10-a1e8-4660-b401-b915f58e0bcb",
            "ticker": "KXHIGHAUS-25APR28-T86",
            "count": 40,
            "created_time": "2025-04-28T15:28:54.463014Z",
            "yes_price": 14,
            "no_price": 86,
            "taker_side": "yes"
        },
        {
            "trade_id": "16c8a855-0c03-4065-a320-b12e87cc0556",
            "ticker": "KXHIGHAUS-25APR28-T86",
            "count": 108,
            "created_time": "2025-04-28T15:01:58.474239Z",
            "yes_price": 8,
            "no_price": 92,
            "taker_side": "no"
        },
        {
            "trade_id": "3241bc44-a720-4cc7-bac2-a4b36d242a3c",
            "ticker": "KXHIGHAUS-25APR28-T86",
            "count": 40,
            "created_time": "2025-04-28T14:48:32.003783Z",
            "yes_price": 8,
            "no_price": 92,
            "taker_side": "no"
        },
        {
            "trade_id": "ae71f416-2612-4db9-9a45-50a37a3be287",
            "ticker": "KXHIGHAUS-25APR28-T86",
            "count": 6,
            "created_time": "2025-04-28T14:35:30.947152Z",
            "yes_price": 8,
            "no_price": 92,
            "taker_side": "no"
        },
        {
            "trade_id": "168f4a53-d4ba-4f21-a767-7902eca6b758",
            "ticker": "KXHIGHAUS-25APR28-T86",
            "count": 5,
            "created_time": "2025-04-28T14:34:59.309187Z",
            "yes_price": 8,
            "no_price": 92,
            "taker_side": "no"
        },
        {
            "trade_id": "540a4f7c-7900-4b21-b21f-5894d83c93dd",
            "ticker": "KXHIGHAUS-25APR28-T86",
            "count": 22,
            "created_time": "2025-04-28T14:21:44.981524Z",
            "yes_price": 9,
            "no_price": 91,
            "taker_side": "yes"
        },
        {
            "trade_id": "96d66558-185a-4b39-8e8c-64eaea5b7458",
            "ticker": "KXHIGHAUS-25APR28-T86",
            "count": 240,
            "created_time": "2025-04-28T13:57:23.253722Z",
            "yes_price": 11,
            "no_price": 89,
            "taker_side": "yes"
        },
        {
            "trade_id": "83305336-63f0-46af-b9c1-d64867e0f4a2",
            "ticker": "KXHIGHAUS-25APR28-T86",
            "count": 11,
            "created_time": "2025-04-28T13:57:23.253722Z",
            "yes_price": 9,
            "no_price": 91,
            "taker_side": "yes"
        },
        {
            "trade_id": "09169a5f-ca0a-4842-b4ef-859b6f29f417",
            "ticker": "KXHIGHAUS-25APR28-T86",
            "count": 240,
            "created_time": "2025-04-28T13:57:23.253722Z",
            "yes_price": 13,
            "no_price": 87,
            "taker_side": "yes"
        },
        {
            "trade_id": "ccf05df0-6484-40dc-ae15-4795218e0e0b",
            "ticker": "KXHIGHAUS-25APR28-T86",
            "count": 13,
            "created_time": "2025-04-28T13:48:23.669688Z",
            "yes_price": 9,
            "no_price": 91,
            "taker_side": "yes"
        },
        {
            "trade_id": "066704d0-11c0-4341-9334-53cab43493f1",
            "ticker": "KXHIGHAUS-25APR28-T86",
            "count": 14,
            "created_time": "2025-04-28T13:48:23.669688Z",
            "yes_price": 11,
            "no_price": 89,
            "taker_side": "yes"
        },
        {
            "trade_id": "e2306cf1-5be9-4a5f-ae1e-301b5cbe296e",
            "ticker": "KXHIGHAUS-25APR28-T86",
            "count": 7,
            "created_time": "2025-04-28T13:25:31.985797Z",
            "yes_price": 9,
            "no_price": 91,
            "taker_side": "yes"
        },
        {
            "trade_id": "cb37d4d8-6825-4428-a670-1ae2611d6e39",
            "ticker": "KXHIGHAUS-25APR28-T86",
            "count": 1,
            "created_time": "2025-04-28T13:25:31.985797Z",
            "yes_price": 9,
            "no_price": 91,
            "taker_side": "yes"
        },
        {
            "trade_id": "a1f64450-24b9-4bdb-ae1a-f5ad5c7f6394",
            "ticker": "KXHIGHAUS-25APR28-T86",
            "count": 17,
            "created_time": "2025-04-28T13:25:31.985797Z",
            "yes_price": 10,
            "no_price": 90,
            "taker_side": "yes"
        },
        {
            "trade_id": "184107ea-987b-4f95-9615-a6021e1c52a1",
            "ticker": "KXHIGHAUS-25APR28-T86",
            "count": 15,
            "created_time": "2025-04-28T13:25:31.985797Z",
            "yes_price": 9,
            "no_price": 91,
            "taker_side": "yes"
        },
        {
            "trade_id": "15d20ffd-86ac-47d8-8508-01980dad364f",
            "ticker": "KXHIGHAUS-25APR28-T86",
            "count": 29,
            "created_time": "2025-04-28T13:25:10.204429Z",
            "yes_price": 8,
            "no_price": 92,
            "taker_side": "no"
        },
        {
            "trade_id": "78a7ba2b-51c8-4e8f-9781-54b2a44de94b",
            "ticker": "KXHIGHAUS-25APR28-T86",
            "count": 14,
            "created_time": "2025-04-28T13:23:12.007131Z",
            "yes_price": 8,
            "no_price": 92,
            "taker_side": "yes"
        },
        {
            "trade_id": "f35aa427-47a7-4e54-a6bb-ecdf4ff81ecf",
            "ticker": "KXHIGHAUS-25APR28-T86",
            "count": 15,
            "created_time": "2025-04-28T13:16:31.355007Z",
            "yes_price": 7,
            "no_price": 93,
            "taker_side": "no"
        },
        {
            "trade_id": "7e733d68-15cc-4e95-806f-39b116fdc524",
            "ticker": "KXHIGHAUS-25APR28-T86",
            "count": 11,
            "created_time": "2025-04-28T13:16:31.355007Z",
            "yes_price": 8,
            "no_price": 92,
            "taker_side": "no"
        },
        {
            "trade_id": "669a264f-390c-4b2e-a6ce-866356b11778",
            "ticker": "KXHIGHAUS-25APR28-T86",
            "count": 4,
            "created_time": "2025-04-28T13:06:44.528921Z",
            "yes_price": 7,
            "no_price": 93,
            "taker_side": "no"
        },
        {
            "trade_id": "c447ac00-a35e-4e84-bb52-c02f5f3e042b",
            "ticker": "KXHIGHAUS-25APR28-T86",
            "count": 10,
            "created_time": "2025-04-28T13:06:44.376712Z",
            "yes_price": 8,
            "no_price": 92,
            "taker_side": "yes"
        },
        {
            "trade_id": "07317433-1ea5-4d5f-8f5b-56bf07bac44e",
            "ticker": "KXHIGHAUS-25APR28-T86",
            "count": 82,
            "created_time": "2025-04-28T13:05:12.984828Z",
            "yes_price": 6,
            "no_price": 94,
            "taker_side": "no"
        },
        {
            "trade_id": "bfc4f34b-f36b-4755-9319-98d656a33707",
            "ticker": "KXHIGHAUS-25APR28-T86",
            "count": 87,
            "created_time": "2025-04-28T13:05:09.258152Z",
            "yes_price": 6,
            "no_price": 94,
            "taker_side": "no"
        },
        {
            "trade_id": "a850c79b-4343-4825-ac75-125ce34d18dc",
            "ticker": "KXHIGHAUS-25APR28-T86",
            "count": 7,
            "created_time": "2025-04-28T13:05:08.422607Z",
            "yes_price": 7,
            "no_price": 93,
            "taker_side": "no"
        },
        {
            "trade_id": "801ec1f5-3e5d-4bc6-954e-b4ad094671c2",
            "ticker": "KXHIGHAUS-25APR28-T86",
            "count": 14,
            "created_time": "2025-04-28T13:05:08.422607Z",
            "yes_price": 7,
            "no_price": 93,
            "taker_side": "no"
        },
        {
            "trade_id": "fc089124-821b-4aea-a2e4-c88af7fb7da5",
            "ticker": "KXHIGHAUS-25APR28-T86",
            "count": 3,
            "created_time": "2025-04-28T13:05:07.496414Z",
            "yes_price": 8,
            "no_price": 92,
            "taker_side": "no"
        },
        {
            "trade_id": "3dfa6259-0940-4c3a-ae1c-03f26ba6a9c5",
            "ticker": "KXHIGHAUS-25APR28-T86",
            "count": 9,
            "created_time": "2025-04-28T12:52:37.147992Z",
            "yes_price": 8,
            "no_price": 92,
            "taker_side": "no"
        },
        {
            "trade_id": "204bab90-5363-4fac-afae-4e0ca69f505e",
            "ticker": "KXHIGHAUS-25APR28-T86",
            "count": 7,
            "created_time": "2025-04-28T12:52:36.300512Z",
            "yes_price": 9,
            "no_price": 91,
            "taker_side": "no"
        },
        {
            "trade_id": "3d5e9218-49ae-4a12-88c9-dfe5b6e6db18",
            "ticker": "KXHIGHAUS-25APR28-T86",
            "count": 1,
            "created_time": "2025-04-28T12:52:36.267943Z",
            "yes_price": 9,
            "no_price": 91,
            "taker_side": "no"
        },
        {
            "trade_id": "de78fa57-9811-4146-8d9d-d961c0e814b0",
            "ticker": "KXHIGHAUS-25APR28-T86",
            "count": 6,
            "created_time": "2025-04-28T12:52:35.457809Z",
            "yes_price": 10,
            "no_price": 90,
            "taker_side": "no"
        },
        {
            "trade_id": "d3771c72-3cb6-40e4-ad20-c582f3c46e4d",
            "ticker": "KXHIGHAUS-25APR28-T86",
            "count": 11,
            "created_time": "2025-04-28T12:52:00.266779Z",
            "yes_price": 9,
            "no_price": 91,
            "taker_side": "yes"
        },
        {
            "trade_id": "9f367494-207d-415e-8f72-9467a146ae73",
            "ticker": "KXHIGHAUS-25APR28-T86",
            "count": 7,
            "created_time": "2025-04-28T12:52:00.266779Z",
            "yes_price": 11,
            "no_price": 89,
            "taker_side": "yes"
        },
        {
            "trade_id": "96e02f3f-326e-42fa-9717-85f5d79e3788",
            "ticker": "KXHIGHAUS-25APR28-T86",
            "count": 100,
            "created_time": "2025-04-28T12:52:00.266779Z",
            "yes_price": 8,
            "no_price": 92,
            "taker_side": "yes"
        },
        {
            "trade_id": "550a0549-2b3e-487e-9850-268b4cb306b8",
            "ticker": "KXHIGHAUS-25APR28-T86",
            "count": 7,
            "created_time": "2025-04-28T12:52:00.266779Z",
            "yes_price": 11,
            "no_price": 89,
            "taker_side": "yes"
        },
        {
            "trade_id": "2a38d5bd-9def-4f8c-9117-783166dfefd7",
            "ticker": "KXHIGHAUS-25APR28-T86",
            "count": 9,
            "created_time": "2025-04-28T12:52:00.266779Z",
            "yes_price": 10,
            "no_price": 90,
            "taker_side": "yes"
        },
        {
            "trade_id": "267b982c-b581-4f1f-bc1c-dd9fc25c3dfe",
            "ticker": "KXHIGHAUS-25APR28-T86",
            "count": 14,
            "created_time": "2025-04-28T12:52:00.266779Z",
            "yes_price": 8,
            "no_price": 92,
            "taker_side": "yes"
        },
        {
            "trade_id": "194cf6a2-688a-49e4-bfe6-f02b8bc2e0ab",
            "ticker": "KXHIGHAUS-25APR28-T86",
            "count": 11,
            "created_time": "2025-04-28T12:52:00.266779Z",
            "yes_price": 12,
            "no_price": 88,
            "taker_side": "yes"
        },
        {
            "trade_id": "7a17652c-c4f4-40b8-af95-ef2d0b69e6b3",
            "ticker": "KXHIGHAUS-25APR28-T86",
            "count": 15,
            "created_time": "2025-04-28T12:39:25.524859Z",
            "yes_price": 7,
            "no_price": 93,
            "taker_side": "yes"
        },
        {
            "trade_id": "5d150591-0632-4452-b424-7d7e9f33c3ff",
            "ticker": "KXHIGHAUS-25APR28-T86",
            "count": 16,
            "created_time": "2025-04-28T12:35:44.806945Z",
            "yes_price": 7,
            "no_price": 93,
            "taker_side": "no"
        },
        {
            "trade_id": "1b5023ac-3930-456b-8b0a-43d92d50785d",
            "ticker": "KXHIGHAUS-25APR28-T86",
            "count": 118,
            "created_time": "2025-04-28T12:35:05.944969Z",
            "yes_price": 6,
            "no_price": 94,
            "taker_side": "no"
        },
        {
            "trade_id": "109d20c6-7589-4171-9c8f-a28010bf1618",
            "ticker": "KXHIGHAUS-25APR28-T86",
            "count": 26,
            "created_time": "2025-04-28T12:35:05.104694Z",
            "yes_price": 6,
            "no_price": 94,
            "taker_side": "no"
        },
        {
            "trade_id": "0ee84628-1f37-4d71-b59a-e0f3c644f8a9",
            "ticker": "KXHIGHAUS-25APR28-T86",
            "count": 4,
            "created_time": "2025-04-28T12:35:04.265778Z",
            "yes_price": 6,
            "no_price": 94,
            "taker_side": "no"
        },
        {
            "trade_id": "85b2a446-3604-4983-9364-47cae4f6104e",
            "ticker": "KXHIGHAUS-25APR28-T86",
            "count": 15,
            "created_time": "2025-04-28T12:35:03.418061Z",
            "yes_price": 6,
            "no_price": 94,
            "taker_side": "no"
        },
        {
            "trade_id": "4b741f05-f520-41b3-95cf-9c38a2228412",
            "ticker": "KXHIGHAUS-25APR28-T86",
            "count": 16,
            "created_time": "2025-04-28T12:35:03.374775Z",
            "yes_price": 7,
            "no_price": 93,
            "taker_side": "no"
        },
        {
            "trade_id": "c87cf7cf-5818-4473-b5a7-a3bf46791279",
            "ticker": "KXHIGHAUS-25APR28-T86",
            "count": 7,
            "created_time": "2025-04-28T12:31:38.677259Z",
            "yes_price": 7,
            "no_price": 93,
            "taker_side": "no"
        },
        {
            "trade_id": "db465036-4609-4165-be8f-15b008650393",
            "ticker": "KXHIGHAUS-25APR28-T86",
            "count": 5,
            "created_time": "2025-04-28T12:28:28.076008Z",
            "yes_price": 7,
            "no_price": 93,
            "taker_side": "no"
        },
        {
            "trade_id": "430d5d72-5299-46bd-a825-47120eb67349",
            "ticker": "KXHIGHAUS-25APR28-T86",
            "count": 7,
            "created_time": "2025-04-28T12:21:38.801341Z",
