{
    "KXHIGHAUS-25JAN22-T45": [
        {
            "trade_id": "f52a75e6-922c-4e6f-808f-3bc706deabf4",
            "ticker": "KXHIGHAUS-25JAN22-T45",
            "count": 20,
            "created_time": "2025-01-23T04:42:33.202223Z",
            "yes_price": 1,
            "no_price": 99,
            "taker_side": "yes"
        },
        {
            "trade_id": "60064650-517a-4682-ba88-a4cdb4460dbf",
            "ticker": "KXHIGHAUS-25JAN22-T45",
            "count": 1,
            "created_time": "2025-01-23T01:01:25.881355Z",
            "yes_price": 1,
            "no_price": 99,
            "taker_side": "yes"
        },
        {
            "trade_id": "e56f8eb4-5f18-4146-991c-786b12f4122c",
            "ticker": "KXHIGHAUS-25JAN22-T45",
            "count": 1000,
            "created_time": "2025-01-22T20:17:16.842187Z",
            "yes_price": 1,
            "no_price": 99,
            "taker_side": "yes"
        },
        {
            "trade_id": "a907d40d-5844-4534-828f-8575e7c8842b",
            "ticker": "KXHIGHAUS-25JAN22-T45",
            "count": 1444,
            "created_time": "2025-01-22T20:17:16.842187Z",
            "yes_price": 1,
            "no_price": 99,
            "taker_side": "yes"
        },
        {
            "trade_id": "9d234d5d-dd00-45d2-9890-a87e47985306",
            "ticker": "KXHIGHAUS-25JAN22-T45",
            "count": 717,
            "created_time": "2025-01-22T20:17:16.842187Z",
            "yes_price": 1,
            "no_price": 99,
            "taker_side": "yes"
        },
        {
            "trade_id": "3373348b-aa6d-4ec9-b39a-8912f5fd957c",
            "ticker": "KXHIGHAUS-25JAN22-T45",
            "count": 5000,
            "created_time": "2025-01-22T20:17:16.842187Z",
            "yes_price": 1,
            "no_price": 99,
            "taker_side": "yes"
        },
        {
            "trade_id": "03650567-35d1-4bba-a902-c878bab7fce4",
            "ticker": "KXHIGHAUS-25JAN22-T45",
            "count": 1000,
            "created_time": "2025-01-22T20:17:16.842187Z",
            "yes_price": 1,
            "no_price": 99,
            "taker_side": "yes"
        },
        {
            "trade_id": "e4111e62-dd4a-49d2-b37c-1762af1d4d55",
            "ticker": "KXHIGHAUS-25JAN22-T45",
            "count": 179,
            "created_time": "2025-01-22T14:59:33.054394Z",
            "yes_price": 1,
            "no_price": 99,
            "taker_side": "no"
        },
        {
            "trade_id": "7e913d88-ac25-4236-99e7-1dfa0ca29081",
            "ticker": "KXHIGHAUS-25JAN22-T45",
            "count": 300,
            "created_time": "2025-01-22T14:59:33.054394Z",
            "yes_price": 1,
            "no_price": 99,
            "taker_side": "no"
        },
        {
            "trade_id": "b5117d7b-2220-4ba1-a335-80805421b367",
            "ticker": "KXHIGHAUS-25JAN22-T45",
            "count": 11,
            "created_time": "2025-01-22T13:50:19.782628Z",
            "yes_price": 1,
            "no_price": 99,
            "taker_side": "no"
        },
        {
            "trade_id": "b75e5519-c98c-415c-8dcf-0c64c492c444",
            "ticker": "KXHIGHAUS-25JAN22-T45",
            "count": 279,
            "created_time": "2025-01-22T13:19:44.129896Z",
            "yes_price": 3,
            "no_price": 97,
            "taker_side": "yes"
        },
        {
            "trade_id": "67c254cc-9610-480b-bf56-cf083b8f158d",
            "ticker": "KXHIGHAUS-25JAN22-T45",
            "count": 1,
            "created_time": "2025-01-22T13:19:44.129896Z",
            "yes_price": 2,
            "no_price": 98,
            "taker_side": "yes"
        },
        {
            "trade_id": "9f89cebf-35f7-452c-ba18-3a1414a87b69",
            "ticker": "KXHIGHAUS-25JAN22-T45",
            "count": 5,
            "created_time": "2025-01-22T13:03:35.688388Z",
            "yes_price": 1,
            "no_price": 99,
            "taker_side": "no"
        },
        {
            "trade_id": "9b56163a-c921-4813-a8d8-2aa61b237038",
            "ticker": "KXHIGHAUS-25JAN22-T45",
            "count": 5,
            "created_time": "2025-01-22T05:30:20.895169Z",
            "yes_price": 1,
            "no_price": 99,
            "taker_side": "no"
        },
        {
            "trade_id": "97b1d4fc-b510-49e9-ba52-8fb15455d962",
            "ticker": "KXHIGHAUS-25JAN22-T45",
            "count": 19,
            "created_time": "2025-01-22T02:55:05.973641Z",
            "yes_price": 2,
            "no_price": 98,
            "taker_side": "no"
        },
        {
            "trade_id": "0f5e3e54-26ba-4437-a182-892241448f9f",
            "ticker": "KXHIGHAUS-25JAN22-T45",
            "count": 80,
            "created_time": "2025-01-22T02:55:05.383124Z",
            "yes_price": 2,
            "no_price": 98,
            "taker_side": "no"
        },
        {
            "trade_id": "b7db05f5-9448-48cf-a186-41ced1502420",
            "ticker": "KXHIGHAUS-25JAN22-T45",
            "count": 20,
            "created_time": "2025-01-22T02:51:14.227014Z",
            "yes_price": 2,
            "no_price": 98,
            "taker_side": "no"
        },
        {
            "trade_id": "dc8f3edf-0b87-4300-932f-b57a611bdfe4",
            "ticker": "KXHIGHAUS-25JAN22-T45",
            "count": 5,
            "created_time": "2025-01-22T02:38:03.91061Z",
            "yes_price": 2,
            "no_price": 98,
            "taker_side": "no"
        },
        {
            "trade_id": "e6c0d71e-0f99-4629-a831-da5e76a8949a",
            "ticker": "KXHIGHAUS-25JAN22-T45",
            "count": 20,
            "created_time": "2025-01-22T02:37:08.838905Z",
            "yes_price": 4,
            "no_price": 96,
            "taker_side": "yes"
        },
        {
            "trade_id": "e1e91282-ef39-4efd-a055-5bbbef12a96e",
            "ticker": "KXHIGHAUS-25JAN22-T45",
            "count": 79,
            "created_time": "2025-01-22T02:30:45.714826Z",
            "yes_price": 5,
            "no_price": 95,
            "taker_side": "no"
        },
        {
            "trade_id": "2e46710d-70c5-41c5-ac0d-140a940d9d9c",
            "ticker": "KXHIGHAUS-25JAN22-T45",
            "count": 20,
            "created_time": "2025-01-22T02:30:39.458213Z",
            "yes_price": 4,
            "no_price": 96,
            "taker_side": "yes"
        },
        {
            "trade_id": "67d7047f-6909-4b0a-b4b8-2cc5ff1e991d",
            "ticker": "KXHIGHAUS-25JAN22-T45",
            "count": 13,
            "created_time": "2025-01-22T02:29:50.215706Z",
            "yes_price": 4,
            "no_price": 96,
            "taker_side": "yes"
        },
        {
            "trade_id": "04c1d5d4-73e0-4a11-98bf-48a82ce6131f",
            "ticker": "KXHIGHAUS-25JAN22-T45",
            "count": 7,
            "created_time": "2025-01-22T02:29:50.215706Z",
            "yes_price": 4,
            "no_price": 96,
            "taker_side": "yes"
        },
        {
            "trade_id": "46436eb1-3a4e-478b-9b8f-75b982c1c0b1",
            "ticker": "KXHIGHAUS-25JAN22-T45",
            "count": 1,
            "created_time": "2025-01-22T02:22:51.076427Z",
            "yes_price": 4,
            "no_price": 96,
            "taker_side": "yes"
        },
        {
            "trade_id": "32f370a2-2257-448a-8ac8-48cd43139a9d",
            "ticker": "KXHIGHAUS-25JAN22-T45",
            "count": 19,
            "created_time": "2025-01-22T02:22:51.076427Z",
            "yes_price": 4,
            "no_price": 96,
            "taker_side": "yes"
        },
        {
            "trade_id": "71e07f1e-b9dd-4169-a18e-2f6d5621df16",
            "ticker": "KXHIGHAUS-25JAN22-T45",
            "count": 22,
            "created_time": "2025-01-22T00:54:37.025852Z",
            "yes_price": 4,
            "no_price": 96,
            "taker_side": "no"
        },
        {
            "trade_id": "3d4a329b-4446-4f34-b6a9-8905eec49080",
            "ticker": "KXHIGHAUS-25JAN22-T45",
            "count": 22,
            "created_time": "2025-01-22T00:51:44.042585Z",
            "yes_price": 4,
            "no_price": 96,
            "taker_side": "no"
        },
        {
            "trade_id": "b3d1cb34-dbe3-4450-8e63-8c242aef7903",
            "ticker": "KXHIGHAUS-25JAN22-T45",
            "count": 22,
            "created_time": "2025-01-22T00:48:58.478322Z",
            "yes_price": 4,
            "no_price": 96,
            "taker_side": "no"
        },
        {
            "trade_id": "c212c8f7-c485-44f5-98f7-3e2a29f2003d",
            "ticker": "KXHIGHAUS-25JAN22-T45",
            "count": 22,
            "created_time": "2025-01-22T00:48:48.353565Z",
            "yes_price": 4,
            "no_price": 96,
            "taker_side": "no"
        },
        {
            "trade_id": "3463567a-3db4-4836-b010-9cd2b8f5f900",
            "ticker": "KXHIGHAUS-25JAN22-T45",
            "count": 22,
            "created_time": "2025-01-22T00:45:49.097426Z",
            "yes_price": 4,
            "no_price": 96,
            "taker_side": "no"
        },
        {
            "trade_id": "9c8e691c-12bb-4a00-a9b6-acef9ca77255",
            "ticker": "KXHIGHAUS-25JAN22-T45",
            "count": 22,
            "created_time": "2025-01-22T00:43:42.373712Z",
            "yes_price": 4,
            "no_price": 96,
            "taker_side": "yes"
        },
        {
            "trade_id": "b4a809ed-da81-412c-9374-c1cb04005c05",
            "ticker": "KXHIGHAUS-25JAN22-T45",
            "count": 102,
            "created_time": "2025-01-22T00:25:16.929122Z",
            "yes_price": 3,
            "no_price": 97,
            "taker_side": "no"
        },
        {
            "trade_id": "858ea4e0-ce3b-4e6e-8992-4a2fa6c34cdf",
            "ticker": "KXHIGHAUS-25JAN22-T45",
            "count": 1,
            "created_time": "2025-01-21T17:30:17.565352Z",
            "yes_price": 10,
            "no_price": 90,
            "taker_side": "yes"
        }
    ],
    "KXHIGHAUS-25JAN22-B45.5": [
        {
            "trade_id": "e4829feb-101c-4a88-a1e0-596da95753b9",
            "ticker": "KXHIGHAUS-25JAN22-B45.5",
            "count": 1,
            "created_time": "2025-01-23T01:01:53.387511Z",
            "yes_price": 1,
            "no_price": 99,
            "taker_side": "yes"
        },
        {
            "trade_id": "925ad2d4-3eeb-455d-a59e-d8f88a8cfdb5",
            "ticker": "KXHIGHAUS-25JAN22-B45.5",
            "count": 1,
            "created_time": "2025-01-22T18:06:44.116252Z",
            "yes_price": 1,
            "no_price": 99,
            "taker_side": "no"
        },
        {
            "trade_id": "dd638db7-0703-451b-9787-a48fa3fbe40e",
            "ticker": "KXHIGHAUS-25JAN22-B45.5",
            "count": 1,
            "created_time": "2025-01-22T18:06:39.031949Z",
            "yes_price": 1,
            "no_price": 99,
            "taker_side": "no"
        },
        {
            "trade_id": "5a55f737-5ab1-4159-9fcb-32403f58f700",
            "ticker": "KXHIGHAUS-25JAN22-B45.5",
            "count": 1,
            "created_time": "2025-01-22T18:01:54.070316Z",
            "yes_price": 1,
            "no_price": 99,
            "taker_side": "no"
        },
        {
            "trade_id": "ca4cc3f1-66c1-4567-9fbd-b852a3416b3c",
            "ticker": "KXHIGHAUS-25JAN22-B45.5",
            "count": 1,
            "created_time": "2025-01-22T18:01:48.646934Z",
            "yes_price": 1,
            "no_price": 99,
            "taker_side": "no"
        },
        {
            "trade_id": "ac1b4288-a7df-47eb-b625-86dc0e7f9e8b",
            "ticker": "KXHIGHAUS-25JAN22-B45.5",
            "count": 1,
            "created_time": "2025-01-22T18:01:42.409609Z",
            "yes_price": 1,
            "no_price": 99,
            "taker_side": "no"
        },
        {
            "trade_id": "aa0306fc-12c5-4895-ad9f-19900d0cd146",
            "ticker": "KXHIGHAUS-25JAN22-B45.5",
            "count": 1,
            "created_time": "2025-01-22T18:01:37.108152Z",
            "yes_price": 1,
            "no_price": 99,
            "taker_side": "no"
        },
        {
            "trade_id": "99942328-6df0-47a4-a71c-f2586695060e",
            "ticker": "KXHIGHAUS-25JAN22-B45.5",
            "count": 1,
            "created_time": "2025-01-22T18:01:31.969316Z",
            "yes_price": 1,
            "no_price": 99,
            "taker_side": "no"
        },
        {
            "trade_id": "4c1fe30d-f1d1-413f-a50c-3f09320157a6",
            "ticker": "KXHIGHAUS-25JAN22-B45.5",
            "count": 1,
            "created_time": "2025-01-22T18:01:26.895447Z",
            "yes_price": 1,
            "no_price": 99,
            "taker_side": "no"
        },
        {
            "trade_id": "37d4a71d-13fc-428e-8199-f246df102ba7",
            "ticker": "KXHIGHAUS-25JAN22-B45.5",
            "count": 1,
            "created_time": "2025-01-22T18:01:20.873091Z",
            "yes_price": 1,
            "no_price": 99,
            "taker_side": "no"
        },
        {
            "trade_id": "3100a8c4-987b-40d8-9384-625ad0f62618",
            "ticker": "KXHIGHAUS-25JAN22-B45.5",
            "count": 1,
            "created_time": "2025-01-22T18:01:15.125973Z",
            "yes_price": 1,
            "no_price": 99,
            "taker_side": "no"
        },
        {
            "trade_id": "417e0464-e2ac-45e9-9674-e69f442721be",
            "ticker": "KXHIGHAUS-25JAN22-B45.5",
            "count": 1,
            "created_time": "2025-01-22T18:01:09.019373Z",
            "yes_price": 1,
            "no_price": 99,
            "taker_side": "no"
        },
        {
            "trade_id": "6c469942-a4ac-48d2-a367-5f740a36c567",
            "ticker": "KXHIGHAUS-25JAN22-B45.5",
            "count": 1,
            "created_time": "2025-01-22T18:01:03.583497Z",
            "yes_price": 1,
            "no_price": 99,
            "taker_side": "no"
        },
        {
            "trade_id": "5ccdd401-a660-4a59-ba98-14d11083b69b",
            "ticker": "KXHIGHAUS-25JAN22-B45.5",
            "count": 1,
            "created_time": "2025-01-22T18:00:58.036631Z",
            "yes_price": 1,
            "no_price": 99,
            "taker_side": "no"
        },
        {
            "trade_id": "0e3a7d04-8302-4167-a26a-27fd0e5de333",
            "ticker": "KXHIGHAUS-25JAN22-B45.5",
            "count": 1,
            "created_time": "2025-01-22T18:00:52.067507Z",
            "yes_price": 1,
            "no_price": 99,
            "taker_side": "no"
        },
        {
            "trade_id": "f359fe08-c894-467c-896c-8652de0c5ce3",
            "ticker": "KXHIGHAUS-25JAN22-B45.5",
            "count": 1,
            "created_time": "2025-01-22T18:00:44.472223Z",
            "yes_price": 1,
            "no_price": 99,
            "taker_side": "no"
        },
        {
            "trade_id": "13772ac0-b357-4ead-aa2e-ca4ffb49c820",
            "ticker": "KXHIGHAUS-25JAN22-B45.5",
            "count": 1,
            "created_time": "2025-01-22T18:00:37.349014Z",
            "yes_price": 1,
            "no_price": 99,
            "taker_side": "no"
        },
        {
            "trade_id": "95b802fc-ec29-42f3-acd0-523b29a04b6e",
            "ticker": "KXHIGHAUS-25JAN22-B45.5",
            "count": 1,
            "created_time": "2025-01-22T18:00:29.993217Z",
            "yes_price": 1,
            "no_price": 99,
            "taker_side": "no"
        },
        {
            "trade_id": "25da8496-72f6-4830-93af-73eb4bed0776",
            "ticker": "KXHIGHAUS-25JAN22-B45.5",
            "count": 1,
            "created_time": "2025-01-22T18:00:23.949073Z",
            "yes_price": 1,
            "no_price": 99,
            "taker_side": "no"
        },
        {
            "trade_id": "c6ef6ec9-75a6-476c-b8f8-d760aba4e8f3",
            "ticker": "KXHIGHAUS-25JAN22-B45.5",
            "count": 1,
            "created_time": "2025-01-22T17:59:49.505279Z",
            "yes_price": 1,
            "no_price": 99,
            "taker_side": "no"
        },
        {
            "trade_id": "e4c5396c-c247-4f51-9178-7e5e1cf24902",
            "ticker": "KXHIGHAUS-25JAN22-B45.5",
            "count": 1,
            "created_time": "2025-01-22T17:59:43.812777Z",
            "yes_price": 1,
            "no_price": 99,
            "taker_side": "no"
        },
        {
            "trade_id": "bed615ee-e8f8-40b6-9d9c-e13560e38a1a",
            "ticker": "KXHIGHAUS-25JAN22-B45.5",
            "count": 1,
            "created_time": "2025-01-22T17:59:38.556667Z",
            "yes_price": 1,
            "no_price": 99,
            "taker_side": "no"
        },
        {
            "trade_id": "8b849d5a-3041-445d-b46f-73211d55e4ec",
            "ticker": "KXHIGHAUS-25JAN22-B45.5",
            "count": 1,
            "created_time": "2025-01-22T17:59:33.429817Z",
            "yes_price": 1,
            "no_price": 99,
            "taker_side": "no"
        },
        {
            "trade_id": "97ae2deb-c672-41cd-a1f0-b47bc4e83e51",
            "ticker": "KXHIGHAUS-25JAN22-B45.5",
            "count": 1,
            "created_time": "2025-01-22T17:57:04.240998Z",
            "yes_price": 1,
            "no_price": 99,
            "taker_side": "no"
        },
        {
            "trade_id": "b9079e46-7346-435c-8ff2-d3afdf4872f4",
            "ticker": "KXHIGHAUS-25JAN22-B45.5",
            "count": 1,
            "created_time": "2025-01-22T17:56:59.343768Z",
            "yes_price": 1,
            "no_price": 99,
            "taker_side": "no"
        },
        {
            "trade_id": "e55c378b-dda3-48bd-ae02-cb81507e4e92",
            "ticker": "KXHIGHAUS-25JAN22-B45.5",
            "count": 1,
            "created_time": "2025-01-22T17:56:54.434742Z",
            "yes_price": 1,
            "no_price": 99,
            "taker_side": "no"
        },
        {
            "trade_id": "1ce94fe5-e4a8-4d8f-a4d9-8252a18d5e12",
            "ticker": "KXHIGHAUS-25JAN22-B45.5",
            "count": 1,
            "created_time": "2025-01-22T17:56:49.411253Z",
            "yes_price": 1,
            "no_price": 99,
            "taker_side": "no"
        },
        {
            "trade_id": "bb1b799f-ea37-4dc5-9ec9-4e314a785988",
            "ticker": "KXHIGHAUS-25JAN22-B45.5",
            "count": 1,
            "created_time": "2025-01-22T17:56:44.107878Z",
            "yes_price": 1,
            "no_price": 99,
            "taker_side": "no"
        },
        {
            "trade_id": "1031f093-2b19-4d39-9029-d961ce5d0c54",
            "ticker": "KXHIGHAUS-25JAN22-B45.5",
            "count": 1,
            "created_time": "2025-01-22T17:48:36.79565Z",
            "yes_price": 1,
            "no_price": 99,
            "taker_side": "no"
        },
        {
            "trade_id": "e7efcaf1-17ce-4464-a484-a9a0dae5d5b0",
            "ticker": "KXHIGHAUS-25JAN22-B45.5",
            "count": 2,
            "created_time": "2025-01-22T17:45:10.12346Z",
            "yes_price": 1,
            "no_price": 99,
            "taker_side": "no"
        },
        {
            "trade_id": "f1eff58b-5175-4122-8ee8-2b55a9178c57",
            "ticker": "KXHIGHAUS-25JAN22-B45.5",
            "count": 1,
            "created_time": "2025-01-22T17:44:38.87429Z",
            "yes_price": 1,
            "no_price": 99,
            "taker_side": "no"
        },
        {
            "trade_id": "43220dbe-2912-403f-815c-451b7a654f55",
            "ticker": "KXHIGHAUS-25JAN22-B45.5",
            "count": 1,
            "created_time": "2025-01-22T17:44:34.363538Z",
            "yes_price": 1,
            "no_price": 99,
            "taker_side": "no"
        },
        {
            "trade_id": "755a6bc3-6111-46ac-9a97-5d9d7b18fa23",
            "ticker": "KXHIGHAUS-25JAN22-B45.5",
            "count": 1,
            "created_time": "2025-01-22T17:44:29.243673Z",
            "yes_price": 1,
            "no_price": 99,
            "taker_side": "no"
        },
        {
            "trade_id": "d0442971-2d98-41b6-907c-7fca141419b6",
            "ticker": "KXHIGHAUS-25JAN22-B45.5",
            "count": 1,
            "created_time": "2025-01-22T17:44:24.195287Z",
            "yes_price": 1,
            "no_price": 99,
            "taker_side": "no"
        },
        {
            "trade_id": "1374b8d4-b61a-44f2-9b05-adf5fd12f285",
            "ticker": "KXHIGHAUS-25JAN22-B45.5",
            "count": 1,
            "created_time": "2025-01-22T17:44:19.519544Z",
            "yes_price": 1,
            "no_price": 99,
            "taker_side": "no"
        },
        {
            "trade_id": "d0099cc1-be7f-46b8-99c3-6455a5b5cd2b",
            "ticker": "KXHIGHAUS-25JAN22-B45.5",
            "count": 1,
            "created_time": "2025-01-22T17:44:14.933359Z",
            "yes_price": 1,
            "no_price": 99,
            "taker_side": "no"
        },
        {
            "trade_id": "bc25806c-3d63-4728-adb1-74dc8df957a1",
            "ticker": "KXHIGHAUS-25JAN22-B45.5",
            "count": 1,
            "created_time": "2025-01-22T17:44:10.945944Z",
            "yes_price": 1,
            "no_price": 99,
            "taker_side": "no"
        },
        {
            "trade_id": "4dbe6fc6-8cd2-4d5c-b817-21e37b83e8b3",
            "ticker": "KXHIGHAUS-25JAN22-B45.5",
            "count": 1,
            "created_time": "2025-01-22T17:44:06.550262Z",
            "yes_price": 1,
            "no_price": 99,
            "taker_side": "no"
        },
        {
            "trade_id": "5c3d66f7-9fd5-4366-b746-631708824908",
            "ticker": "KXHIGHAUS-25JAN22-B45.5",
            "count": 1,
            "created_time": "2025-01-22T17:43:58.67841Z",
            "yes_price": 1,
            "no_price": 99,
            "taker_side": "no"
        },
        {
            "trade_id": "689091aa-70ae-4ca6-a888-3e3172d7263e",
            "ticker": "KXHIGHAUS-25JAN22-B45.5",
            "count": 1,
            "created_time": "2025-01-22T17:41:55.745068Z",
            "yes_price": 1,
            "no_price": 99,
            "taker_side": "no"
        },
        {
            "trade_id": "16303766-30f4-4deb-9642-017c636e9d45",
            "ticker": "KXHIGHAUS-25JAN22-B45.5",
            "count": 1,
            "created_time": "2025-01-22T17:39:48.836262Z",
            "yes_price": 1,
            "no_price": 99,
            "taker_side": "no"
        },
        {
            "trade_id": "10b1cc45-5e01-4354-ab77-0c6a6a53a127",
            "ticker": "KXHIGHAUS-25JAN22-B45.5",
            "count": 1,
            "created_time": "2025-01-22T17:39:44.53797Z",
            "yes_price": 1,
            "no_price": 99,
            "taker_side": "no"
        },
        {
            "trade_id": "4214d857-2bd2-4a49-99b7-06e20b3f59c8",
            "ticker": "KXHIGHAUS-25JAN22-B45.5",
            "count": 1,
            "created_time": "2025-01-22T17:39:37.921395Z",
            "yes_price": 1,
            "no_price": 99,
            "taker_side": "no"
        },
        {
            "trade_id": "a03ae488-39ce-415c-99d1-f92eb693db20",
            "ticker": "KXHIGHAUS-25JAN22-B45.5",
            "count": 100,
            "created_time": "2025-01-22T16:54:10.019467Z",
            "yes_price": 1,
            "no_price": 99,
            "taker_side": "no"
        },
        {
            "trade_id": "7626ffdd-29f9-4e23-8b29-cb18bbea3785",
            "ticker": "KXHIGHAUS-25JAN22-B45.5",
            "count": 4,
            "created_time": "2025-01-22T15:30:18.171953Z",
            "yes_price": 1,
            "no_price": 99,
            "taker_side": "yes"
        },
        {
            "trade_id": "d603ead2-75db-42d2-ad2b-fe7a26608177",
            "ticker": "KXHIGHAUS-25JAN22-B45.5",
            "count": 300,
            "created_time": "2025-01-22T14:59:25.489964Z",
            "yes_price": 1,
            "no_price": 99,
            "taker_side": "no"
        },
        {
            "trade_id": "4abf1b93-f212-40a1-96ba-d0ddbceb98c2",
            "ticker": "KXHIGHAUS-25JAN22-B45.5",
            "count": 194,
            "created_time": "2025-01-22T14:59:25.489964Z",
            "yes_price": 1,
            "no_price": 99,
            "taker_side": "no"
        },
        {
            "trade_id": "62b51593-f84b-4c1e-83ff-eb082f9ef0c6",
            "ticker": "KXHIGHAUS-25JAN22-B45.5",
            "count": 1,
            "created_time": "2025-01-22T14:42:11.76189Z",
            "yes_price": 1,
            "no_price": 99,
            "taker_side": "no"
        },
        {
            "trade_id": "4686df86-228c-4a75-9701-d5bfef46dda8",
            "ticker": "KXHIGHAUS-25JAN22-B45.5",
            "count": 4,
            "created_time": "2025-01-22T13:54:49.087277Z",
            "yes_price": 3,
            "no_price": 97,
            "taker_side": "yes"
        },
        {
            "trade_id": "4edf88cb-8d8b-4873-85c4-4ca4b4dfe6cd",
            "ticker": "KXHIGHAUS-25JAN22-B45.5",
            "count": 3,
            "created_time": "2025-01-22T13:54:39.329746Z",
            "yes_price": 3,
            "no_price": 97,
            "taker_side": "yes"
        },
        {
            "trade_id": "9d568d20-383f-4b27-8a1e-d4405c62a26c",
            "ticker": "KXHIGHAUS-25JAN22-B45.5",
            "count": 7,
            "created_time": "2025-01-22T13:54:13.119118Z",
            "yes_price": 3,
            "no_price": 97,
            "taker_side": "yes"
        },
        {
            "trade_id": "a6c535d1-a2f8-40a2-90af-ed0b4988bb73",
            "ticker": "KXHIGHAUS-25JAN22-B45.5",
            "count": 4,
            "created_time": "2025-01-22T13:53:02.5041Z",
            "yes_price": 3,
            "no_price": 97,
            "taker_side": "no"
        },
        {
            "trade_id": "cad52cf7-f6db-479d-8572-d5ca8d1e6427",
            "ticker": "KXHIGHAUS-25JAN22-B45.5",
            "count": 6,
            "created_time": "2025-01-22T13:53:01.693001Z",
            "yes_price": 3,
            "no_price": 97,
            "taker_side": "yes"
        },
        {
            "trade_id": "352c53d5-1818-4ec1-8ad0-2550e99a3c2d",
            "ticker": "KXHIGHAUS-25JAN22-B45.5",
            "count": 5,
            "created_time": "2025-01-22T13:50:59.408011Z",
            "yes_price": 3,
            "no_price": 97,
            "taker_side": "yes"
        },
        {
            "trade_id": "9afac9c6-99b7-46c2-b0d5-1ad502a789f6",
            "ticker": "KXHIGHAUS-25JAN22-B45.5",
            "count": 24,
            "created_time": "2025-01-22T13:27:51.441336Z",
            "yes_price": 4,
            "no_price": 96,
            "taker_side": "yes"
        },
        {
            "trade_id": "1120dc59-c18d-46d6-bae4-d6a5e9a4c7a8",
            "ticker": "KXHIGHAUS-25JAN22-B45.5",
            "count": 18,
            "created_time": "2025-01-22T13:27:51.441336Z",
            "yes_price": 3,
            "no_price": 97,
            "taker_side": "yes"
        },
        {
            "trade_id": "d882bfbf-e1d0-4da1-977a-aa9ed3260b02",
            "ticker": "KXHIGHAUS-25JAN22-B45.5",
            "count": 1,
            "created_time": "2025-01-22T13:10:30.556776Z",
            "yes_price": 2,
            "no_price": 98,
            "taker_side": "no"
        },
        {
            "trade_id": "f34377ea-d9b3-4d26-a1a8-d0ea6a5e70f6",
            "ticker": "KXHIGHAUS-25JAN22-B45.5",
            "count": 5,
            "created_time": "2025-01-22T13:07:27.150762Z",
            "yes_price": 2,
            "no_price": 98,
            "taker_side": "no"
        },
        {
            "trade_id": "478c6dbb-7783-42ba-bbd6-ab319363a046",
            "ticker": "KXHIGHAUS-25JAN22-B45.5",
            "count": 5,
            "created_time": "2025-01-22T05:30:30.665174Z",
            "yes_price": 2,
            "no_price": 98,
            "taker_side": "no"
        },
        {
            "trade_id": "c5bd3163-7dc1-4a84-b470-6689b3327550",
            "ticker": "KXHIGHAUS-25JAN22-B45.5",
            "count": 41,
            "created_time": "2025-01-22T03:15:29.683271Z",
            "yes_price": 3,
            "no_price": 97,
            "taker_side": "no"
        },
        {
            "trade_id": "fff3eb2b-d513-4c4a-ba34-e12fade56603",
            "ticker": "KXHIGHAUS-25JAN22-B45.5",
            "count": 41,
            "created_time": "2025-01-22T03:12:32.445344Z",
            "yes_price": 3,
            "no_price": 97,
            "taker_side": "no"
        },
        {
            "trade_id": "dfa57353-9629-4a77-a9a9-3e3cb25445fc",
            "ticker": "KXHIGHAUS-25JAN22-B45.5",
            "count": 41,
            "created_time": "2025-01-22T03:09:35.571796Z",
            "yes_price": 3,
            "no_price": 97,
            "taker_side": "no"
        },
        {
            "trade_id": "e21918fe-efde-43ce-9c03-56ca1ab44185",
            "ticker": "KXHIGHAUS-25JAN22-B45.5",
            "count": 41,
            "created_time": "2025-01-22T03:06:36.142078Z",
            "yes_price": 3,
            "no_price": 97,
            "taker_side": "no"
        },
        {
            "trade_id": "54b91392-c166-4168-bf9d-ac5f422f8d88",
            "ticker": "KXHIGHAUS-25JAN22-B45.5",
            "count": 41,
            "created_time": "2025-01-22T03:03:27.09412Z",
            "yes_price": 3,
            "no_price": 97,
            "taker_side": "no"
        },
        {
            "trade_id": "1927294d-c247-4364-92dc-2f16dc663906",
            "ticker": "KXHIGHAUS-25JAN22-B45.5",
            "count": 41,
            "created_time": "2025-01-22T03:00:54.945765Z",
            "yes_price": 3,
            "no_price": 97,
            "taker_side": "no"
        },
        {
            "trade_id": "925635fb-3668-432e-9d92-f8130591e1e3",
            "ticker": "KXHIGHAUS-25JAN22-B45.5",
            "count": 41,
            "created_time": "2025-01-22T02:57:34.157999Z",
            "yes_price": 3,
            "no_price": 97,
            "taker_side": "no"
        },
        {
            "trade_id": "bb993159-22bc-4800-be02-ab07b17a3a3e",
            "ticker": "KXHIGHAUS-25JAN22-B45.5",
            "count": 19,
            "created_time": "2025-01-22T02:55:06.119412Z",
            "yes_price": 3,
            "no_price": 97,
            "taker_side": "no"
        },
        {
            "trade_id": "ed9a9bba-baa9-49bf-bac9-6e2a3fe2a1b9",
            "ticker": "KXHIGHAUS-25JAN22-B45.5",
            "count": 80,
            "created_time": "2025-01-22T02:55:05.38471Z",
            "yes_price": 3,
            "no_price": 97,
            "taker_side": "no"
        },
        {
            "trade_id": "92c135d7-c970-4238-ba38-2986b926906e",
            "ticker": "KXHIGHAUS-25JAN22-B45.5",
            "count": 41,
            "created_time": "2025-01-22T02:54:37.452868Z",
            "yes_price": 3,
            "no_price": 97,
            "taker_side": "no"
        },
        {
            "trade_id": "1d455943-80c7-45c2-9c4d-0ff323d0a46f",
            "ticker": "KXHIGHAUS-25JAN22-B45.5",
            "count": 41,
            "created_time": "2025-01-22T02:51:36.58349Z",
            "yes_price": 3,
            "no_price": 97,
            "taker_side": "no"
        },
        {
            "trade_id": "c464f63d-b1ce-4e6d-bd13-011daa59a3d5",
            "ticker": "KXHIGHAUS-25JAN22-B45.5",
            "count": 20,
            "created_time": "2025-01-22T02:51:14.223979Z",
            "yes_price": 3,
            "no_price": 97,
            "taker_side": "no"
        },
        {
            "trade_id": "df21f4fe-523b-4786-8cea-cc2e609f3645",
            "ticker": "KXHIGHAUS-25JAN22-B45.5",
            "count": 1,
            "created_time": "2025-01-22T02:49:19.310724Z",
            "yes_price": 3,
            "no_price": 97,
            "taker_side": "yes"
        },
        {
            "trade_id": "8eeb70a4-ff6c-458f-b16e-ff58c76ff16e",
            "ticker": "KXHIGHAUS-25JAN22-B45.5",
            "count": 40,
            "created_time": "2025-01-22T02:49:19.310724Z",
            "yes_price": 3,
            "no_price": 97,
            "taker_side": "yes"
        },
        {
            "trade_id": "70239a52-df63-4b6e-8c54-5c49b3620fca",
            "ticker": "KXHIGHAUS-25JAN22-B45.5",
            "count": 5,
            "created_time": "2025-01-22T02:37:57.93712Z",
            "yes_price": 1,
            "no_price": 99,
            "taker_side": "no"
        },
        {
            "trade_id": "86e2c675-41ab-408a-a590-9e015196ee22",
            "ticker": "KXHIGHAUS-25JAN22-B45.5",
            "count": 2,
            "created_time": "2025-01-22T02:36:56.971146Z",
            "yes_price": 3,
            "no_price": 97,
            "taker_side": "yes"
        },
        {
            "trade_id": "65659965-d2be-4818-919d-5d76495320e0",
            "ticker": "KXHIGHAUS-25JAN22-B45.5",
            "count": 1,
            "created_time": "2025-01-22T02:36:56.971146Z",
            "yes_price": 3,
            "no_price": 97,
            "taker_side": "yes"
        },
        {
            "trade_id": "2adfa6ef-d112-4e89-a7b9-5d0745841ca7",
            "ticker": "KXHIGHAUS-25JAN22-B45.5",
            "count": 37,
            "created_time": "2025-01-22T02:36:56.971146Z",
            "yes_price": 3,
            "no_price": 97,
            "taker_side": "yes"
        },
        {
            "trade_id": "ed9295e6-14cf-4e48-92f4-4a5704660de0",
            "ticker": "KXHIGHAUS-25JAN22-B45.5",
            "count": 1,
            "created_time": "2025-01-22T00:39:16.654581Z",
            "yes_price": 6,
            "no_price": 94,
            "taker_side": "yes"
        },
        {
            "trade_id": "154ad645-4ad4-4f1e-ab52-87174d5a8f41",
            "ticker": "KXHIGHAUS-25JAN22-B45.5",
            "count": 1,
            "created_time": "2025-01-21T23:08:07.703067Z",
            "yes_price": 2,
            "no_price": 98,
            "taker_side": "no"
        }
    ],
    "KXHIGHAUS-25JAN22-B47.5": [
        {
            "trade_id": "1b38fb9a-61dc-4b04-8270-227f6eb203a1",
            "ticker": "KXHIGHAUS-25JAN22-B47.5",
            "count": 1,
            "created_time": "2025-01-23T01:01:45.728799Z",
            "yes_price": 1,
            "no_price": 99,
            "taker_side": "yes"
        },
        {
            "trade_id": "ed2964b9-cd95-444c-ba0a-1244a54a164c",
            "ticker": "KXHIGHAUS-25JAN22-B47.5",
            "count": 50,
            "created_time": "2025-01-22T21:20:52.416467Z",
            "yes_price": 1,
            "no_price": 99,
            "taker_side": "yes"
        },
        {
            "trade_id": "db0f482d-b0f1-45d6-8625-6f08b3c83019",
            "ticker": "KXHIGHAUS-25JAN22-B47.5",
            "count": 50,
            "created_time": "2025-01-22T18:48:09.973327Z",
            "yes_price": 4,
            "no_price": 96,
            "taker_side": "no"
        },
        {
            "trade_id": "c3776bf7-1103-4e5a-b5ca-25e37b51d391",
            "ticker": "KXHIGHAUS-25JAN22-B47.5",
            "count": 8,
            "created_time": "2025-01-22T18:48:09.973327Z",
            "yes_price": 5,
            "no_price": 95,
            "taker_side": "no"
        },
        {
            "trade_id": "6d584c1c-1479-47a2-9813-e94e9738d13d",
            "ticker": "KXHIGHAUS-25JAN22-B47.5",
            "count": 139,
            "created_time": "2025-01-22T18:48:09.973327Z",
            "yes_price": 4,
            "no_price": 96,
            "taker_side": "no"
        },
        {
            "trade_id": "c534a7c1-40a8-44f7-bea0-3744bcc21c57",
            "ticker": "KXHIGHAUS-25JAN22-B47.5",
            "count": 20,
            "created_time": "2025-01-22T18:23:43.152639Z",
            "yes_price": 7,
            "no_price": 93,
            "taker_side": "yes"
        },
        {
            "trade_id": "783e739e-6640-4750-a8f5-802a47dbefe6",
            "ticker": "KXHIGHAUS-25JAN22-B47.5",
            "count": 139,
            "created_time": "2025-01-22T18:23:43.152639Z",
            "yes_price": 18,
            "no_price": 82,
            "taker_side": "yes"
        },
        {
            "trade_id": "5de0c87d-0820-4ae2-af80-d2fedcb216a6",
            "ticker": "KXHIGHAUS-25JAN22-B47.5",
            "count": 50,
            "created_time": "2025-01-22T18:23:43.152639Z",
            "yes_price": 8,
            "no_price": 92,
            "taker_side": "yes"
        },
        {
            "trade_id": "5242698f-bcb7-402c-887c-a08252f34f18",
            "ticker": "KXHIGHAUS-25JAN22-B47.5",
            "count": 12,
            "created_time": "2025-01-22T18:23:43.152639Z",
            "yes_price": 12,
            "no_price": 88,
            "taker_side": "yes"
        },
        {
            "trade_id": "e0e6b4ea-1d72-4424-9f4c-b6059b22a821",
            "ticker": "KXHIGHAUS-25JAN22-B47.5",
            "count": 220,
            "created_time": "2025-01-22T18:14:11.78878Z",
            "yes_price": 1,
            "no_price": 99,
            "taker_side": "no"
        },
        {
            "trade_id": "4b888a3d-605c-4f0e-86fa-256422eaff5b",
            "ticker": "KXHIGHAUS-25JAN22-B47.5",
            "count": 49,
            "created_time": "2025-01-22T17:57:54.259202Z",
            "yes_price": 5,
            "no_price": 95,
            "taker_side": "no"
        },
        {
            "trade_id": "b5f7700f-4261-4351-a6f8-bff597c0d3a1",
            "ticker": "KXHIGHAUS-25JAN22-B47.5",
            "count": 3,
            "created_time": "2025-01-22T17:57:44.976266Z",
            "yes_price": 5,
            "no_price": 95,
            "taker_side": "no"
        },
        {
            "trade_id": "cc57fce2-1364-4e2c-92e2-059ebfb3ffc0",
            "ticker": "KXHIGHAUS-25JAN22-B47.5",
            "count": 2,
            "created_time": "2025-01-22T17:57:39.390797Z",
            "yes_price": 5,
            "no_price": 95,
            "taker_side": "no"
        },
        {
            "trade_id": "250e126e-b333-4aa7-9364-6bc1b9d03da9",
            "ticker": "KXHIGHAUS-25JAN22-B47.5",
            "count": 8,
            "created_time": "2025-01-22T17:50:07.429861Z",
            "yes_price": 1,
            "no_price": 99,
            "taker_side": "no"
        },
        {
            "trade_id": "86ad0c14-24e5-4238-87b3-57c8913623d1",
            "ticker": "KXHIGHAUS-25JAN22-B47.5",
            "count": 2,
            "created_time": "2025-01-22T17:45:10.122173Z",
            "yes_price": 1,
            "no_price": 99,
            "taker_side": "no"
        },
        {
            "trade_id": "095e0d26-98b9-443f-8580-acc55dfb6fff",
            "ticker": "KXHIGHAUS-25JAN22-B47.5",
            "count": 25,
            "created_time": "2025-01-22T17:35:29.594717Z",
            "yes_price": 1,
            "no_price": 99,
            "taker_side": "no"
        },
        {
            "trade_id": "dc6ef96b-91e3-493f-9896-d7c66a5250ce",
            "ticker": "KXHIGHAUS-25JAN22-B47.5",
            "count": 47,
            "created_time": "2025-01-22T17:31:07.49846Z",
            "yes_price": 2,
            "no_price": 98,
            "taker_side": "no"
        },
        {
            "trade_id": "a04c3384-173d-418d-be6d-2d68246213e1",
            "ticker": "KXHIGHAUS-25JAN22-B47.5",
            "count": 9,
            "created_time": "2025-01-22T17:29:38.884154Z",
            "yes_price": 2,
            "no_price": 98,
            "taker_side": "no"
        },
        {
            "trade_id": "ae2ee252-64a1-4a52-8067-f985587200a7",
            "ticker": "KXHIGHAUS-25JAN22-B47.5",
            "count": 27,
            "created_time": "2025-01-22T17:17:23.857184Z",
            "yes_price": 10,
            "no_price": 90,
            "taker_side": "yes"
        },
        {
            "trade_id": "773de07c-56fc-4316-b1fc-8bdb41a38164",
            "ticker": "KXHIGHAUS-25JAN22-B47.5",
            "count": 6,
            "created_time": "2025-01-22T17:17:23.857184Z",
            "yes_price": 11,
            "no_price": 89,
            "taker_side": "yes"
        },
        {
            "trade_id": "1064cede-f79b-4c20-9ab9-f03edfe9db22",
            "ticker": "KXHIGHAUS-25JAN22-B47.5",
            "count": 12,
            "created_time": "2025-01-22T17:17:23.857184Z",
            "yes_price": 11,
            "no_price": 89,
            "taker_side": "yes"
        },
        {
            "trade_id": "2a8521e1-d3e2-4edf-918f-fcb7f5a6350a",
            "ticker": "KXHIGHAUS-25JAN22-B47.5",
            "count": 1,
            "created_time": "2025-01-22T16:51:06.599198Z",
            "yes_price": 3,
            "no_price": 97,
            "taker_side": "yes"
        },
        {
            "trade_id": "6985ebbf-ac84-466c-940a-f11b1eee46c0",
            "ticker": "KXHIGHAUS-25JAN22-B47.5",
            "count": 1,
            "created_time": "2025-01-22T16:42:09.187235Z",
            "yes_price": 3,
            "no_price": 97,
            "taker_side": "yes"
        },
        {
            "trade_id": "e35dcb0e-aa46-4aba-aa1d-c786a448a8cb",
            "ticker": "KXHIGHAUS-25JAN22-B47.5",
            "count": 1,
            "created_time": "2025-01-22T16:39:16.613452Z",
            "yes_price": 3,
            "no_price": 97,
            "taker_side": "yes"
        },
        {
            "trade_id": "8b9777eb-6261-4c09-a7dd-c32743fc9c4d",
            "ticker": "KXHIGHAUS-25JAN22-B47.5",
            "count": 9,
            "created_time": "2025-01-22T16:30:19.816491Z",
            "yes_price": 11,
            "no_price": 89,
            "taker_side": "yes"
        },
        {
            "trade_id": "ca62f6f5-ba72-4d88-8e23-b9d3b8584676",
            "ticker": "KXHIGHAUS-25JAN22-B47.5",
            "count": 5,
            "created_time": "2025-01-22T15:45:36.297521Z",
            "yes_price": 2,
            "no_price": 98,
            "taker_side": "no"
        },
        {
            "trade_id": "64f14ad3-12a3-4254-b791-6adbd6fe924a",
            "ticker": "KXHIGHAUS-25JAN22-B47.5",
            "count": 195,
            "created_time": "2025-01-22T15:45:36.297521Z",
            "yes_price": 1,
            "no_price": 99,
            "taker_side": "no"
        },
        {
            "trade_id": "a4b38e5c-00d8-424c-96db-42280530a0c2",
            "ticker": "KXHIGHAUS-25JAN22-B47.5",
            "count": 50,
            "created_time": "2025-01-22T14:59:50.286035Z",
            "yes_price": 2,
            "no_price": 98,
            "taker_side": "no"
        },
        {
            "trade_id": "5a0df0c3-9ac3-484e-8303-e19300436097",
            "ticker": "KXHIGHAUS-25JAN22-B47.5",
            "count": 200,
            "created_time": "2025-01-22T14:59:50.286035Z",
            "yes_price": 2,
            "no_price": 98,
            "taker_side": "no"
        },
        {
            "trade_id": "4e292163-9988-4f23-a031-7664e5e8d66f",
            "ticker": "KXHIGHAUS-25JAN22-B47.5",
            "count": 5,
            "created_time": "2025-01-22T14:59:50.286035Z",
            "yes_price": 1,
            "no_price": 99,
            "taker_side": "no"
        },
        {
            "trade_id": "3b8fa088-e367-4fdd-b8d5-aed315d28637",
            "ticker": "KXHIGHAUS-25JAN22-B47.5",
            "count": 50,
            "created_time": "2025-01-22T14:59:50.286035Z",
            "yes_price": 2,
            "no_price": 98,
            "taker_side": "no"
        },
        {
            "trade_id": "797c8b49-f30c-4ce7-b7f8-d284ba0431b4",
            "ticker": "KXHIGHAUS-25JAN22-B47.5",
            "count": 164,
            "created_time": "2025-01-22T14:59:20.335757Z",
            "yes_price": 3,
            "no_price": 97,
            "taker_side": "no"
        },
        {
            "trade_id": "4e3b38a9-f3da-479a-96a1-a96e97a73224",
            "ticker": "KXHIGHAUS-25JAN22-B47.5",
            "count": 5,
            "created_time": "2025-01-22T13:59:43.146069Z",
            "yes_price": 3,
            "no_price": 97,
            "taker_side": "no"
        },
        {
            "trade_id": "454b433c-9649-4cd7-a15e-b9fe2a7e09c6",
            "ticker": "KXHIGHAUS-25JAN22-B47.5",
            "count": 10,
            "created_time": "2025-01-22T13:54:37.96398Z",
            "yes_price": 4,
            "no_price": 96,
            "taker_side": "no"
        },
        {
            "trade_id": "fc40a41f-c02d-4b4d-8197-b0c3a6dfaa8d",
            "ticker": "KXHIGHAUS-25JAN22-B47.5",
            "count": 10,
            "created_time": "2025-01-22T13:53:31.134623Z",
            "yes_price": 4,
            "no_price": 96,
            "taker_side": "yes"
        },
        {
            "trade_id": "10a61d7c-4b3f-436e-804c-6ee5cdfac36f",
            "ticker": "KXHIGHAUS-25JAN22-B47.5",
            "count": 12,
            "created_time": "2025-01-22T13:53:31.134623Z",
            "yes_price": 4,
            "no_price": 96,
            "taker_side": "yes"
        },
        {
            "trade_id": "c9379737-ce8b-4b81-a4b5-08c9d6bd312d",
            "ticker": "KXHIGHAUS-25JAN22-B47.5",
            "count": 67,
            "created_time": "2025-01-22T13:27:54.551905Z",
            "yes_price": 6,
            "no_price": 94,
            "taker_side": "yes"
        },
        {
            "trade_id": "7c217e41-7ec4-4284-9ea3-e98697e7d1b2",
            "ticker": "KXHIGHAUS-25JAN22-B47.5",
            "count": 13,
            "created_time": "2025-01-22T13:27:54.551905Z",
            "yes_price": 5,
            "no_price": 95,
            "taker_side": "yes"
        },
        {
            "trade_id": "34be97d5-7119-4d4c-ac5d-7cb4c43d9589",
            "ticker": "KXHIGHAUS-25JAN22-B47.5",
            "count": 31,
            "created_time": "2025-01-22T13:26:57.020101Z",
            "yes_price": 3,
            "no_price": 97,
            "taker_side": "no"
        },
        {
            "trade_id": "5325a937-6136-4bd4-aa98-de62b308ad29",
            "ticker": "KXHIGHAUS-25JAN22-B47.5",
            "count": 58,
            "created_time": "2025-01-22T13:26:54.398108Z",
            "yes_price": 5,
            "no_price": 95,
            "taker_side": "no"
        },
        {
            "trade_id": "30824ff5-5092-478f-9f7b-5ceec19f44cd",
            "ticker": "KXHIGHAUS-25JAN22-B47.5",
            "count": 100,
            "created_time": "2025-01-22T13:26:54.398108Z",
            "yes_price": 5,
            "no_price": 95,
            "taker_side": "no"
        },
        {
            "trade_id": "84e23426-7f45-4aa1-b5a5-182cd21befc7",
            "ticker": "KXHIGHAUS-25JAN22-B47.5",
            "count": 31,
            "created_time": "2025-01-22T13:26:54.159795Z",
            "yes_price": 5,
            "no_price": 95,
            "taker_side": "no"
        },
        {
            "trade_id": "9a2ebe2c-07d6-472c-a8f0-cfaa87a2d9bc",
            "ticker": "KXHIGHAUS-25JAN22-B47.5",
            "count": 10,
            "created_time": "2025-01-22T13:25:12.256371Z",
            "yes_price": 5,
            "no_price": 95,
            "taker_side": "no"
        },
        {
            "trade_id": "ff16a219-0ca6-4fb0-9e5d-7ef92aabddd5",
            "ticker": "KXHIGHAUS-25JAN22-B47.5",
            "count": 1,
            "created_time": "2025-01-22T13:10:10.31593Z",
            "yes_price": 5,
            "no_price": 95,
            "taker_side": "no"
        },
        {
            "trade_id": "a489361e-ed57-4c8b-9e4b-2e00036282b1",
            "ticker": "KXHIGHAUS-25JAN22-B47.5",
            "count": 45,
            "created_time": "2025-01-22T07:07:42.001451Z",
            "yes_price": 13,
            "no_price": 87,
            "taker_side": "yes"
        },
        {
            "trade_id": "98b6fbae-5ddd-4455-8f0f-0d703f946abb",
            "ticker": "KXHIGHAUS-25JAN22-B47.5",
            "count": 200,
            "created_time": "2025-01-22T07:07:42.001451Z",
            "yes_price": 15,
            "no_price": 85,
            "taker_side": "yes"
        },
        {
            "trade_id": "5b16b957-1fb5-47f9-b3f3-1d17f4b297e3",
            "ticker": "KXHIGHAUS-25JAN22-B47.5",
            "count": 13,
            "created_time": "2025-01-22T07:07:42.001451Z",
            "yes_price": 30,
            "no_price": 70,
            "taker_side": "yes"
        },
        {
            "trade_id": "5ad585e0-3154-469e-9130-b0827b6fdaef",
            "ticker": "KXHIGHAUS-25JAN22-B47.5",
            "count": 13,
            "created_time": "2025-01-22T07:07:42.001451Z",
            "yes_price": 13,
            "no_price": 87,
            "taker_side": "yes"
        },
        {
            "trade_id": "507a223f-6639-42c0-9418-b3b42a43f065",
            "ticker": "KXHIGHAUS-25JAN22-B47.5",
            "count": 51,
            "created_time": "2025-01-22T07:07:42.001451Z",
            "yes_price": 30,
            "no_price": 70,
            "taker_side": "yes"
        },
        {
            "trade_id": "4590f341-eca9-48b0-826b-309c6d61c18f",
            "ticker": "KXHIGHAUS-25JAN22-B47.5",
            "count": 32,
            "created_time": "2025-01-22T07:07:42.001451Z",
            "yes_price": 29,
            "no_price": 71,
            "taker_side": "yes"
        },
        {
            "trade_id": "349843e9-9bca-4503-a9b8-868af4c254be",
            "ticker": "KXHIGHAUS-25JAN22-B47.5",
            "count": 106,
            "created_time": "2025-01-22T07:07:42.001451Z",
            "yes_price": 13,
            "no_price": 87,
            "taker_side": "yes"
        },
        {
            "trade_id": "2f9dc6a9-abe2-4cef-9f0a-2f1a44ddd37b",
            "ticker": "KXHIGHAUS-25JAN22-B47.5",
            "count": 12,
            "created_time": "2025-01-22T07:07:42.001451Z",
            "yes_price": 19,
            "no_price": 81,
            "taker_side": "yes"
        },
        {
            "trade_id": "0fd91d6a-86d3-4309-950d-fb48e45689a5",
            "ticker": "KXHIGHAUS-25JAN22-B47.5",
            "count": 50,
            "created_time": "2025-01-22T07:07:42.001451Z",
            "yes_price": 25,
            "no_price": 75,
            "taker_side": "yes"
        },
        {
            "trade_id": "c15181ba-faa7-4a97-a29e-819fc93a84de",
            "ticker": "KXHIGHAUS-25JAN22-B47.5",
            "count": 2,
            "created_time": "2025-01-22T07:02:43.902506Z",
            "yes_price": 10,
            "no_price": 90,
            "taker_side": "yes"
        },
        {
            "trade_id": "8de65e41-d50d-4767-85de-dda7344071d1",
            "ticker": "KXHIGHAUS-25JAN22-B47.5",
            "count": 987,
            "created_time": "2025-01-22T07:02:43.902506Z",
            "yes_price": 12,
            "no_price": 88,
            "taker_side": "yes"
        },
        {
            "trade_id": "7dfb77d7-58dd-4b63-94a0-253bd82a214b",
            "ticker": "KXHIGHAUS-25JAN22-B47.5",
            "count": 9,
            "created_time": "2025-01-22T07:02:43.902506Z",
            "yes_price": 11,
            "no_price": 89,
            "taker_side": "yes"
        },
        {
            "trade_id": "4eaf3a8b-c050-41c8-853f-be14ca40821a",
            "ticker": "KXHIGHAUS-25JAN22-B47.5",
            "count": 36,
            "created_time": "2025-01-22T07:02:43.902506Z",
            "yes_price": 13,
            "no_price": 87,
            "taker_side": "yes"
        },
        {
            "trade_id": "12b7cb91-c492-4bd4-884d-6a66e988883d",
            "ticker": "KXHIGHAUS-25JAN22-B47.5",
            "count": 42,
            "created_time": "2025-01-22T07:02:43.902506Z",
            "yes_price": 11,
            "no_price": 89,
            "taker_side": "yes"
        },
        {
            "trade_id": "9b1fe703-1c1a-4a06-ae70-bcc4764522da",
            "ticker": "KXHIGHAUS-25JAN22-B47.5",
            "count": 12,
            "created_time": "2025-01-22T06:26:02.731544Z",
            "yes_price": 7,
            "no_price": 93,
            "taker_side": "no"
        },
        {
            "trade_id": "1d0e4b53-492f-440d-8b65-ff8b95070ce8",
            "ticker": "KXHIGHAUS-25JAN22-B47.5",
            "count": 1,
            "created_time": "2025-01-22T06:26:02.731544Z",
            "yes_price": 7,
            "no_price": 93,
            "taker_side": "no"
        },
        {
            "trade_id": "07fa0217-3948-4894-b8d7-6e6b33b72276",
            "ticker": "KXHIGHAUS-25JAN22-B47.5",
            "count": 1,
            "created_time": "2025-01-22T06:26:02.731544Z",
            "yes_price": 7,
            "no_price": 93,
            "taker_side": "no"
        },
        {
            "trade_id": "41385b5d-e8fd-413d-a22d-9a42ca0add89",
            "ticker": "KXHIGHAUS-25JAN22-B47.5",
            "count": 5,
            "created_time": "2025-01-22T05:30:47.649868Z",
            "yes_price": 6,
            "no_price": 94,
            "taker_side": "no"
        },
        {
            "trade_id": "e2813820-ed0d-4ccd-83f4-91c082c7326a",
            "ticker": "KXHIGHAUS-25JAN22-B47.5",
            "count": 5,
            "created_time": "2025-01-22T04:52:40.57765Z",
            "yes_price": 11,
            "no_price": 89,
            "taker_side": "yes"
        },
        {
            "trade_id": "b3435df7-5fc6-4734-a622-3b2798140ede",
            "ticker": "KXHIGHAUS-25JAN22-B47.5",
            "count": 3,
            "created_time": "2025-01-22T04:52:40.57765Z",
            "yes_price": 11,
            "no_price": 89,
            "taker_side": "yes"
        },
        {
            "trade_id": "baf20bb3-11dc-45f8-8d3d-218ece33adb4",
            "ticker": "KXHIGHAUS-25JAN22-B47.5",
            "count": 10,
            "created_time": "2025-01-22T03:59:46.639267Z",
            "yes_price": 11,
            "no_price": 89,
            "taker_side": "yes"
        },
        {
            "trade_id": "3146f842-1296-4e97-b382-f57ce5fe4df8",
            "ticker": "KXHIGHAUS-25JAN22-B47.5",
            "count": 8,
            "created_time": "2025-01-22T03:59:46.639267Z",
            "yes_price": 14,
            "no_price": 86,
            "taker_side": "yes"
        },
        {
            "trade_id": "30b3143b-3f29-4551-9ccb-d511063708c7",
            "ticker": "KXHIGHAUS-25JAN22-B47.5",
            "count": 99,
            "created_time": "2025-01-22T03:59:46.639267Z",
            "yes_price": 12,
            "no_price": 88,
            "taker_side": "yes"
        },
        {
            "trade_id": "acb9f06c-2ecb-445f-b1a3-e6a08c77b3c9",
            "ticker": "KXHIGHAUS-25JAN22-B47.5",
            "count": 2,
            "created_time": "2025-01-22T03:25:39.434021Z",
            "yes_price": 4,
            "no_price": 96,
            "taker_side": "no"
        },
        {
            "trade_id": "edbf6658-de4b-4cae-8fa2-14dfaed3a5a3",
            "ticker": "KXHIGHAUS-25JAN22-B47.5",
            "count": 4,
            "created_time": "2025-01-22T03:25:25.552232Z",
            "yes_price": 8,
            "no_price": 92,
            "taker_side": "no"
        },
        {
            "trade_id": "ddc95f01-4f3d-438d-8af2-f5e6efda86b9",
            "ticker": "KXHIGHAUS-25JAN22-B47.5",
            "count": 33,
            "created_time": "2025-01-22T03:25:25.552232Z",
            "yes_price": 8,
            "no_price": 92,
            "taker_side": "no"
        },
        {
            "trade_id": "a83534b0-e56e-472e-a42f-019b2d07c657",
            "ticker": "KXHIGHAUS-25JAN22-B47.5",
            "count": 108,
            "created_time": "2025-01-22T03:25:25.552232Z",
            "yes_price": 6,
            "no_price": 94,
            "taker_side": "no"
        },
        {
            "trade_id": "8bba4a20-0192-46c1-b101-015aa0371117",
            "ticker": "KXHIGHAUS-25JAN22-B47.5",
            "count": 14,
            "created_time": "2025-01-22T03:25:25.552232Z",
            "yes_price": 8,
            "no_price": 92,
            "taker_side": "no"
        },
        {
            "trade_id": "65bdec59-e01c-418a-bb90-7d8eba665058",
            "ticker": "KXHIGHAUS-25JAN22-B47.5",
            "count": 583,
            "created_time": "2025-01-22T03:19:42.029129Z",
            "yes_price": 11,
            "no_price": 89,
            "taker_side": "no"
        },
        {
            "trade_id": "50866070-d355-4f83-bb9d-70b2503e0830",
            "ticker": "KXHIGHAUS-25JAN22-B47.5",
            "count": 29,
            "created_time": "2025-01-22T03:19:24.555693Z",
            "yes_price": 14,
            "no_price": 86,
            "taker_side": "yes"
        },
        {
            "trade_id": "4440f2a7-58b2-4f3b-b4bf-50c799f9c5ac",
            "ticker": "KXHIGHAUS-25JAN22-B47.5",
            "count": 29,
            "created_time": "2025-01-22T03:19:24.555693Z",
            "yes_price": 14,
            "no_price": 86,
            "taker_side": "yes"
        },
        {
            "trade_id": "3e1cb029-8cdb-4ece-82df-4b468ce32e7e",
            "ticker": "KXHIGHAUS-25JAN22-B47.5",
            "count": 9,
            "created_time": "2025-01-22T03:19:24.555693Z",
            "yes_price": 14,
            "no_price": 86,
            "taker_side": "yes"
        },
        {
            "trade_id": "179a26d9-b7c1-45bf-aab8-84174cb2b360",
            "ticker": "KXHIGHAUS-25JAN22-B47.5",
            "count": 80,
            "created_time": "2025-01-22T03:08:59.042267Z",
            "yes_price": 12,
            "no_price": 88,
            "taker_side": "no"
        },
        {
            "trade_id": "a0f03690-a259-4e56-9a3c-e423b76a6ff1",
            "ticker": "KXHIGHAUS-25JAN22-B47.5",
            "count": 6,
            "created_time": "2025-01-22T03:08:21.771942Z",
            "yes_price": 14,
            "no_price": 86,
            "taker_side": "yes"
        },
        {
            "trade_id": "b0ecb735-2fb3-49a2-84ef-db1c1f1e94d4",
            "ticker": "KXHIGHAUS-25JAN22-B47.5",
            "count": 2,
            "created_time": "2025-01-22T02:56:06.323075Z",
            "yes_price": 11,
            "no_price": 89,
            "taker_side": "no"
        },
        {
            "trade_id": "bd514aaf-5ef2-4c53-9c23-46749f3533d1",
            "ticker": "KXHIGHAUS-25JAN22-B47.5",
            "count": 16,
            "created_time": "2025-01-22T02:55:16.206586Z",
            "yes_price": 11,
            "no_price": 89,
            "taker_side": "no"
        },
        {
            "trade_id": "3a0d4fdf-96c5-4d91-b6c5-3434159726e7",
            "ticker": "KXHIGHAUS-25JAN22-B47.5",
            "count": 200,
            "created_time": "2025-01-22T02:55:16.014217Z",
            "yes_price": 11,
            "no_price": 89,
            "taker_side": "no"
        },
        {
            "trade_id": "94b814e3-8ab3-48b6-a4f7-ab9cf15cfb7b",
            "ticker": "KXHIGHAUS-25JAN22-B47.5",
            "count": 19,
            "created_time": "2025-01-22T02:55:06.120309Z",
            "yes_price": 11,
            "no_price": 89,
            "taker_side": "no"
        },
        {
            "trade_id": "f253773b-bb01-43f5-8c08-94651d4eaecb",
            "ticker": "KXHIGHAUS-25JAN22-B47.5",
            "count": 80,
            "created_time": "2025-01-22T02:55:05.383593Z",
            "yes_price": 11,
            "no_price": 89,
            "taker_side": "no"
        },
        {
            "trade_id": "4431f5df-fc3d-42f9-86a4-d97ebdf95609",
            "ticker": "KXHIGHAUS-25JAN22-B47.5",
            "count": 20,
            "created_time": "2025-01-22T02:51:14.219639Z",
            "yes_price": 10,
            "no_price": 90,
            "taker_side": "no"
        },
        {
            "trade_id": "61a349b0-5313-4847-8671-96f6a843f4db",
            "ticker": "KXHIGHAUS-25JAN22-B47.5",
            "count": 5,
            "created_time": "2025-01-22T02:36:40.997651Z",
            "yes_price": 10,
            "no_price": 90,
            "taker_side": "no"
        },
        {
            "trade_id": "699970bd-e018-4acb-8063-9f6651c63efb",
            "ticker": "KXHIGHAUS-25JAN22-B47.5",
            "count": 10,
            "created_time": "2025-01-22T01:53:28.761774Z",
            "yes_price": 14,
            "no_price": 86,
            "taker_side": "no"
        },
        {
            "trade_id": "cac79d36-f663-4c17-bc90-f434a9abb5e5",
            "ticker": "KXHIGHAUS-25JAN22-B47.5",
            "count": 4,
            "created_time": "2025-01-22T01:45:13.942037Z",
            "yes_price": 20,
            "no_price": 80,
            "taker_side": "yes"
        },
        {
            "trade_id": "53fc324e-bcf9-47a7-a0e0-d0e7fbb1c252",
            "ticker": "KXHIGHAUS-25JAN22-B47.5",
            "count": 18,
            "created_time": "2025-01-22T00:40:07.375104Z",
            "yes_price": 21,
            "no_price": 79,
            "taker_side": "yes"
        },
        {
            "trade_id": "e62e00bf-34bb-491a-9988-917cfada8d86",
            "ticker": "KXHIGHAUS-25JAN22-B47.5",
            "count": 5,
            "created_time": "2025-01-22T00:12:31.950369Z",
            "yes_price": 20,
            "no_price": 80,
            "taker_side": "yes"
        },
        {
            "trade_id": "05e98d3a-853c-43fd-91ba-ef928c62ed51",
            "ticker": "KXHIGHAUS-25JAN22-B47.5",
            "count": 4,
            "created_time": "2025-01-22T00:12:31.950369Z",
            "yes_price": 21,
            "no_price": 79,
            "taker_side": "yes"
        },
        {
            "trade_id": "00c2bd94-0b8f-4436-9bdf-86a4d4792a8c",
            "ticker": "KXHIGHAUS-25JAN22-B47.5",
            "count": 47,
            "created_time": "2025-01-21T22:17:52.79761Z",
            "yes_price": 20,
            "no_price": 80,
            "taker_side": "yes"
        },
        {
            "trade_id": "9cf51a5d-afd6-4442-a683-4aa289f15196",
            "ticker": "KXHIGHAUS-25JAN22-B47.5",
            "count": 25,
            "created_time": "2025-01-21T22:17:16.323208Z",
            "yes_price": 20,
            "no_price": 80,
            "taker_side": "no"
        },
        {
            "trade_id": "30f9333e-a373-4105-b91d-f199fe4eb4c8",
            "ticker": "KXHIGHAUS-25JAN22-B47.5",
            "count": 6,
            "created_time": "2025-01-21T21:48:39.726968Z",
            "yes_price": 20,
            "no_price": 80,
            "taker_side": "yes"
        },
        {
            "trade_id": "e56bc528-70c3-43e1-bccf-566287836790",
            "ticker": "KXHIGHAUS-25JAN22-B47.5",
            "count": 8,
            "created_time": "2025-01-21T21:42:50.764075Z",
            "yes_price": 18,
            "no_price": 82,
            "taker_side": "yes"
        },
        {
            "trade_id": "6749937d-f6b6-44c5-9f21-2bc9448f4a8b",
            "ticker": "KXHIGHAUS-25JAN22-B47.5",
            "count": 2,
            "created_time": "2025-01-21T21:42:50.59659Z",
            "yes_price": 18,
            "no_price": 82,
            "taker_side": "yes"
        },
        {
            "trade_id": "ffdb53da-acac-44c7-8de2-7837676954f9",
            "ticker": "KXHIGHAUS-25JAN22-B47.5",
            "count": 10,
            "created_time": "2025-01-21T21:39:44.845479Z",
            "yes_price": 16,
            "no_price": 84,
            "taker_side": "yes"
        },
        {
            "trade_id": "947e8bb5-929e-466c-b8fc-17ec591796d9",
            "ticker": "KXHIGHAUS-25JAN22-B47.5",
            "count": 10,
            "created_time": "2025-01-21T21:16:52.566174Z",
            "yes_price": 13,
            "no_price": 87,
            "taker_side": "yes"
        },
        {
            "trade_id": "9b3cc5cb-a69e-4b67-8e33-4f92d50986df",
            "ticker": "KXHIGHAUS-25JAN22-B47.5",
            "count": 5,
            "created_time": "2025-01-21T15:01:05.91297Z",
            "yes_price": 17,
            "no_price": 83,
            "taker_side": "yes"
        }
    ],
    "KXHIGHAUS-25JAN22-B49.5": [
        {
            "trade_id": "6082799d-e0a6-4ee4-8cad-f2d5dac635d6",
            "ticker": "KXHIGHAUS-25JAN22-B49.5",
            "count": 40,
            "created_time": "2025-01-22T23:19:34.704478Z",
            "yes_price": 1,
            "no_price": 99,
            "taker_side": "yes"
        },
        {
            "trade_id": "1d9ba138-e85b-43f5-bf40-66e6900aea84",
            "ticker": "KXHIGHAUS-25JAN22-B49.5",
            "count": 280,
            "created_time": "2025-01-22T23:09:22.208376Z",
            "yes_price": 1,
            "no_price": 99,
            "taker_side": "yes"
        },
        {
            "trade_id": "81ae28ff-8634-42e8-a8e7-fbf38a4d0beb",
            "ticker": "KXHIGHAUS-25JAN22-B49.5",
            "count": 93,
            "created_time": "2025-01-22T23:08:28.389382Z",
            "yes_price": 1,
            "no_price": 99,
            "taker_side": "yes"
        },
        {
            "trade_id": "3daa4b18-a4cf-493a-85b8-6d83e2d13fe3",
            "ticker": "KXHIGHAUS-25JAN22-B49.5",
            "count": 11,
            "created_time": "2025-01-22T23:04:37.309756Z",
            "yes_price": 1,
            "no_price": 99,
            "taker_side": "yes"
        },
        {
            "trade_id": "05616b6f-3c24-4025-ac81-10bcdc0bdbba",
            "ticker": "KXHIGHAUS-25JAN22-B49.5",
            "count": 100,
            "created_time": "2025-01-22T22:15:54.250131Z",
            "yes_price": 1,
            "no_price": 99,
            "taker_side": "yes"
        },
        {
            "trade_id": "b536ab03-0b39-4f46-8ddb-085400373017",
            "ticker": "KXHIGHAUS-25JAN22-B49.5",
            "count": 69,
            "created_time": "2025-01-22T22:07:21.610217Z",
            "yes_price": 1,
            "no_price": 99,
            "taker_side": "yes"
        },
        {
            "trade_id": "a4b2b525-89d9-4d89-a817-fd67a320957f",
            "ticker": "KXHIGHAUS-25JAN22-B49.5",
            "count": 508,
            "created_time": "2025-01-22T21:57:17.458917Z",
            "yes_price": 1,
            "no_price": 99,
            "taker_side": "yes"
        },
        {
            "trade_id": "8ff556e5-b249-400b-9784-a61edd89db5f",
            "ticker": "KXHIGHAUS-25JAN22-B49.5",
            "count": 276,
            "created_time": "2025-01-22T21:57:17.458917Z",
            "yes_price": 1,
            "no_price": 99,
            "taker_side": "yes"
        },
        {
            "trade_id": "80438a7c-37b1-4afd-ad40-24c6c0816c6e",
            "ticker": "KXHIGHAUS-25JAN22-B49.5",
            "count": 500,
            "created_time": "2025-01-22T21:50:16.527042Z",
            "yes_price": 1,
            "no_price": 99,
            "taker_side": "yes"
        },
        {
            "trade_id": "415e635f-2c85-476d-a5b1-6bc6bb35bede",
            "ticker": "KXHIGHAUS-25JAN22-B49.5",
            "count": 8,
            "created_time": "2025-01-22T21:45:31.598168Z",
            "yes_price": 1,
            "no_price": 99,
            "taker_side": "yes"
        },
        {
            "trade_id": "ba6fc8f1-d72d-46b0-b692-2e9b2702d7e0",
            "ticker": "KXHIGHAUS-25JAN22-B49.5",
            "count": 50,
            "created_time": "2025-01-22T21:26:44.952504Z",
            "yes_price": 1,
            "no_price": 99,
            "taker_side": "yes"
        },
        {
            "trade_id": "872a9f66-2dbd-4420-b77f-2aa9bfdd3681",
            "ticker": "KXHIGHAUS-25JAN22-B49.5",
            "count": 50,
            "created_time": "2025-01-22T21:25:29.52585Z",
            "yes_price": 1,
            "no_price": 99,
            "taker_side": "yes"
        },
        {
            "trade_id": "2a4b76ad-198d-47bf-afd4-1b7ff4da8c08",
            "ticker": "KXHIGHAUS-25JAN22-B49.5",
            "count": 45,
            "created_time": "2025-01-22T21:25:28.496368Z",
            "yes_price": 1,
            "no_price": 99,
            "taker_side": "yes"
        },
        {
            "trade_id": "b6b6f1cf-6f97-4daf-aff6-372b5cca4f25",
            "ticker": "KXHIGHAUS-25JAN22-B49.5",
            "count": 1071,
            "created_time": "2025-01-22T21:25:01.183445Z",
            "yes_price": 1,
            "no_price": 99,
            "taker_side": "yes"
        },
        {
            "trade_id": "b61bfca9-8c3a-4d1d-bccd-e53567973998",
            "ticker": "KXHIGHAUS-25JAN22-B49.5",
            "count": 1594,
            "created_time": "2025-01-22T21:25:01.183445Z",
            "yes_price": 1,
            "no_price": 99,
            "taker_side": "yes"
        },
        {
            "trade_id": "7f07bf02-b942-46f2-b46a-b8a28fbe91b1",
            "ticker": "KXHIGHAUS-25JAN22-B49.5",
            "count": 1000,
            "created_time": "2025-01-22T21:25:01.183445Z",
            "yes_price": 1,
            "no_price": 99,
            "taker_side": "yes"
        },
        {
            "trade_id": "65743442-4ff7-43d6-b361-f392724f8672",
            "ticker": "KXHIGHAUS-25JAN22-B49.5",
            "count": 7,
            "created_time": "2025-01-22T21:25:01.183445Z",
            "yes_price": 1,
            "no_price": 99,
            "taker_side": "yes"
        },
        {
            "trade_id": "5b72aa55-4ed6-42e9-a1b5-14455bbb4b02",
            "ticker": "KXHIGHAUS-25JAN22-B49.5",
            "count": 1000,
            "created_time": "2025-01-22T21:25:01.183445Z",
            "yes_price": 1,
            "no_price": 99,
            "taker_side": "yes"
        },
        {
            "trade_id": "27b7b5d3-2280-45b5-a2f0-abf0bff116e0",
            "ticker": "KXHIGHAUS-25JAN22-B49.5",
            "count": 17,
            "created_time": "2025-01-22T21:23:14.852699Z",
            "yes_price": 1,
            "no_price": 99,
            "taker_side": "yes"
        },
        {
            "trade_id": "79765082-a776-4eab-8188-a45a338c1544",
            "ticker": "KXHIGHAUS-25JAN22-B49.5",
            "count": 162,
            "created_time": "2025-01-22T21:22:42.885703Z",
            "yes_price": 1,
            "no_price": 99,
            "taker_side": "yes"
        },
        {
            "trade_id": "b98132ae-0075-47b2-baf9-e56cea6d5717",
            "ticker": "KXHIGHAUS-25JAN22-B49.5",
            "count": 5,
            "created_time": "2025-01-22T21:21:29.694084Z",
            "yes_price": 1,
            "no_price": 99,
            "taker_side": "yes"
        },
        {
            "trade_id": "186b632a-a949-4bb4-bd3c-b9253fce168c",
            "ticker": "KXHIGHAUS-25JAN22-B49.5",
            "count": 50,
            "created_time": "2025-01-22T21:20:56.460725Z",
            "yes_price": 1,
            "no_price": 99,
            "taker_side": "yes"
        },
        {
            "trade_id": "47aaf16d-bc63-4752-82b2-4c1bb45676a6",
            "ticker": "KXHIGHAUS-25JAN22-B49.5",
            "count": 50,
            "created_time": "2025-01-22T21:20:55.393421Z",
            "yes_price": 1,
            "no_price": 99,
            "taker_side": "yes"
        },
        {
            "trade_id": "168829cc-d8ae-4960-a597-62490077ce7e",
            "ticker": "KXHIGHAUS-25JAN22-B49.5",
            "count": 1,
            "created_time": "2025-01-22T21:20:46.224019Z",
            "yes_price": 1,
            "no_price": 99,
            "taker_side": "yes"
        },
        {
            "trade_id": "79ea3e02-3b18-4cc0-8e71-9410219e252a",
            "ticker": "KXHIGHAUS-25JAN22-B49.5",
            "count": 35,
            "created_time": "2025-01-22T21:20:12.648467Z",
            "yes_price": 1,
            "no_price": 99,
            "taker_side": "yes"
        },
        {
            "trade_id": "2cbb503a-00bd-4af8-ad80-e8078d8b5a7a",
            "ticker": "KXHIGHAUS-25JAN22-B49.5",
            "count": 121,
            "created_time": "2025-01-22T21:20:12.648467Z",
            "yes_price": 1,
            "no_price": 99,
            "taker_side": "yes"
        },
        {
            "trade_id": "404f6452-13a4-4b1d-971a-25021cc34d27",
            "ticker": "KXHIGHAUS-25JAN22-B49.5",
            "count": 39,
            "created_time": "2025-01-22T21:20:02.510766Z",
            "yes_price": 1,
            "no_price": 99,
            "taker_side": "yes"
        },
        {
            "trade_id": "31e8a014-6433-43b7-bfc2-0f6136b25e56",
            "ticker": "KXHIGHAUS-25JAN22-B49.5",
            "count": 500,
            "created_time": "2025-01-22T21:20:01.176889Z",
            "yes_price": 1,
            "no_price": 99,
            "taker_side": "yes"
        },
        {
            "trade_id": "f1fc6f05-1f8a-495e-aee4-c6c1338027de",
            "ticker": "KXHIGHAUS-25JAN22-B49.5",
            "count": 50,
            "created_time": "2025-01-22T21:19:18.974736Z",
            "yes_price": 1,
            "no_price": 99,
            "taker_side": "yes"
        },
        {
            "trade_id": "9c20ac6d-ecfc-4c5f-9fbc-2476c9420a9f",
            "ticker": "KXHIGHAUS-25JAN22-B49.5",
            "count": 1,
            "created_time": "2025-01-22T21:18:56.905729Z",
            "yes_price": 2,
            "no_price": 98,
            "taker_side": "no"
        },
        {
            "trade_id": "5e536c7f-e2ba-4cd5-b833-1d9fd878f62c",
            "ticker": "KXHIGHAUS-25JAN22-B49.5",
            "count": 224,
            "created_time": "2025-01-22T21:18:56.905729Z",
            "yes_price": 1,
            "no_price": 99,
            "taker_side": "no"
        },
        {
            "trade_id": "18153db4-f452-470d-94ab-8b40744ce177",
            "ticker": "KXHIGHAUS-25JAN22-B49.5",
            "count": 150,
            "created_time": "2025-01-22T21:18:56.905729Z",
            "yes_price": 1,
            "no_price": 99,
            "taker_side": "no"
        },
        {
            "trade_id": "171c44c9-bc4f-47ec-a0ac-37dbd6ebbfdc",
            "ticker": "KXHIGHAUS-25JAN22-B49.5",
            "count": 1,
            "created_time": "2025-01-22T21:18:56.905729Z",
            "yes_price": 3,
            "no_price": 97,
            "taker_side": "no"
        },
        {
            "trade_id": "7fc6eb16-df99-479e-8f72-8eb573d6ee55",
            "ticker": "KXHIGHAUS-25JAN22-B49.5",
            "count": 10,
            "created_time": "2025-01-22T21:18:35.953228Z",
            "yes_price": 1,
            "no_price": 99,
            "taker_side": "no"
        },
        {
            "trade_id": "f94f7f6e-a252-4ec8-adf5-4fbbcc7c727d",
            "ticker": "KXHIGHAUS-25JAN22-B49.5",
            "count": 50,
            "created_time": "2025-01-22T21:18:31.572002Z",
            "yes_price": 17,
            "no_price": 83,
            "taker_side": "no"
        },
        {
            "trade_id": "c3efd623-c546-44db-99c6-0cbd88bfdcbf",
            "ticker": "KXHIGHAUS-25JAN22-B49.5",
            "count": 266,
            "created_time": "2025-01-22T21:18:31.572002Z",
            "yes_price": 1,
            "no_price": 99,
            "taker_side": "no"
        },
        {
            "trade_id": "a4c0f823-617d-460b-bf26-585c5a8b791e",
            "ticker": "KXHIGHAUS-25JAN22-B49.5",
            "count": 2,
            "created_time": "2025-01-22T21:18:31.572002Z",
            "yes_price": 5,
            "no_price": 95,
            "taker_side": "no"
        },
        {
            "trade_id": "a0bd5db3-7ac9-4142-9e24-e759273ad617",
            "ticker": "KXHIGHAUS-25JAN22-B49.5",
            "count": 216,
            "created_time": "2025-01-22T21:18:31.572002Z",
            "yes_price": 1,
            "no_price": 99,
            "taker_side": "no"
        },
        {
            "trade_id": "82bb6973-8911-435d-bcdf-7152cc995cee",
            "ticker": "KXHIGHAUS-25JAN22-B49.5",
            "count": 50,
            "created_time": "2025-01-22T21:18:31.572002Z",
            "yes_price": 17,
            "no_price": 83,
            "taker_side": "no"
        },
        {
            "trade_id": "7a2fbf1f-ccfb-4da4-aad6-26a03361fd25",
            "ticker": "KXHIGHAUS-25JAN22-B49.5",
            "count": 5,
            "created_time": "2025-01-22T21:18:31.572002Z",
            "yes_price": 1,
            "no_price": 99,
            "taker_side": "no"
        },
        {
            "trade_id": "725c0ffd-7c91-481e-b04d-19f6a88c7fa9",
            "ticker": "KXHIGHAUS-25JAN22-B49.5",
            "count": 10,
            "created_time": "2025-01-22T21:18:31.572002Z",
            "yes_price": 26,
            "no_price": 74,
            "taker_side": "no"
        },
        {
            "trade_id": "5ff74383-5687-452a-afb1-8649c1cfae9b",
            "ticker": "KXHIGHAUS-25JAN22-B49.5",
            "count": 200,
            "created_time": "2025-01-22T21:18:31.572002Z",
            "yes_price": 3,
            "no_price": 97,
            "taker_side": "no"
        },
        {
            "trade_id": "4ef739d4-be6f-44d2-b5fd-ba8749a717ea",
            "ticker": "KXHIGHAUS-25JAN22-B49.5",
            "count": 50,
            "created_time": "2025-01-22T21:18:31.572002Z",
            "yes_price": 7,
            "no_price": 93,
            "taker_side": "no"
        },
        {
            "trade_id": "4d06ef38-f2a6-4433-b58e-a766c8c04108",
            "ticker": "KXHIGHAUS-25JAN22-B49.5",
            "count": 100,
            "created_time": "2025-01-22T21:18:31.572002Z",
            "yes_price": 1,
            "no_price": 99,
            "taker_side": "no"
        },
        {
            "trade_id": "4252b736-0c95-460a-999e-0d6a57c8009a",
            "ticker": "KXHIGHAUS-25JAN22-B49.5",
            "count": 1,
            "created_time": "2025-01-22T21:18:31.572002Z",
            "yes_price": 5,
            "no_price": 95,
            "taker_side": "no"
        },
        {
            "trade_id": "0fa943cc-76f7-423f-bf57-a8ccd3c46e2c",
            "ticker": "KXHIGHAUS-25JAN22-B49.5",
            "count": 50,
            "created_time": "2025-01-22T21:18:31.572002Z",
            "yes_price": 5,
            "no_price": 95,
            "taker_side": "no"
        },
        {
            "trade_id": "c978f642-a8a7-4bac-91de-0cfdf39a10a8",
            "ticker": "KXHIGHAUS-25JAN22-B49.5",
            "count": 1,
            "created_time": "2025-01-22T21:14:58.611786Z",
            "yes_price": 26,
            "no_price": 74,
            "taker_side": "no"
        },
        {
            "trade_id": "96cb0314-e124-4dab-a1a5-f25791c6ef71",
            "ticker": "KXHIGHAUS-25JAN22-B49.5",
            "count": 16,
            "created_time": "2025-01-22T21:14:58.611786Z",
            "yes_price": 25,
            "no_price": 75,
            "taker_side": "no"
        },
        {
            "trade_id": "142ac66a-a780-45c5-a36d-f29d9799013c",
            "ticker": "KXHIGHAUS-25JAN22-B49.5",
            "count": 3,
            "created_time": "2025-01-22T21:12:04.600086Z",
            "yes_price": 25,
            "no_price": 75,
            "taker_side": "yes"
        },
        {
            "trade_id": "3f5262d8-b12a-4aea-9081-69c5108e8c6a",
            "ticker": "KXHIGHAUS-25JAN22-B49.5",
            "count": 4,
            "created_time": "2025-01-22T21:11:16.718162Z",
            "yes_price": 25,
            "no_price": 75,
            "taker_side": "yes"
        },
        {
            "trade_id": "3c79a3e4-e575-422a-8b74-be876535d186",
            "ticker": "KXHIGHAUS-25JAN22-B49.5",
            "count": 2,
            "created_time": "2025-01-22T21:10:58.438489Z",
            "yes_price": 18,
            "no_price": 82,
            "taker_side": "no"
        },
        {
            "trade_id": "c147e444-21e6-4a28-8f15-31df1d2df7d9",
            "ticker": "KXHIGHAUS-25JAN22-B49.5",
            "count": 3,
            "created_time": "2025-01-22T21:08:30.970202Z",
            "yes_price": 5,
            "no_price": 95,
            "taker_side": "no"
        },
        {
            "trade_id": "8e8a86a3-ca2a-4982-8af1-333151296536",
            "ticker": "KXHIGHAUS-25JAN22-B49.5",
            "count": 3,
            "created_time": "2025-01-22T21:07:53.956886Z",
            "yes_price": 6,
            "no_price": 94,
            "taker_side": "no"
        },
        {
            "trade_id": "1a56a051-d1ea-4ce5-97c4-2b568298162d",
            "ticker": "KXHIGHAUS-25JAN22-B49.5",
            "count": 31,
            "created_time": "2025-01-22T21:07:53.956886Z",
            "yes_price": 5,
            "no_price": 95,
            "taker_side": "no"
        },
        {
            "trade_id": "cca6b5f7-2587-47ba-9c39-bc0e7fc39de9",
            "ticker": "KXHIGHAUS-25JAN22-B49.5",
            "count": 1,
            "created_time": "2025-01-22T21:07:50.514296Z",
            "yes_price": 5,
            "no_price": 95,
            "taker_side": "no"
        },
        {
            "trade_id": "f789ec22-6283-44c9-9ccf-8b6d291c2392",
            "ticker": "KXHIGHAUS-25JAN22-B49.5",
            "count": 3,
            "created_time": "2025-01-22T21:07:45.769861Z",
            "yes_price": 12,
            "no_price": 88,
            "taker_side": "no"
        },
        {
            "trade_id": "cdd70d52-2531-4c20-a2df-42d4137b824c",
            "ticker": "KXHIGHAUS-25JAN22-B49.5",
            "count": 16,
            "created_time": "2025-01-22T21:07:45.769861Z",
            "yes_price": 11,
            "no_price": 89,
            "taker_side": "no"
        },
        {
            "trade_id": "8b4622d6-51b8-48a8-83f8-58f259df44b0",
            "ticker": "KXHIGHAUS-25JAN22-B49.5",
            "count": 13,
            "created_time": "2025-01-22T21:07:45.769861Z",
            "yes_price": 5,
            "no_price": 95,
            "taker_side": "no"
        },
        {
            "trade_id": "4b01520e-7d5b-46b3-a3f1-c538b9729c67",
            "ticker": "KXHIGHAUS-25JAN22-B49.5",
            "count": 50,
            "created_time": "2025-01-22T21:07:45.769861Z",
            "yes_price": 9,
            "no_price": 91,
            "taker_side": "no"
        },
        {
            "trade_id": "28179d62-9363-42ad-b48b-d2ccdd38e617",
            "ticker": "KXHIGHAUS-25JAN22-B49.5",
            "count": 50,
            "created_time": "2025-01-22T21:07:45.769861Z",
            "yes_price": 9,
            "no_price": 91,
            "taker_side": "no"
        },
        {
            "trade_id": "1522ce7a-6088-4cc3-ae06-4e5fc29a9207",
            "ticker": "KXHIGHAUS-25JAN22-B49.5",
            "count": 1,
            "created_time": "2025-01-22T21:07:45.769861Z",
            "yes_price": 12,
            "no_price": 88,
            "taker_side": "no"
        },
        {
            "trade_id": "d7818267-6826-4780-9a7d-daa72e6690b9",
            "ticker": "KXHIGHAUS-25JAN22-B49.5",
            "count": 50,
            "created_time": "2025-01-22T21:07:32.605024Z",
            "yes_price": 26,
            "no_price": 74,
            "taker_side": "no"
        },
        {
            "trade_id": "d09cec77-463e-4082-86c1-1a14905946dd",
            "ticker": "KXHIGHAUS-25JAN22-B49.5",
            "count": 6,
            "created_time": "2025-01-22T21:07:32.605024Z",
            "yes_price": 35,
            "no_price": 65,
            "taker_side": "no"
        },
        {
            "trade_id": "849711b9-a705-4327-ab9b-dc367618c9e4",
            "ticker": "KXHIGHAUS-25JAN22-B49.5",
            "count": 13,
            "created_time": "2025-01-22T21:07:32.605024Z",
            "yes_price": 32,
            "no_price": 68,
            "taker_side": "no"
        },
        {
            "trade_id": "7a55b133-b0f6-4ce0-8184-1a5cabcb8826",
            "ticker": "KXHIGHAUS-25JAN22-B49.5",
            "count": 380,
            "created_time": "2025-01-22T21:07:32.605024Z",
            "yes_price": 10,
            "no_price": 90,
            "taker_side": "no"
        },
        {
            "trade_id": "966c6117-c865-4ec6-a4ac-1b34962c6ff1",
            "ticker": "KXHIGHAUS-25JAN22-B49.5",
            "count": 17,
            "created_time": "2025-01-22T21:07:12.039781Z",
            "yes_price": 35,
            "no_price": 65,
            "taker_side": "no"
        },
        {
            "trade_id": "2bfd4008-c232-4c1b-a0a7-894dccef840c",
            "ticker": "KXHIGHAUS-25JAN22-B49.5",
            "count": 3,
            "created_time": "2025-01-22T21:07:12.039781Z",
            "yes_price": 36,
            "no_price": 64,
            "taker_side": "no"
        },
        {
            "trade_id": "1f1dc329-2466-44a3-bcfa-38161cc12a5f",
            "ticker": "KXHIGHAUS-25JAN22-B49.5",
            "count": 1,
            "created_time": "2025-01-22T21:07:12.039781Z",
            "yes_price": 40,
            "no_price": 60,
            "taker_side": "no"
        },
        {
            "trade_id": "93ffddd9-5832-4ab3-887a-c6b4b5a68849",
            "ticker": "KXHIGHAUS-25JAN22-B49.5",
            "count": 27,
            "created_time": "2025-01-22T21:06:34.234052Z",
            "yes_price": 38,
            "no_price": 62,
            "taker_side": "no"
        },
        {
            "trade_id": "74206951-d83e-4bae-b4cd-f9d364cd4c3f",
            "ticker": "KXHIGHAUS-25JAN22-B49.5",
            "count": 72,
            "created_time": "2025-01-22T21:06:34.234052Z",
            "yes_price": 40,
            "no_price": 60,
            "taker_side": "no"
        },
        {
            "trade_id": "36590926-b339-4610-8fd5-890e840f48d5",
            "ticker": "KXHIGHAUS-25JAN22-B49.5",
            "count": 1,
            "created_time": "2025-01-22T21:06:34.234052Z",
            "yes_price": 41,
            "no_price": 59,
            "taker_side": "no"
        },
        {
            "trade_id": "c0567e72-eabb-4b43-a1bf-418c10dc484d",
            "ticker": "KXHIGHAUS-25JAN22-B49.5",
            "count": 26,
            "created_time": "2025-01-22T21:05:32.984986Z",
            "yes_price": 41,
            "no_price": 59,
            "taker_side": "no"
        },
        {
            "trade_id": "0654ce5a-ed12-423e-9ac2-7090bec94f9a",
            "ticker": "KXHIGHAUS-25JAN22-B49.5",
            "count": 13,
            "created_time": "2025-01-22T21:05:32.984986Z",
            "yes_price": 40,
            "no_price": 60,
            "taker_side": "no"
        },
        {
            "trade_id": "da0901b7-5162-48d5-b2f0-a58d4fd4fb64",
            "ticker": "KXHIGHAUS-25JAN22-B49.5",
            "count": 29,
            "created_time": "2025-01-22T21:00:03.121308Z",
            "yes_price": 50,
            "no_price": 50,
            "taker_side": "no"
        },
        {
            "trade_id": "534c39fd-0ce1-4439-a306-1c4b3039b018",
            "ticker": "KXHIGHAUS-25JAN22-B49.5",
            "count": 315,
            "created_time": "2025-01-22T21:00:03.121308Z",
            "yes_price": 43,
            "no_price": 57,
            "taker_side": "no"
        },
        {
            "trade_id": "9a03fd65-8377-427b-a732-0e9c6dc16bad",
            "ticker": "KXHIGHAUS-25JAN22-B49.5",
            "count": 131,
            "created_time": "2025-01-22T20:59:49.259493Z",
            "yes_price": 50,
            "no_price": 50,
            "taker_side": "no"
        },
        {
            "trade_id": "cf6085d5-e14b-411f-b034-cb95387eb99f",
            "ticker": "KXHIGHAUS-25JAN22-B49.5",
            "count": 40,
            "created_time": "2025-01-22T20:59:46.415066Z",
            "yes_price": 50,
            "no_price": 50,
            "taker_side": "no"
        },
        {
            "trade_id": "5ac30694-d9c9-452b-8773-127c75ea837f",
            "ticker": "KXHIGHAUS-25JAN22-B49.5",
            "count": 1,
            "created_time": "2025-01-22T20:57:22.852487Z",
            "yes_price": 51,
            "no_price": 49,
            "taker_side": "no"
        },
        {
            "trade_id": "e8d77310-dd51-45a6-bd6a-2ab87a821977",
            "ticker": "KXHIGHAUS-25JAN22-B49.5",
            "count": 2,
            "created_time": "2025-01-22T20:56:13.915928Z",
            "yes_price": 51,
            "no_price": 49,
            "taker_side": "no"
        },
        {
            "trade_id": "4ecb594e-8fe6-4ef2-803c-333ad9dfdd61",
            "ticker": "KXHIGHAUS-25JAN22-B49.5",
            "count": 40,
            "created_time": "2025-01-22T20:56:13.915928Z",
            "yes_price": 51,
            "no_price": 49,
            "taker_side": "no"
        },
        {
            "trade_id": "e0b34349-1ef9-40b9-81f3-e2bea3182ca4",
            "ticker": "KXHIGHAUS-25JAN22-B49.5",
            "count": 7,
            "created_time": "2025-01-22T20:56:02.163708Z",
            "yes_price": 70,
            "no_price": 30,
            "taker_side": "yes"
        },
        {
            "trade_id": "cc018988-f0d0-4ba0-a218-7f4d9a0c6292",
            "ticker": "KXHIGHAUS-25JAN22-B49.5",
            "count": 23,
            "created_time": "2025-01-22T20:56:02.163708Z",
            "yes_price": 70,
            "no_price": 30,
            "taker_side": "yes"
        },
        {
            "trade_id": "08a9a1f9-97a2-42fa-b382-65575c066315",
            "ticker": "KXHIGHAUS-25JAN22-B49.5",
            "count": 2,
            "created_time": "2025-01-22T20:55:38.346893Z",
            "yes_price": 51,
            "no_price": 49,
            "taker_side": "yes"
        },
        {
            "trade_id": "b1fb9acc-1126-4b44-9f5f-56ecc9773ecc",
            "ticker": "KXHIGHAUS-25JAN22-B49.5",
            "count": 3,
            "created_time": "2025-01-22T20:55:31.280027Z",
            "yes_price": 51,
            "no_price": 49,
            "taker_side": "yes"
        },
        {
            "trade_id": "7d7adf17-d4b7-4260-98a9-89c3be92579f",
            "ticker": "KXHIGHAUS-25JAN22-B49.5",
            "count": 4,
            "created_time": "2025-01-22T20:55:24.898791Z",
            "yes_price": 51,
            "no_price": 49,
            "taker_side": "yes"
        },
        {
            "trade_id": "9a3bae66-7089-4dd7-9a28-c5216875cc3e",
            "ticker": "KXHIGHAUS-25JAN22-B49.5",
            "count": 2,
            "created_time": "2025-01-22T20:55:21.949584Z",
            "yes_price": 51,
            "no_price": 49,
            "taker_side": "no"
        },
        {
            "trade_id": "87a79a25-3196-488d-b3e4-afe845758c42",
            "ticker": "KXHIGHAUS-25JAN22-B49.5",
            "count": 41,
            "created_time": "2025-01-22T20:54:48.083886Z",
            "yes_price": 50,
            "no_price": 50,
            "taker_side": "yes"
        },
        {
            "trade_id": "8ba223af-0fb7-45f8-95c9-338c6a7f43ee",
            "ticker": "KXHIGHAUS-25JAN22-B49.5",
            "count": 3,
            "created_time": "2025-01-22T20:54:23.847206Z",
            "yes_price": 50,
            "no_price": 50,
            "taker_side": "no"
        },
        {
            "trade_id": "ddcdea29-3863-4327-8d01-7622b8dd2a70",
            "ticker": "KXHIGHAUS-25JAN22-B49.5",
            "count": 47,
            "created_time": "2025-01-22T20:54:14.34938Z",
            "yes_price": 50,
            "no_price": 50,
            "taker_side": "no"
        },
        {
            "trade_id": "a6fdcdfd-239b-4bea-a22b-711de7daddf7",
            "ticker": "KXHIGHAUS-25JAN22-B49.5",
            "count": 2,
            "created_time": "2025-01-22T20:54:11.342287Z",
            "yes_price": 51,
            "no_price": 49,
            "taker_side": "no"
        },
        {
            "trade_id": "eef8bfda-3921-4104-9c7d-7eb4994bf617",
            "ticker": "KXHIGHAUS-25JAN22-B49.5",
            "count": 3,
            "created_time": "2025-01-22T20:53:41.713114Z",
            "yes_price": 48,
            "no_price": 52,
            "taker_side": "no"
        },
        {
            "trade_id": "f4aecbec-9388-4bbb-9960-41107b980318",
            "ticker": "KXHIGHAUS-25JAN22-B49.5",
            "count": 42,
            "created_time": "2025-01-22T20:51:11.217995Z",
            "yes_price": 76,
            "no_price": 24,
            "taker_side": "yes"
        },
        {
            "trade_id": "60962c94-55a2-464e-b28c-4c34cf89e3e9",
            "ticker": "KXHIGHAUS-25JAN22-B49.5",
            "count": 34,
            "created_time": "2025-01-22T20:51:11.217995Z",
            "yes_price": 62,
            "no_price": 38,
            "taker_side": "yes"
        },
        {
            "trade_id": "47547201-a2b4-4f03-8245-0b62835c7ca0",
            "ticker": "KXHIGHAUS-25JAN22-B49.5",
            "count": 40,
            "created_time": "2025-01-22T20:51:11.217995Z",
            "yes_price": 67,
            "no_price": 33,
            "taker_side": "yes"
        },
        {
            "trade_id": "30a62576-a830-41b1-8841-1532f15bb727",
            "ticker": "KXHIGHAUS-25JAN22-B49.5",
            "count": 333,
            "created_time": "2025-01-22T20:51:11.217995Z",
            "yes_price": 50,
            "no_price": 50,
            "taker_side": "yes"
        },
        {
            "trade_id": "0df35c78-0c83-4dc9-8850-8564717bb757",
            "ticker": "KXHIGHAUS-25JAN22-B49.5",
            "count": 15,
            "created_time": "2025-01-22T20:50:09.391478Z",
            "yes_price": 51,
            "no_price": 49,
            "taker_side": "no"
        },
        {
            "trade_id": "eadce2c9-b2cc-44e6-8081-7ece30a6ba1e",
            "ticker": "KXHIGHAUS-25JAN22-B49.5",
            "count": 32,
            "created_time": "2025-01-22T20:49:46.491278Z",
            "yes_price": 56,
            "no_price": 44,
            "taker_side": "yes"
        },
        {
            "trade_id": "bcf30980-cc09-4d47-8ffa-474fd6fd9a4f",
            "ticker": "KXHIGHAUS-25JAN22-B49.5",
            "count": 274,
            "created_time": "2025-01-22T20:49:46.491278Z",
            "yes_price": 68,
            "no_price": 32,
            "taker_side": "yes"
        },
        {
            "trade_id": "a74662a7-0afe-4acc-aa01-c81d65049f36",
            "ticker": "KXHIGHAUS-25JAN22-B49.5",
            "count": 560,
            "created_time": "2025-01-22T20:49:46.491278Z",
            "yes_price": 64,
            "no_price": 36,
            "taker_side": "yes"
        },
        {
            "trade_id": "7ccba721-a23d-49ae-ba45-1b105d920538",
            "ticker": "KXHIGHAUS-25JAN22-B49.5",
            "count": 41,
            "created_time": "2025-01-22T20:49:46.491278Z",
            "yes_price": 63,
            "no_price": 37,
            "taker_side": "yes"
        },
        {
            "trade_id": "240c60ed-daa9-4c72-a5b9-dfb58de6520b",
            "ticker": "KXHIGHAUS-25JAN22-B49.5",
            "count": 272,
            "created_time": "2025-01-22T20:49:46.491278Z",
            "yes_price": 50,
            "no_price": 50,
            "taker_side": "yes"
        },
        {
            "trade_id": "1237ca0a-2565-4d61-a77c-264b9d1b3128",
            "ticker": "KXHIGHAUS-25JAN22-B49.5",
            "count": 131,
            "created_time": "2025-01-22T20:48:47.615377Z",
            "yes_price": 50,
            "no_price": 50,
            "taker_side": "yes"
        },
        {
            "trade_id": "0bd6bde0-beaa-4993-b8e4-326fa0eb017b",
            "ticker": "KXHIGHAUS-25JAN22-B49.5",
            "count": 46,
            "created_time": "2025-01-22T20:48:37.107531Z",
            "yes_price": 55,
            "no_price": 45,
            "taker_side": "no"
        },
        {
            "trade_id": "c5ad6c1a-8a6a-49c3-a9a2-f6ca8261e3a6",
            "ticker": "KXHIGHAUS-25JAN22-B49.5",
            "count": 1,
            "created_time": "2025-01-22T20:48:33.568108Z",
            "yes_price": 55,
            "no_price": 45,
            "taker_side": "no"
        },
        {
            "trade_id": "c50caa88-10e0-42e6-b834-3d9df4891033",
            "ticker": "KXHIGHAUS-25JAN22-B49.5",
            "count": 1,
            "created_time": "2025-01-22T20:48:33.56667Z",
            "yes_price": 55,
            "no_price": 45,
            "taker_side": "no"
        },
        {
            "trade_id": "dc0dbc38-1bc8-413a-885d-80cb715cd98d",
            "ticker": "KXHIGHAUS-25JAN22-B49.5",
            "count": 2,
            "created_time": "2025-01-22T20:48:33.356013Z",
            "yes_price": 55,
            "no_price": 45,
            "taker_side": "yes"
        },
        {
            "trade_id": "b2c85e19-0bd8-46d2-a4f2-f1487aa1a437",
            "ticker": "KXHIGHAUS-25JAN22-B49.5",
            "count": 2,
            "created_time": "2025-01-22T20:46:15.431385Z",
            "yes_price": 50,
            "no_price": 50,
            "taker_side": "no"
        },
        {
            "trade_id": "73f6b362-ca25-4596-a5df-12515c4eee26",
            "ticker": "KXHIGHAUS-25JAN22-B49.5",
            "count": 48,
            "created_time": "2025-01-22T20:46:15.431385Z",
            "yes_price": 49,
            "no_price": 51,
            "taker_side": "no"
        },
        {
            "trade_id": "fc7e9379-beaa-4100-8b78-64b1c10d2b92",
            "ticker": "KXHIGHAUS-25JAN22-B49.5",
            "count": 50,
            "created_time": "2025-01-22T20:45:13.528343Z",
            "yes_price": 49,
            "no_price": 51,
            "taker_side": "yes"
        },
        {
            "trade_id": "e919e554-675f-42be-b8e9-e948b7b4bd5a",
            "ticker": "KXHIGHAUS-25JAN22-B49.5",
            "count": 45,
            "created_time": "2025-01-22T20:45:13.528343Z",
            "yes_price": 46,
            "no_price": 54,
            "taker_side": "yes"
        },
        {
            "trade_id": "d0131df5-a66e-440e-9420-601448c4f668",
            "ticker": "KXHIGHAUS-25JAN22-B49.5",
            "count": 94,
            "created_time": "2025-01-22T20:45:13.528343Z",
            "yes_price": 49,
            "no_price": 51,
            "taker_side": "yes"
        },
        {
            "trade_id": "940bf2f7-2789-4381-b5e1-8b7b07d9bf7c",
            "ticker": "KXHIGHAUS-25JAN22-B49.5",
            "count": 4,
            "created_time": "2025-01-22T20:44:59.933952Z",
            "yes_price": 46,
            "no_price": 54,
            "taker_side": "yes"
        },
        {
            "trade_id": "76ceefd8-ca22-4304-b40e-0b95d2064a11",
            "ticker": "KXHIGHAUS-25JAN22-B49.5",
            "count": 6,
            "created_time": "2025-01-22T20:44:41.282519Z",
            "yes_price": 49,
            "no_price": 51,
            "taker_side": "yes"
        },
        {
            "trade_id": "f850e8ba-7ed3-4e64-a2d6-a6e840b029ba",
            "ticker": "KXHIGHAUS-25JAN22-B49.5",
            "count": 10,
            "created_time": "2025-01-22T20:44:31.375794Z",
            "yes_price": 48,
            "no_price": 52,
            "taker_side": "no"
        },
        {
            "trade_id": "68733e2a-0328-4fba-b243-458216292464",
            "ticker": "KXHIGHAUS-25JAN22-B49.5",
            "count": 50,
            "created_time": "2025-01-22T20:44:31.216107Z",
            "yes_price": 48,
            "no_price": 52,
            "taker_side": "yes"
        },
        {
            "trade_id": "19c95213-b4c0-456d-986e-0a13cf633a1c",
            "ticker": "KXHIGHAUS-25JAN22-B49.5",
            "count": 5,
            "created_time": "2025-01-22T20:44:31.216107Z",
            "yes_price": 48,
            "no_price": 52,
            "taker_side": "yes"
        },
        {
            "trade_id": "3b0f0ecd-9899-4a52-b994-e40ddac6c595",
            "ticker": "KXHIGHAUS-25JAN22-B49.5",
            "count": 4,
            "created_time": "2025-01-22T20:44:09.028216Z",
            "yes_price": 29,
            "no_price": 71,
            "taker_side": "yes"
        },
        {
