{
    "KXHIGHAUS-25MAY04-T78": [
        {
            "trade_id": "895a9097-3b5b-4a6d-9050-c292cb1e8ddc",
            "ticker": "KXHIGHAUS-25MAY04-T78",
            "count": 2,
            "created_time": "2025-05-04T15:50:44.563494Z",
            "yes_price": 1,
            "no_price": 99,
            "taker_side": "no"
        },
        {
            "trade_id": "bea534f3-66f2-4a3d-b9b5-571d8713258b",
            "ticker": "KXHIGHAUS-25MAY04-T78",
            "count": 7,
            "created_time": "2025-05-04T15:27:55.421412Z",
            "yes_price": 1,
            "no_price": 99,
            "taker_side": "no"
        },
        {
            "trade_id": "3bbc5d30-ac87-490c-859a-c444762c7b8c",
            "ticker": "KXHIGHAUS-25MAY04-T78",
            "count": 38,
            "created_time": "2025-05-04T15:27:55.421412Z",
            "yes_price": 1,
            "no_price": 99,
            "taker_side": "no"
        },
        {
            "trade_id": "3e11b009-1b09-47ef-881b-f90a3e567f66",
            "ticker": "KXHIGHAUS-25MAY04-T78",
            "count": 10,
            "created_time": "2025-05-04T06:11:33.075538Z",
            "yes_price": 2,
            "no_price": 98,
            "taker_side": "yes"
        }
    ],
    "KXHIGHAUS-25MAY04-B78.5": [
        {
            "trade_id": "cb48ee33-96f3-4baa-bfa9-a2041172b20e",
            "ticker": "KXHIGHAUS-25MAY04-B78.5",
            "count": 50,
            "created_time": "2025-05-04T18:24:51.376774Z",
            "yes_price": 2,
            "no_price": 98,
            "taker_side": "yes"
        },
        {
            "trade_id": "c6c42f56-4483-48f3-97d5-f0a1eae01df9",
            "ticker": "KXHIGHAUS-25MAY04-B78.5",
            "count": 50,
            "created_time": "2025-05-04T18:24:51.376774Z",
            "yes_price": 1,
            "no_price": 99,
            "taker_side": "yes"
        },
        {
            "trade_id": "44190e1f-b368-472f-b039-43b98a7d5dce",
            "ticker": "KXHIGHAUS-25MAY04-B78.5",
            "count": 23,
            "created_time": "2025-05-04T18:24:51.376774Z",
            "yes_price": 3,
            "no_price": 97,
            "taker_side": "yes"
        },
        {
            "trade_id": "426ff7db-a5da-4572-9248-cd4fe8a8f4e8",
            "ticker": "KXHIGHAUS-25MAY04-B78.5",
            "count": 50,
            "created_time": "2025-05-04T18:24:51.376774Z",
            "yes_price": 2,
            "no_price": 98,
            "taker_side": "yes"
        },
        {
            "trade_id": "31f253d0-49ff-43ae-bdb8-1c664b6d31e2",
            "ticker": "KXHIGHAUS-25MAY04-B78.5",
            "count": 50,
            "created_time": "2025-05-04T18:24:51.376774Z",
            "yes_price": 2,
            "no_price": 98,
            "taker_side": "yes"
        },
        {
            "trade_id": "2b7d566a-a082-4434-8f4d-be434a34c6ad",
            "ticker": "KXHIGHAUS-25MAY04-B78.5",
            "count": 45,
            "created_time": "2025-05-04T18:24:51.376774Z",
            "yes_price": 1,
            "no_price": 99,
            "taker_side": "yes"
        },
        {
            "trade_id": "ee09e7d9-0283-41de-a70b-15ee22e7e3dc",
            "ticker": "KXHIGHAUS-25MAY04-B78.5",
            "count": 6,
            "created_time": "2025-05-04T06:13:55.783003Z",
            "yes_price": 4,
            "no_price": 96,
            "taker_side": "yes"
        },
        {
            "trade_id": "9517c3af-481d-4a50-b309-91c7d68de209",
            "ticker": "KXHIGHAUS-25MAY04-B78.5",
            "count": 10,
            "created_time": "2025-05-04T06:11:37.974292Z",
            "yes_price": 4,
            "no_price": 96,
            "taker_side": "yes"
        },
        {
            "trade_id": "17039f56-4eb8-4b90-a64a-9c23510f4e75",
            "ticker": "KXHIGHAUS-25MAY04-B78.5",
            "count": 5,
            "created_time": "2025-05-04T04:46:45.297887Z",
            "yes_price": 4,
            "no_price": 96,
            "taker_side": "yes"
        },
        {
            "trade_id": "38095e78-3fbe-4561-b9f2-30e139eba2fe",
            "ticker": "KXHIGHAUS-25MAY04-B78.5",
            "count": 1,
            "created_time": "2025-05-04T02:05:42.632832Z",
            "yes_price": 5,
            "no_price": 95,
            "taker_side": "yes"
        },
        {
            "trade_id": "4283fefe-be55-48f5-a42f-08ae4a2f4d93",
            "ticker": "KXHIGHAUS-25MAY04-B78.5",
            "count": 50,
            "created_time": "2025-05-04T02:05:32.202205Z",
            "yes_price": 5,
            "no_price": 95,
            "taker_side": "no"
        },
        {
            "trade_id": "1287a28e-7553-46e9-b4c3-715923c41691",
            "ticker": "KXHIGHAUS-25MAY04-B78.5",
            "count": 96,
            "created_time": "2025-05-04T02:05:32.202205Z",
            "yes_price": 5,
            "no_price": 95,
            "taker_side": "no"
        },
        {
            "trade_id": "fa7047ef-9412-495c-a1e0-fb173fdd5e38",
            "ticker": "KXHIGHAUS-25MAY04-B78.5",
            "count": 119,
            "created_time": "2025-05-03T21:35:23.303585Z",
            "yes_price": 9,
            "no_price": 91,
            "taker_side": "no"
        },
        {
            "trade_id": "53875e69-40a6-457c-ae86-d7f33faf917f",
            "ticker": "KXHIGHAUS-25MAY04-B78.5",
            "count": 23,
            "created_time": "2025-05-03T21:33:28.29247Z",
            "yes_price": 9,
            "no_price": 91,
            "taker_side": "yes"
        },
        {
            "trade_id": "8ed5ad00-f923-40c8-b9a3-c4a8e6fda01d",
            "ticker": "KXHIGHAUS-25MAY04-B78.5",
            "count": 240,
            "created_time": "2025-05-03T21:33:22.244314Z",
            "yes_price": 10,
            "no_price": 90,
            "taker_side": "yes"
        }
    ],
    "KXHIGHAUS-25MAY04-B80.5": [
        {
            "trade_id": "16c6fbd3-ef10-4e9d-9dbf-135ed5c6a897",
            "ticker": "KXHIGHAUS-25MAY04-B80.5",
            "count": 9351,
            "created_time": "2025-05-04T21:16:49.425099Z",
            "yes_price": 1,
            "no_price": 99,
            "taker_side": "yes"
        },
        {
            "trade_id": "cedf7c11-74bb-4099-b42c-74da70bda891",
            "ticker": "KXHIGHAUS-25MAY04-B80.5",
            "count": 1870,
            "created_time": "2025-05-04T20:55:32.196601Z",
            "yes_price": 1,
            "no_price": 99,
            "taker_side": "yes"
        },
        {
            "trade_id": "4e648a40-6af3-4083-a405-6ccc16345845",
            "ticker": "KXHIGHAUS-25MAY04-B80.5",
            "count": 10,
            "created_time": "2025-05-04T20:40:44.72767Z",
            "yes_price": 1,
            "no_price": 99,
            "taker_side": "yes"
        },
        {
            "trade_id": "5dd9df29-8838-467b-9347-2bbaaffd4c82",
            "ticker": "KXHIGHAUS-25MAY04-B80.5",
            "count": 11,
            "created_time": "2025-05-04T19:55:08.165268Z",
            "yes_price": 1,
            "no_price": 99,
            "taker_side": "yes"
        },
        {
            "trade_id": "f101786b-4985-430b-8256-757922f328fe",
            "ticker": "KXHIGHAUS-25MAY04-B80.5",
            "count": 935,
            "created_time": "2025-05-04T19:48:19.707947Z",
            "yes_price": 1,
            "no_price": 99,
            "taker_side": "yes"
        },
        {
            "trade_id": "0bcdfe94-a6eb-4c5e-9fdc-eecbf75aa325",
            "ticker": "KXHIGHAUS-25MAY04-B80.5",
            "count": 5,
            "created_time": "2025-05-04T19:39:02.758183Z",
            "yes_price": 1,
            "no_price": 99,
            "taker_side": "yes"
        },
        {
            "trade_id": "0a069488-300b-4614-a322-53e05e981028",
            "ticker": "KXHIGHAUS-25MAY04-B80.5",
            "count": 2337,
            "created_time": "2025-05-04T19:38:14.36124Z",
            "yes_price": 1,
            "no_price": 99,
            "taker_side": "yes"
        },
        {
            "trade_id": "861a43a2-adbf-4659-b842-381d1b81a0f3",
            "ticker": "KXHIGHAUS-25MAY04-B80.5",
            "count": 100,
            "created_time": "2025-05-04T19:31:40.300632Z",
            "yes_price": 1,
            "no_price": 99,
            "taker_side": "yes"
        },
        {
            "trade_id": "4b2a459c-3b9b-42a3-af9d-9f6b5b7e4d51",
            "ticker": "KXHIGHAUS-25MAY04-B80.5",
            "count": 10,
            "created_time": "2025-05-04T19:11:27.712456Z",
            "yes_price": 1,
            "no_price": 99,
            "taker_side": "yes"
        },
        {
            "trade_id": "2d4166f8-a4a9-4296-93e6-d7ba3ab28f85",
            "ticker": "KXHIGHAUS-25MAY04-B80.5",
            "count": 50,
            "created_time": "2025-05-04T19:11:27.712456Z",
            "yes_price": 1,
            "no_price": 99,
            "taker_side": "yes"
        },
        {
            "trade_id": "ff9ef5b3-9aa0-46d4-91f7-770e94479bc8",
            "ticker": "KXHIGHAUS-25MAY04-B80.5",
            "count": 50,
            "created_time": "2025-05-04T19:09:56.461991Z",
            "yes_price": 1,
            "no_price": 99,
            "taker_side": "no"
        },
        {
            "trade_id": "4d1285d5-22f5-4bee-906a-a35a30d13598",
            "ticker": "KXHIGHAUS-25MAY04-B80.5",
            "count": 40,
            "created_time": "2025-05-04T19:09:56.461991Z",
            "yes_price": 1,
            "no_price": 99,
            "taker_side": "no"
        },
        {
            "trade_id": "00fee567-bbd9-4ac9-9513-8f5f58bb6967",
            "ticker": "KXHIGHAUS-25MAY04-B80.5",
            "count": 100,
            "created_time": "2025-05-04T19:09:51.11596Z",
            "yes_price": 1,
            "no_price": 99,
            "taker_side": "no"
        },
        {
            "trade_id": "ddb79ac1-7603-4a1c-96f0-4451c96999c9",
            "ticker": "KXHIGHAUS-25MAY04-B80.5",
            "count": 100,
            "created_time": "2025-05-04T19:09:45.364207Z",
            "yes_price": 1,
            "no_price": 99,
            "taker_side": "no"
        },
        {
            "trade_id": "6d440860-b592-4986-9429-964fbee18b88",
            "ticker": "KXHIGHAUS-25MAY04-B80.5",
            "count": 100,
            "created_time": "2025-05-04T19:09:40.140577Z",
            "yes_price": 1,
            "no_price": 99,
            "taker_side": "no"
        },
        {
            "trade_id": "1bb77037-455b-4ae4-8f2f-efe7e57cafed",
            "ticker": "KXHIGHAUS-25MAY04-B80.5",
            "count": 92,
            "created_time": "2025-05-04T19:09:34.460205Z",
            "yes_price": 2,
            "no_price": 98,
            "taker_side": "no"
        },
        {
            "trade_id": "9a13d19b-de62-470b-bc2d-8a5b01b06823",
            "ticker": "KXHIGHAUS-25MAY04-B80.5",
            "count": 49,
            "created_time": "2025-05-04T19:09:28.077106Z",
            "yes_price": 3,
            "no_price": 97,
            "taker_side": "no"
        },
        {
            "trade_id": "25a0bb22-8b5e-45aa-a180-044fb5fb518b",
            "ticker": "KXHIGHAUS-25MAY04-B80.5",
            "count": 33,
            "created_time": "2025-05-04T19:09:28.077106Z",
            "yes_price": 3,
            "no_price": 97,
            "taker_side": "no"
        },
        {
            "trade_id": "8beee9ea-79ae-41f8-9a94-0d9d2ace2265",
            "ticker": "KXHIGHAUS-25MAY04-B80.5",
            "count": 62,
            "created_time": "2025-05-04T19:03:29.991075Z",
            "yes_price": 5,
            "no_price": 95,
            "taker_side": "no"
        },
        {
            "trade_id": "583cfbb0-b381-49bf-8e08-25a30bfdfc73",
            "ticker": "KXHIGHAUS-25MAY04-B80.5",
            "count": 37,
            "created_time": "2025-05-04T19:03:29.991075Z",
            "yes_price": 4,
            "no_price": 96,
            "taker_side": "no"
        },
        {
            "trade_id": "4558ded0-bb51-4e4d-a7ab-8d87c410efe9",
            "ticker": "KXHIGHAUS-25MAY04-B80.5",
            "count": 1,
            "created_time": "2025-05-04T19:03:29.991075Z",
            "yes_price": 3,
            "no_price": 97,
            "taker_side": "no"
        },
        {
            "trade_id": "1df0674c-641b-4517-802a-21b9e8e68c78",
            "ticker": "KXHIGHAUS-25MAY04-B80.5",
            "count": 50,
            "created_time": "2025-05-04T19:03:29.991075Z",
            "yes_price": 4,
            "no_price": 96,
            "taker_side": "no"
        },
        {
            "trade_id": "9b4e5a16-c8d3-475a-87b9-d62132e136a9",
            "ticker": "KXHIGHAUS-25MAY04-B80.5",
            "count": 2,
            "created_time": "2025-05-04T18:59:45.907247Z",
            "yes_price": 6,
            "no_price": 94,
            "taker_side": "no"
        },
        {
            "trade_id": "2a4a0604-bd3d-4d19-9212-a79996339985",
            "ticker": "KXHIGHAUS-25MAY04-B80.5",
            "count": 1,
            "created_time": "2025-05-04T18:57:26.913702Z",
            "yes_price": 6,
            "no_price": 94,
            "taker_side": "no"
        },
        {
            "trade_id": "7154569d-9ef6-4a44-a5b7-71cd115101d9",
            "ticker": "KXHIGHAUS-25MAY04-B80.5",
            "count": 30,
            "created_time": "2025-05-04T18:49:10.351867Z",
            "yes_price": 5,
            "no_price": 95,
            "taker_side": "no"
        },
        {
            "trade_id": "ffcb3d11-6e12-4c72-8ad5-949d0c8905b2",
            "ticker": "KXHIGHAUS-25MAY04-B80.5",
            "count": 30,
            "created_time": "2025-05-04T18:49:05.020328Z",
            "yes_price": 6,
            "no_price": 94,
            "taker_side": "no"
        },
        {
            "trade_id": "0bc57d69-bfab-426f-9456-8eb27be11738",
            "ticker": "KXHIGHAUS-25MAY04-B80.5",
            "count": 30,
            "created_time": "2025-05-04T18:48:58.377742Z",
            "yes_price": 5,
            "no_price": 95,
            "taker_side": "no"
        },
        {
            "trade_id": "90b23cda-3fc3-427c-8170-6b8aabdd8d9c",
            "ticker": "KXHIGHAUS-25MAY04-B80.5",
            "count": 30,
            "created_time": "2025-05-04T18:48:52.189763Z",
            "yes_price": 5,
            "no_price": 95,
            "taker_side": "no"
        },
        {
            "trade_id": "8adf774c-74fc-4c81-a516-73957a43b01e",
            "ticker": "KXHIGHAUS-25MAY04-B80.5",
            "count": 30,
            "created_time": "2025-05-04T18:48:46.076827Z",
            "yes_price": 5,
            "no_price": 95,
            "taker_side": "no"
        },
        {
            "trade_id": "09bf8ca7-3398-4091-9ea2-16b9b586f6ea",
            "ticker": "KXHIGHAUS-25MAY04-B80.5",
            "count": 10,
            "created_time": "2025-05-04T18:48:36.12513Z",
            "yes_price": 5,
            "no_price": 95,
            "taker_side": "no"
        },
        {
            "trade_id": "1116d935-3396-4d04-a6b4-a1426bc2f5f0",
            "ticker": "KXHIGHAUS-25MAY04-B80.5",
            "count": 10,
            "created_time": "2025-05-04T18:48:29.907048Z",
            "yes_price": 6,
            "no_price": 94,
            "taker_side": "no"
        },
        {
            "trade_id": "c21a6849-3854-40d0-8e09-e64d0201ac78",
            "ticker": "KXHIGHAUS-25MAY04-B80.5",
            "count": 50,
            "created_time": "2025-05-04T18:45:51.948285Z",
            "yes_price": 7,
            "no_price": 93,
            "taker_side": "no"
        },
        {
            "trade_id": "a424f55e-0186-4e8a-ac2e-00667c0e7efb",
            "ticker": "KXHIGHAUS-25MAY04-B80.5",
            "count": 39,
            "created_time": "2025-05-04T18:45:51.948285Z",
            "yes_price": 6,
            "no_price": 94,
            "taker_side": "no"
        },
        {
            "trade_id": "07f71686-07c9-43e5-8f9d-d1d67528fcbe",
            "ticker": "KXHIGHAUS-25MAY04-B80.5",
            "count": 8,
            "created_time": "2025-05-04T18:45:51.948285Z",
            "yes_price": 5,
            "no_price": 95,
            "taker_side": "no"
        },
        {
            "trade_id": "10d2bcff-c7d8-4396-b78e-972eb14f176a",
            "ticker": "KXHIGHAUS-25MAY04-B80.5",
            "count": 10,
            "created_time": "2025-05-04T18:41:34.820819Z",
            "yes_price": 6,
            "no_price": 94,
            "taker_side": "no"
        },
        {
            "trade_id": "e65de631-f3da-4600-b129-886bfded4cbf",
            "ticker": "KXHIGHAUS-25MAY04-B80.5",
            "count": 2,
            "created_time": "2025-05-04T18:41:29.584256Z",
            "yes_price": 7,
            "no_price": 93,
            "taker_side": "no"
        },
        {
            "trade_id": "634fabe8-edaf-472d-a233-03a576401937",
            "ticker": "KXHIGHAUS-25MAY04-B80.5",
            "count": 8,
            "created_time": "2025-05-04T18:41:29.584256Z",
            "yes_price": 7,
            "no_price": 93,
            "taker_side": "no"
        },
        {
            "trade_id": "494d6ba0-0d5f-4db4-bd1e-eb399849c376",
            "ticker": "KXHIGHAUS-25MAY04-B80.5",
            "count": 10,
            "created_time": "2025-05-04T18:41:23.342229Z",
            "yes_price": 7,
            "no_price": 93,
            "taker_side": "no"
        },
        {
            "trade_id": "98d31680-e5ca-4c9e-9e4f-14a712c6e046",
            "ticker": "KXHIGHAUS-25MAY04-B80.5",
            "count": 41,
            "created_time": "2025-05-04T18:40:53.68242Z",
            "yes_price": 8,
            "no_price": 92,
            "taker_side": "no"
        },
        {
            "trade_id": "5a97fea4-fce9-4b7e-80fd-4d3406440e3b",
            "ticker": "KXHIGHAUS-25MAY04-B80.5",
            "count": 50,
            "created_time": "2025-05-04T18:40:39.771186Z",
            "yes_price": 9,
            "no_price": 91,
            "taker_side": "no"
        },
        {
            "trade_id": "e72c4db9-d84b-4f8c-94cc-2ad8874556b2",
            "ticker": "KXHIGHAUS-25MAY04-B80.5",
            "count": 29,
            "created_time": "2025-05-04T18:39:16.974629Z",
            "yes_price": 16,
            "no_price": 84,
            "taker_side": "yes"
        },
        {
            "trade_id": "a26dee3a-52ee-446a-b85a-42657f6aed21",
            "ticker": "KXHIGHAUS-25MAY04-B80.5",
            "count": 19,
            "created_time": "2025-05-04T18:38:23.602466Z",
            "yes_price": 8,
            "no_price": 92,
            "taker_side": "no"
        },
        {
            "trade_id": "82754f68-8818-4ef9-b52c-421ea1177252",
            "ticker": "KXHIGHAUS-25MAY04-B80.5",
            "count": 14,
            "created_time": "2025-05-04T18:35:15.970932Z",
            "yes_price": 8,
            "no_price": 92,
            "taker_side": "no"
        },
        {
            "trade_id": "c87792d0-83d5-42d6-85a0-d7f4b9b4acc7",
            "ticker": "KXHIGHAUS-25MAY04-B80.5",
            "count": 10,
            "created_time": "2025-05-04T17:55:06.737811Z",
            "yes_price": 13,
            "no_price": 87,
            "taker_side": "yes"
        },
        {
            "trade_id": "6841e9d5-e206-419d-8371-470a9a2092eb",
            "ticker": "KXHIGHAUS-25MAY04-B80.5",
            "count": 3,
            "created_time": "2025-05-04T17:54:23.076053Z",
            "yes_price": 11,
            "no_price": 89,
            "taker_side": "yes"
        },
        {
            "trade_id": "10d16d01-9e73-4e0c-8fbe-8e06fca7774d",
            "ticker": "KXHIGHAUS-25MAY04-B80.5",
            "count": 1,
            "created_time": "2025-05-04T17:54:23.076053Z",
            "yes_price": 11,
            "no_price": 89,
            "taker_side": "yes"
        },
        {
            "trade_id": "e61bf714-8a00-4d38-8c81-06554b7a6d2a",
            "ticker": "KXHIGHAUS-25MAY04-B80.5",
            "count": 40,
            "created_time": "2025-05-04T17:27:24.430585Z",
            "yes_price": 15,
            "no_price": 85,
            "taker_side": "yes"
        },
        {
            "trade_id": "89568526-8f14-4023-845b-dc2a7896e10d",
            "ticker": "KXHIGHAUS-25MAY04-B80.5",
            "count": 10,
            "created_time": "2025-05-04T17:27:24.430585Z",
            "yes_price": 16,
            "no_price": 84,
            "taker_side": "yes"
        },
        {
            "trade_id": "76ebcbee-c852-4da6-aaa7-989fe77b3503",
            "ticker": "KXHIGHAUS-25MAY04-B80.5",
            "count": 11,
            "created_time": "2025-05-04T17:09:52.888641Z",
            "yes_price": 8,
            "no_price": 92,
            "taker_side": "no"
        },
        {
            "trade_id": "9d9bf8f9-70d4-4ea9-8f2a-4ea6a666c2d8",
            "ticker": "KXHIGHAUS-25MAY04-B80.5",
            "count": 11,
            "created_time": "2025-05-04T17:01:33.808532Z",
            "yes_price": 6,
            "no_price": 94,
            "taker_side": "no"
        },
        {
            "trade_id": "70618200-bf30-4dcf-a432-091f0cd8c7b3",
            "ticker": "KXHIGHAUS-25MAY04-B80.5",
            "count": 49,
            "created_time": "2025-05-04T17:01:33.808532Z",
            "yes_price": 10,
            "no_price": 90,
            "taker_side": "no"
        },
        {
            "trade_id": "33618dfa-85f0-4842-ac63-515336bc75b8",
            "ticker": "KXHIGHAUS-25MAY04-B80.5",
            "count": 50,
            "created_time": "2025-05-04T17:01:33.808532Z",
            "yes_price": 11,
            "no_price": 89,
            "taker_side": "no"
        },
        {
            "trade_id": "d11e425d-65e7-4c20-b1c0-6a3d7bfadac6",
            "ticker": "KXHIGHAUS-25MAY04-B80.5",
            "count": 1,
            "created_time": "2025-05-04T16:46:28.125397Z",
            "yes_price": 15,
            "no_price": 85,
            "taker_side": "no"
        },
        {
            "trade_id": "0e6607df-a363-4d9d-b0df-77eb69c259b0",
            "ticker": "KXHIGHAUS-25MAY04-B80.5",
            "count": 1,
            "created_time": "2025-05-04T16:46:28.125397Z",
            "yes_price": 16,
            "no_price": 84,
            "taker_side": "no"
        },
        {
            "trade_id": "b13499c5-a066-4695-b3bd-d22d7f9efa6a",
            "ticker": "KXHIGHAUS-25MAY04-B80.5",
            "count": 5,
            "created_time": "2025-05-04T16:35:54.018095Z",
            "yes_price": 17,
            "no_price": 83,
            "taker_side": "yes"
        },
        {
            "trade_id": "93858c08-ec76-44ff-942c-0ffc709b630b",
            "ticker": "KXHIGHAUS-25MAY04-B80.5",
            "count": 1,
            "created_time": "2025-05-04T16:29:51.791284Z",
            "yes_price": 16,
            "no_price": 84,
            "taker_side": "no"
        },
        {
            "trade_id": "e6688eb3-5fcf-4810-bea3-b5761dbe3c27",
            "ticker": "KXHIGHAUS-25MAY04-B80.5",
            "count": 50,
            "created_time": "2025-05-04T16:13:39.765832Z",
            "yes_price": 17,
            "no_price": 83,
            "taker_side": "yes"
        },
        {
            "trade_id": "ccbd3819-1819-4018-8fa7-dee0d5ee91c7",
            "ticker": "KXHIGHAUS-25MAY04-B80.5",
            "count": 6,
            "created_time": "2025-05-04T16:13:39.765832Z",
            "yes_price": 18,
            "no_price": 82,
            "taker_side": "yes"
        },
        {
            "trade_id": "5dfc5a39-6425-4da0-a7f3-8b0508f88acd",
            "ticker": "KXHIGHAUS-25MAY04-B80.5",
            "count": 3,
            "created_time": "2025-05-04T16:13:39.765832Z",
            "yes_price": 17,
            "no_price": 83,
            "taker_side": "yes"
        },
        {
            "trade_id": "da2be2bb-56a9-498b-83bb-2614e2a5838c",
            "ticker": "KXHIGHAUS-25MAY04-B80.5",
            "count": 1,
            "created_time": "2025-05-04T16:11:14.532444Z",
            "yes_price": 16,
            "no_price": 84,
            "taker_side": "yes"
        },
        {
            "trade_id": "22035178-50c8-41ca-9104-a8b9d25dd9f2",
            "ticker": "KXHIGHAUS-25MAY04-B80.5",
            "count": 15,
            "created_time": "2025-05-04T16:11:14.532444Z",
            "yes_price": 17,
            "no_price": 83,
            "taker_side": "yes"
        },
        {
            "trade_id": "3e2a67ae-31ae-4d90-9054-6a9b81bdd224",
            "ticker": "KXHIGHAUS-25MAY04-B80.5",
            "count": 8,
            "created_time": "2025-05-04T16:03:07.809555Z",
            "yes_price": 13,
            "no_price": 87,
            "taker_side": "no"
        },
        {
            "trade_id": "ab7818c8-b8af-45a9-84bc-28fc58dd0d3f",
            "ticker": "KXHIGHAUS-25MAY04-B80.5",
            "count": 12,
            "created_time": "2025-05-04T16:02:56.295663Z",
            "yes_price": 14,
            "no_price": 86,
            "taker_side": "no"
        },
        {
            "trade_id": "f8e0469b-0e3f-49ff-89e6-d43a758af3ca",
            "ticker": "KXHIGHAUS-25MAY04-B80.5",
            "count": 5,
            "created_time": "2025-05-04T15:44:09.603366Z",
            "yes_price": 17,
            "no_price": 83,
            "taker_side": "yes"
        },
        {
            "trade_id": "6abc08db-78cb-4f51-b573-577a924a686e",
            "ticker": "KXHIGHAUS-25MAY04-B80.5",
            "count": 1,
            "created_time": "2025-05-04T15:44:09.603366Z",
            "yes_price": 16,
            "no_price": 84,
            "taker_side": "yes"
        },
        {
            "trade_id": "913325ae-e531-4f1e-bc09-dbe1830240b2",
            "ticker": "KXHIGHAUS-25MAY04-B80.5",
            "count": 2,
            "created_time": "2025-05-04T15:15:51.802949Z",
            "yes_price": 15,
            "no_price": 85,
            "taker_side": "no"
        },
        {
            "trade_id": "af44ab3c-2523-44a8-b7fd-78c4414be922",
            "ticker": "KXHIGHAUS-25MAY04-B80.5",
            "count": 6,
            "created_time": "2025-05-04T15:11:23.707665Z",
            "yes_price": 15,
            "no_price": 85,
            "taker_side": "yes"
        },
        {
            "trade_id": "3e7224b4-ad3c-4ff6-a668-ef32dd169d19",
            "ticker": "KXHIGHAUS-25MAY04-B80.5",
            "count": 2,
            "created_time": "2025-05-04T15:01:07.521253Z",
            "yes_price": 15,
            "no_price": 85,
            "taker_side": "no"
        },
        {
            "trade_id": "c00e0906-2455-4ebe-b174-b2002dbefebe",
            "ticker": "KXHIGHAUS-25MAY04-B80.5",
            "count": 1,
            "created_time": "2025-05-04T14:58:02.624626Z",
            "yes_price": 16,
            "no_price": 84,
            "taker_side": "no"
        },
        {
            "trade_id": "aa4e8b17-728d-41b6-8f66-24871e657142",
            "ticker": "KXHIGHAUS-25MAY04-B80.5",
            "count": 1,
            "created_time": "2025-05-04T14:45:02.09776Z",
            "yes_price": 15,
            "no_price": 85,
            "taker_side": "yes"
        },
        {
            "trade_id": "a79ffdf7-407f-4111-b1e3-aa93376ec6b9",
            "ticker": "KXHIGHAUS-25MAY04-B80.5",
            "count": 2,
            "created_time": "2025-05-04T14:45:02.09776Z",
            "yes_price": 16,
            "no_price": 84,
            "taker_side": "yes"
        },
        {
            "trade_id": "303333a0-9766-4a5d-b695-51eef5ba203d",
            "ticker": "KXHIGHAUS-25MAY04-B80.5",
            "count": 2,
            "created_time": "2025-05-04T14:45:02.09776Z",
            "yes_price": 17,
            "no_price": 83,
            "taker_side": "yes"
        },
        {
            "trade_id": "9f93d901-d5e0-47ec-b5de-239cda48bffc",
            "ticker": "KXHIGHAUS-25MAY04-B80.5",
            "count": 1,
            "created_time": "2025-05-04T14:33:23.325856Z",
            "yes_price": 15,
            "no_price": 85,
            "taker_side": "no"
        },
        {
            "trade_id": "6f47f08d-6734-4c06-b5a5-23b64d44910a",
            "ticker": "KXHIGHAUS-25MAY04-B80.5",
            "count": 112,
            "created_time": "2025-05-04T14:33:23.325856Z",
            "yes_price": 14,
            "no_price": 86,
            "taker_side": "no"
        },
        {
            "trade_id": "1575ff8b-cba4-42ec-a9ec-7c4c4a42c76b",
            "ticker": "KXHIGHAUS-25MAY04-B80.5",
            "count": 2,
            "created_time": "2025-05-04T14:33:23.325856Z",
            "yes_price": 14,
            "no_price": 86,
            "taker_side": "no"
        },
        {
            "trade_id": "a96539f6-2c72-4970-8fb2-c4173f162245",
            "ticker": "KXHIGHAUS-25MAY04-B80.5",
            "count": 17,
            "created_time": "2025-05-04T14:31:08.511734Z",
            "yes_price": 17,
            "no_price": 83,
            "taker_side": "yes"
        },
        {
            "trade_id": "49d9ca97-f542-4669-8499-f102480a347e",
            "ticker": "KXHIGHAUS-25MAY04-B80.5",
            "count": 10,
            "created_time": "2025-05-04T14:31:08.511734Z",
            "yes_price": 17,
            "no_price": 83,
            "taker_side": "yes"
        },
        {
            "trade_id": "5121cd90-2365-43e1-abe2-f34ae8531f3e",
            "ticker": "KXHIGHAUS-25MAY04-B80.5",
            "count": 16,
            "created_time": "2025-05-04T14:20:05.231004Z",
            "yes_price": 15,
            "no_price": 85,
            "taker_side": "no"
        },
        {
            "trade_id": "954c1f94-fece-4414-b7bb-6cc50f45bd50",
            "ticker": "KXHIGHAUS-25MAY04-B80.5",
            "count": 2,
            "created_time": "2025-05-04T14:06:35.902694Z",
            "yes_price": 15,
            "no_price": 85,
            "taker_side": "no"
        },
        {
            "trade_id": "1f6dd437-52c8-428e-9149-9850cb9863b4",
            "ticker": "KXHIGHAUS-25MAY04-B80.5",
            "count": 14,
            "created_time": "2025-05-04T14:06:35.902694Z",
            "yes_price": 15,
            "no_price": 85,
            "taker_side": "no"
        },
        {
            "trade_id": "94780ffa-d8e7-4394-bd15-fbafd3cfcde6",
            "ticker": "KXHIGHAUS-25MAY04-B80.5",
            "count": 377,
            "created_time": "2025-05-04T13:58:59.924183Z",
            "yes_price": 15,
            "no_price": 85,
            "taker_side": "no"
        },
        {
            "trade_id": "8ad8cd8d-fdbb-4073-8db0-dd43966f2ed5",
            "ticker": "KXHIGHAUS-25MAY04-B80.5",
            "count": 1,
            "created_time": "2025-05-04T13:58:59.924183Z",
            "yes_price": 16,
            "no_price": 84,
            "taker_side": "no"
        },
        {
            "trade_id": "2ee1534f-13e1-4411-bb83-3b0b46436932",
            "ticker": "KXHIGHAUS-25MAY04-B80.5",
            "count": 1,
            "created_time": "2025-05-04T13:58:59.924183Z",
            "yes_price": 16,
            "no_price": 84,
            "taker_side": "no"
        },
        {
            "trade_id": "f58a0c58-d72e-4a94-8aee-cecc4f1d75a2",
            "ticker": "KXHIGHAUS-25MAY04-B80.5",
            "count": 2,
            "created_time": "2025-05-04T13:13:35.662721Z",
            "yes_price": 17,
            "no_price": 83,
            "taker_side": "yes"
        },
        {
            "trade_id": "f39e4b37-4ac7-40b9-8c31-f5adfda73a50",
            "ticker": "KXHIGHAUS-25MAY04-B80.5",
            "count": 117,
            "created_time": "2025-05-04T13:13:35.662721Z",
            "yes_price": 18,
            "no_price": 82,
            "taker_side": "yes"
        },
        {
            "trade_id": "76343117-cd13-4797-8a16-fe011c025c79",
            "ticker": "KXHIGHAUS-25MAY04-B80.5",
            "count": 4,
            "created_time": "2025-05-04T13:13:35.662721Z",
            "yes_price": 17,
            "no_price": 83,
            "taker_side": "yes"
        },
        {
            "trade_id": "6cf7f00f-fb5f-4a9c-82d7-7948888414fa",
            "ticker": "KXHIGHAUS-25MAY04-B80.5",
            "count": 1,
            "created_time": "2025-05-04T13:12:18.821687Z",
            "yes_price": 17,
            "no_price": 83,
            "taker_side": "yes"
        },
        {
            "trade_id": "a0d85858-450b-4e50-b2fb-d75dadbe4ef5",
            "ticker": "KXHIGHAUS-25MAY04-B80.5",
            "count": 50,
            "created_time": "2025-05-04T13:10:09.871106Z",
            "yes_price": 17,
            "no_price": 83,
            "taker_side": "no"
        },
        {
            "trade_id": "458dbbcd-65d4-4d1c-8bbd-b779fda0291a",
            "ticker": "KXHIGHAUS-25MAY04-B80.5",
            "count": 19,
            "created_time": "2025-05-04T13:10:09.871106Z",
            "yes_price": 17,
            "no_price": 83,
            "taker_side": "no"
        },
        {
            "trade_id": "2cc14c73-b6e7-4209-9050-3488864a4434",
            "ticker": "KXHIGHAUS-25MAY04-B80.5",
            "count": 6,
            "created_time": "2025-05-04T13:10:09.871106Z",
            "yes_price": 17,
            "no_price": 83,
            "taker_side": "no"
        },
        {
            "trade_id": "ea5482de-1493-4d61-a18a-e1925bf6a128",
            "ticker": "KXHIGHAUS-25MAY04-B80.5",
            "count": 10,
            "created_time": "2025-05-04T13:08:22.278929Z",
            "yes_price": 17,
            "no_price": 83,
            "taker_side": "no"
        },
        {
            "trade_id": "53ea07fc-1af6-4e03-a203-6c634aa8b4a3",
            "ticker": "KXHIGHAUS-25MAY04-B80.5",
            "count": 2,
            "created_time": "2025-05-04T13:08:03.264783Z",
            "yes_price": 17,
            "no_price": 83,
            "taker_side": "no"
        },
        {
            "trade_id": "ee4fe81f-0f84-4590-a4f0-bbffe9852e99",
            "ticker": "KXHIGHAUS-25MAY04-B80.5",
            "count": 2,
            "created_time": "2025-05-04T13:04:48.241998Z",
            "yes_price": 17,
            "no_price": 83,
            "taker_side": "yes"
        },
        {
            "trade_id": "c954d043-4170-43ae-b0b0-b46d6b124e02",
            "ticker": "KXHIGHAUS-25MAY04-B80.5",
            "count": 1,
            "created_time": "2025-05-04T12:29:47.502729Z",
            "yes_price": 18,
            "no_price": 82,
            "taker_side": "no"
        },
        {
            "trade_id": "d5c2d47e-892a-48f4-8546-3f9288e12158",
            "ticker": "KXHIGHAUS-25MAY04-B80.5",
            "count": 2,
            "created_time": "2025-05-04T12:18:34.531289Z",
            "yes_price": 18,
            "no_price": 82,
            "taker_side": "no"
        },
        {
            "trade_id": "7e2b2aaf-bf94-43c2-b7b0-20dc171348ca",
            "ticker": "KXHIGHAUS-25MAY04-B80.5",
            "count": 203,
            "created_time": "2025-05-04T12:03:34.911607Z",
            "yes_price": 18,
            "no_price": 82,
            "taker_side": "no"
        },
        {
            "trade_id": "77a7218e-3315-4602-b329-71f594c44d6a",
            "ticker": "KXHIGHAUS-25MAY04-B80.5",
            "count": 38,
            "created_time": "2025-05-04T12:03:34.911607Z",
            "yes_price": 20,
            "no_price": 80,
            "taker_side": "no"
        },
        {
            "trade_id": "b67ef2a1-f138-4e9a-bfd5-39051e9209ce",
            "ticker": "KXHIGHAUS-25MAY04-B80.5",
            "count": 2,
            "created_time": "2025-05-04T12:02:26.033126Z",
            "yes_price": 20,
            "no_price": 80,
            "taker_side": "yes"
        },
        {
            "trade_id": "db7181fb-18e0-4f2a-adbc-8a0469b68dac",
            "ticker": "KXHIGHAUS-25MAY04-B80.5",
            "count": 3,
            "created_time": "2025-05-04T12:00:33.933521Z",
            "yes_price": 19,
            "no_price": 81,
            "taker_side": "yes"
        },
        {
            "trade_id": "36558e4f-820c-4570-b324-45d7dcd470dc",
            "ticker": "KXHIGHAUS-25MAY04-B80.5",
            "count": 16,
            "created_time": "2025-05-04T06:59:32.496349Z",
            "yes_price": 21,
            "no_price": 79,
            "taker_side": "no"
        },
        {
            "trade_id": "3b0d8527-3327-421a-8638-268f01f56f3f",
            "ticker": "KXHIGHAUS-25MAY04-B80.5",
            "count": 5,
            "created_time": "2025-05-04T06:58:40.679645Z",
            "yes_price": 22,
            "no_price": 78,
            "taker_side": "no"
        },
        {
            "trade_id": "f5920039-b910-4721-881e-5d78a960bba1",
            "ticker": "KXHIGHAUS-25MAY04-B80.5",
            "count": 94,
            "created_time": "2025-05-04T06:31:12.431845Z",
            "yes_price": 24,
            "no_price": 76,
            "taker_side": "yes"
        },
        {
            "trade_id": "c49253eb-0809-48a8-a452-8b9157a2f12b",
            "ticker": "KXHIGHAUS-25MAY04-B80.5",
            "count": 156,
            "created_time": "2025-05-04T06:31:12.431845Z",
            "yes_price": 25,
            "no_price": 75,
            "taker_side": "yes"
        },
        {
            "trade_id": "f2cbd30b-bd40-4631-8d0e-46cb74bdb6ab",
            "ticker": "KXHIGHAUS-25MAY04-B80.5",
            "count": 56,
            "created_time": "2025-05-04T05:58:07.678795Z",
            "yes_price": 24,
            "no_price": 76,
            "taker_side": "yes"
        },
        {
            "trade_id": "4f324b43-05bb-4154-8bb0-2047e26b63ba",
            "ticker": "KXHIGHAUS-25MAY04-B80.5",
            "count": 20,
            "created_time": "2025-05-04T05:30:37.336218Z",
            "yes_price": 23,
            "no_price": 77,
            "taker_side": "yes"
        },
        {
            "trade_id": "1e2f3929-d070-42c9-bed4-06250680cef6",
            "ticker": "KXHIGHAUS-25MAY04-B80.5",
            "count": 103,
            "created_time": "2025-05-04T03:39:22.112796Z",
            "yes_price": 24,
            "no_price": 76,
            "taker_side": "yes"
        },
        {
            "trade_id": "63f8fac1-ce8f-477f-95ae-a20d614f400e",
            "ticker": "KXHIGHAUS-25MAY04-B80.5",
            "count": 102,
            "created_time": "2025-05-04T03:36:21.822844Z",
            "yes_price": 24,
            "no_price": 76,
            "taker_side": "yes"
        },
        {
            "trade_id": "d651c83f-e5d9-421d-afaf-ee8b77d277a8",
            "ticker": "KXHIGHAUS-25MAY04-B80.5",
            "count": 12,
            "created_time": "2025-05-04T03:33:21.124619Z",
            "yes_price": 24,
            "no_price": 76,
            "taker_side": "yes"
        },
        {
            "trade_id": "836dd411-ecb4-4966-9c74-2ef30ab9edd8",
            "ticker": "KXHIGHAUS-25MAY04-B80.5",
            "count": 19,
            "created_time": "2025-05-04T03:19:10.067312Z",
            "yes_price": 25,
            "no_price": 75,
            "taker_side": "yes"
        },
        {
            "trade_id": "4329de49-65e0-412e-abe4-c0139dbe1409",
            "ticker": "KXHIGHAUS-25MAY04-B80.5",
            "count": 60,
            "created_time": "2025-05-04T03:10:23.60599Z",
            "yes_price": 24,
            "no_price": 76,
            "taker_side": "no"
        },
        {
            "trade_id": "66b041d2-acbf-4392-8b5d-66c2ea9c50d0",
            "ticker": "KXHIGHAUS-25MAY04-B80.5",
            "count": 25,
            "created_time": "2025-05-04T03:04:40.14186Z",
            "yes_price": 25,
            "no_price": 75,
            "taker_side": "yes"
        },
        {
            "trade_id": "ea4cc9fd-3343-4b46-9238-2af18ccafa19",
            "ticker": "KXHIGHAUS-25MAY04-B80.5",
            "count": 47,
            "created_time": "2025-05-04T02:34:17.210341Z",
            "yes_price": 27,
            "no_price": 73,
            "taker_side": "yes"
        },
        {
            "trade_id": "3eb08016-ef1e-4b2e-92b2-3eea0057514a",
            "ticker": "KXHIGHAUS-25MAY04-B80.5",
            "count": 22,
            "created_time": "2025-05-04T02:34:17.210341Z",
            "yes_price": 27,
            "no_price": 73,
            "taker_side": "yes"
        },
        {
            "trade_id": "f511fbfd-48d9-471a-bed2-24aec06d2557",
            "ticker": "KXHIGHAUS-25MAY04-B80.5",
            "count": 2,
            "created_time": "2025-05-04T02:33:11.567409Z",
            "yes_price": 24,
            "no_price": 76,
            "taker_side": "yes"
        },
        {
            "trade_id": "e0212a9a-66db-4b9f-a5bc-b9d542af8df2",
            "ticker": "KXHIGHAUS-25MAY04-B80.5",
            "count": 20,
            "created_time": "2025-05-04T02:33:11.567409Z",
            "yes_price": 25,
            "no_price": 75,
            "taker_side": "yes"
        },
        {
            "trade_id": "d3b3de91-f782-4d70-9669-1892508c0cd8",
            "ticker": "KXHIGHAUS-25MAY04-B80.5",
            "count": 7,
            "created_time": "2025-05-04T02:13:07.426113Z",
            "yes_price": 27,
            "no_price": 73,
            "taker_side": "yes"
        },
        {
            "trade_id": "f6b891a9-5425-4d32-a768-895c33716da2",
            "ticker": "KXHIGHAUS-25MAY04-B80.5",
            "count": 28,
            "created_time": "2025-05-04T02:05:37.184266Z",
            "yes_price": 26,
            "no_price": 74,
            "taker_side": "yes"
        },
        {
            "trade_id": "d0cd806a-3c9b-4c3c-bc0d-fdd858bb9523",
            "ticker": "KXHIGHAUS-25MAY04-B80.5",
            "count": 88,
            "created_time": "2025-05-04T02:05:07.461905Z",
            "yes_price": 26,
            "no_price": 74,
            "taker_side": "no"
        },
        {
            "trade_id": "d39c185a-a747-4b24-a32c-be79989b7111",
            "ticker": "KXHIGHAUS-25MAY04-B80.5",
            "count": 25,
            "created_time": "2025-05-04T02:01:58.101528Z",
            "yes_price": 27,
            "no_price": 73,
            "taker_side": "no"
        },
        {
            "trade_id": "915c72e2-4cf5-42c5-a5af-625f0ff2d0f7",
            "ticker": "KXHIGHAUS-25MAY04-B80.5",
            "count": 300,
            "created_time": "2025-05-04T02:01:43.736305Z",
            "yes_price": 28,
            "no_price": 72,
            "taker_side": "no"
        },
        {
            "trade_id": "8598c864-3d7a-4622-9ee4-ecbc6f541f64",
            "ticker": "KXHIGHAUS-25MAY04-B80.5",
            "count": 40,
            "created_time": "2025-05-04T02:01:43.736305Z",
            "yes_price": 28,
            "no_price": 72,
            "taker_side": "no"
        },
        {
            "trade_id": "450feec5-f45f-47a1-b7b9-c548070f701f",
            "ticker": "KXHIGHAUS-25MAY04-B80.5",
            "count": 103,
            "created_time": "2025-05-04T02:01:43.736305Z",
            "yes_price": 28,
            "no_price": 72,
            "taker_side": "no"
        },
        {
            "trade_id": "194cbf8e-9e02-4808-872e-b3c71f22c6c8",
            "ticker": "KXHIGHAUS-25MAY04-B80.5",
            "count": 9,
            "created_time": "2025-05-04T02:01:43.736305Z",
            "yes_price": 29,
            "no_price": 71,
            "taker_side": "no"
        },
        {
            "trade_id": "fcfd597b-37aa-47bd-86a0-b5153eb9ad34",
            "ticker": "KXHIGHAUS-25MAY04-B80.5",
            "count": 64,
            "created_time": "2025-05-04T01:34:33.321412Z",
            "yes_price": 29,
            "no_price": 71,
            "taker_side": "yes"
        },
        {
            "trade_id": "da4e0d48-d866-4d37-95b7-72f25c0768af",
            "ticker": "KXHIGHAUS-25MAY04-B80.5",
            "count": 33,
            "created_time": "2025-05-04T01:34:33.321412Z",
            "yes_price": 30,
            "no_price": 70,
            "taker_side": "yes"
        },
        {
            "trade_id": "56c338e3-fa1b-436d-affc-6a26a4e5d725",
            "ticker": "KXHIGHAUS-25MAY04-B80.5",
            "count": 63,
            "created_time": "2025-05-04T01:06:35.652152Z",
            "yes_price": 29,
            "no_price": 71,
            "taker_side": "no"
        },
        {
            "trade_id": "8403ca7f-1a18-4d9d-9c3a-3393082a4d21",
            "ticker": "KXHIGHAUS-25MAY04-B80.5",
            "count": 10,
            "created_time": "2025-05-04T00:23:58.784649Z",
            "yes_price": 29,
            "no_price": 71,
            "taker_side": "yes"
        },
        {
            "trade_id": "972adbe5-5f32-4de9-abfd-bb15e7dbb85b",
            "ticker": "KXHIGHAUS-25MAY04-B80.5",
            "count": 3,
            "created_time": "2025-05-04T00:15:16.344711Z",
            "yes_price": 29,
            "no_price": 71,
            "taker_side": "no"
        },
        {
            "trade_id": "b30c1057-fc2c-453d-a90e-7557d28bb1e8",
            "ticker": "KXHIGHAUS-25MAY04-B80.5",
            "count": 27,
            "created_time": "2025-05-04T00:14:22.476051Z",
            "yes_price": 29,
            "no_price": 71,
            "taker_side": "no"
        },
        {
            "trade_id": "5de0e202-2e67-4f46-9b9c-319059ae40e8",
            "ticker": "KXHIGHAUS-25MAY04-B80.5",
            "count": 9,
            "created_time": "2025-05-04T00:10:23.251744Z",
            "yes_price": 29,
            "no_price": 71,
            "taker_side": "no"
        },
        {
            "trade_id": "d1827552-4694-4438-81b4-e53b68ebbed3",
            "ticker": "KXHIGHAUS-25MAY04-B80.5",
            "count": 1,
            "created_time": "2025-05-04T00:10:12.060588Z",
            "yes_price": 29,
            "no_price": 71,
            "taker_side": "yes"
        },
        {
            "trade_id": "c0f7f389-212b-466c-8084-f40d5b300946",
            "ticker": "KXHIGHAUS-25MAY04-B80.5",
            "count": 64,
            "created_time": "2025-05-04T00:10:12.060588Z",
            "yes_price": 29,
            "no_price": 71,
            "taker_side": "yes"
        },
        {
            "trade_id": "22315612-bb34-41f1-8c56-88c6fc4f7656",
            "ticker": "KXHIGHAUS-25MAY04-B80.5",
            "count": 46,
            "created_time": "2025-05-04T00:10:12.060588Z",
            "yes_price": 29,
            "no_price": 71,
            "taker_side": "yes"
        },
        {
            "trade_id": "3064b05a-7e84-4d7b-b0d5-756c75ea124e",
            "ticker": "KXHIGHAUS-25MAY04-B80.5",
            "count": 95,
            "created_time": "2025-05-03T23:54:26.393639Z",
            "yes_price": 29,
            "no_price": 71,
            "taker_side": "no"
        },
        {
            "trade_id": "dc5cce54-f3bb-477c-a22c-c028a579a010",
            "ticker": "KXHIGHAUS-25MAY04-B80.5",
            "count": 4,
            "created_time": "2025-05-03T23:54:00.564248Z",
            "yes_price": 29,
            "no_price": 71,
            "taker_side": "yes"
        },
        {
            "trade_id": "c50001b5-bec3-4cf8-80c6-53de59b63052",
            "ticker": "KXHIGHAUS-25MAY04-B80.5",
            "count": 45,
            "created_time": "2025-05-03T23:54:00.564248Z",
            "yes_price": 29,
            "no_price": 71,
            "taker_side": "yes"
        },
        {
            "trade_id": "1dd1bc40-7ae4-43be-999e-34ae6cfa4fb3",
            "ticker": "KXHIGHAUS-25MAY04-B80.5",
            "count": 28,
            "created_time": "2025-05-03T23:36:27.582598Z",
            "yes_price": 31,
            "no_price": 69,
            "taker_side": "no"
        },
        {
            "trade_id": "365c0155-6371-4f22-a2b2-6da6534491c0",
            "ticker": "KXHIGHAUS-25MAY04-B80.5",
            "count": 5,
            "created_time": "2025-05-03T23:36:21.35354Z",
            "yes_price": 31,
            "no_price": 69,
            "taker_side": "no"
        },
        {
            "trade_id": "149034db-ffdf-4bcd-8f58-88a2e6e86112",
            "ticker": "KXHIGHAUS-25MAY04-B80.5",
            "count": 50,
            "created_time": "2025-05-03T23:36:21.35354Z",
            "yes_price": 32,
            "no_price": 68,
            "taker_side": "no"
        },
        {
            "trade_id": "92f2f3a0-fdae-440e-9741-3e972abb0ca5",
            "ticker": "KXHIGHAUS-25MAY04-B80.5",
            "count": 14,
            "created_time": "2025-05-03T23:27:55.438444Z",
            "yes_price": 38,
            "no_price": 62,
            "taker_side": "yes"
        },
        {
            "trade_id": "7ae3a179-a1d4-4ea1-8640-0761dc0daf90",
            "ticker": "KXHIGHAUS-25MAY04-B80.5",
            "count": 16,
            "created_time": "2025-05-03T23:27:55.438444Z",
            "yes_price": 38,
            "no_price": 62,
            "taker_side": "yes"
        },
        {
            "trade_id": "b222e525-3494-41e4-8cff-0abe0b587f20",
            "ticker": "KXHIGHAUS-25MAY04-B80.5",
            "count": 5,
            "created_time": "2025-05-03T23:12:50.802997Z",
            "yes_price": 37,
            "no_price": 63,
            "taker_side": "yes"
        },
        {
            "trade_id": "93b2737b-5e4a-4cd0-9bad-06413704da43",
            "ticker": "KXHIGHAUS-25MAY04-B80.5",
            "count": 3,
            "created_time": "2025-05-03T22:54:31.580509Z",
            "yes_price": 24,
            "no_price": 76,
            "taker_side": "no"
        },
        {
            "trade_id": "272fdaa1-09b8-4282-a0f1-9147cbb25112",
            "ticker": "KXHIGHAUS-25MAY04-B80.5",
            "count": 2,
            "created_time": "2025-05-03T22:54:31.580509Z",
            "yes_price": 24,
            "no_price": 76,
            "taker_side": "no"
        },
        {
            "trade_id": "1f21a9be-c71f-4fc7-b175-25743fb4b71f",
            "ticker": "KXHIGHAUS-25MAY04-B80.5",
            "count": 54,
            "created_time": "2025-05-03T22:54:31.580509Z",
            "yes_price": 23,
            "no_price": 77,
            "taker_side": "no"
        },
        {
            "trade_id": "3d5efaf6-6bb9-41af-aee4-2cf4bfd509dc",
            "ticker": "KXHIGHAUS-25MAY04-B80.5",
            "count": 14,
            "created_time": "2025-05-03T20:34:45.345531Z",
            "yes_price": 28,
            "no_price": 72,
            "taker_side": "yes"
        }
    ],
    "KXHIGHAUS-25MAY04-B82.5": [
        {
            "trade_id": "683dd16a-475b-49e4-8deb-83eaedf414ed",
            "ticker": "KXHIGHAUS-25MAY04-B82.5",
            "count": 1,
            "created_time": "2025-05-05T01:15:05.945628Z",
            "yes_price": 1,
            "no_price": 99,
            "taker_side": "yes"
        },
        {
            "trade_id": "e32780b4-90dc-4f71-858b-58495143000a",
            "ticker": "KXHIGHAUS-25MAY04-B82.5",
            "count": 337,
            "created_time": "2025-05-04T21:18:39.625933Z",
            "yes_price": 1,
            "no_price": 99,
            "taker_side": "yes"
        },
        {
            "trade_id": "d53f3861-f6e9-43f5-9ea3-be16e885dba6",
            "ticker": "KXHIGHAUS-25MAY04-B82.5",
            "count": 173,
            "created_time": "2025-05-04T21:18:39.625933Z",
            "yes_price": 1,
            "no_price": 99,
            "taker_side": "yes"
        },
        {
            "trade_id": "845e9c18-7a00-47af-93e2-b4caa833e981",
            "ticker": "KXHIGHAUS-25MAY04-B82.5",
            "count": 9351,
            "created_time": "2025-05-04T21:15:17.931398Z",
            "yes_price": 1,
            "no_price": 99,
            "taker_side": "yes"
        },
        {
            "trade_id": "8eb66d60-40ad-47be-b37a-e4d71d14ac54",
            "ticker": "KXHIGHAUS-25MAY04-B82.5",
            "count": 1870,
            "created_time": "2025-05-04T20:59:57.084317Z",
            "yes_price": 1,
            "no_price": 99,
            "taker_side": "yes"
        },
        {
            "trade_id": "f69a9cfd-6071-4b9e-868a-b26b0d143129",
            "ticker": "KXHIGHAUS-25MAY04-B82.5",
            "count": 93,
            "created_time": "2025-05-04T20:42:00.283648Z",
            "yes_price": 1,
            "no_price": 99,
            "taker_side": "yes"
        },
        {
            "trade_id": "cf4dedad-3327-48f8-9413-0da026ccf620",
            "ticker": "KXHIGHAUS-25MAY04-B82.5",
            "count": 10,
            "created_time": "2025-05-04T20:40:44.650819Z",
            "yes_price": 1,
            "no_price": 99,
            "taker_side": "yes"
        },
        {
            "trade_id": "03182c17-fc33-496f-bdf0-af503fc6012b",
            "ticker": "KXHIGHAUS-25MAY04-B82.5",
            "count": 200,
            "created_time": "2025-05-04T20:39:56.415487Z",
            "yes_price": 1,
            "no_price": 99,
            "taker_side": "yes"
        },
        {
            "trade_id": "ab2846e7-1f58-46a1-bdd9-563c1b10d54d",
            "ticker": "KXHIGHAUS-25MAY04-B82.5",
            "count": 2,
            "created_time": "2025-05-04T20:34:47.496338Z",
            "yes_price": 1,
            "no_price": 99,
            "taker_side": "yes"
        },
        {
            "trade_id": "628979a0-733f-4085-bf97-b3bda6490e1d",
            "ticker": "KXHIGHAUS-25MAY04-B82.5",
            "count": 40,
            "created_time": "2025-05-04T20:32:54.83866Z",
            "yes_price": 2,
            "no_price": 98,
            "taker_side": "no"
        },
        {
            "trade_id": "099be52d-caba-4da2-9e34-018bf842ec45",
            "ticker": "KXHIGHAUS-25MAY04-B82.5",
            "count": 97,
            "created_time": "2025-05-04T20:32:54.83866Z",
            "yes_price": 1,
            "no_price": 99,
            "taker_side": "no"
        },
        {
            "trade_id": "f6213f54-f11f-458b-a925-aa2763723efd",
            "ticker": "KXHIGHAUS-25MAY04-B82.5",
            "count": 58,
            "created_time": "2025-05-04T20:25:58.429942Z",
            "yes_price": 9,
            "no_price": 91,
            "taker_side": "yes"
        },
        {
            "trade_id": "3d9fd1b8-7894-4d85-b368-f5191cee71e1",
            "ticker": "KXHIGHAUS-25MAY04-B82.5",
            "count": 40,
            "created_time": "2025-05-04T20:25:58.429942Z",
            "yes_price": 8,
            "no_price": 92,
            "taker_side": "yes"
        },
        {
            "trade_id": "8696e3e4-c0b6-4f29-a6dc-6ba25996857c",
            "ticker": "KXHIGHAUS-25MAY04-B82.5",
            "count": 100,
            "created_time": "2025-05-04T20:25:45.785232Z",
            "yes_price": 1,
            "no_price": 99,
            "taker_side": "no"
        },
        {
            "trade_id": "2b5d81da-ab48-43d9-83fe-858202f088fb",
            "ticker": "KXHIGHAUS-25MAY04-B82.5",
            "count": 1,
            "created_time": "2025-05-04T20:25:12.157504Z",
            "yes_price": 1,
            "no_price": 99,
            "taker_side": "no"
        },
        {
            "trade_id": "ef08f1b0-6d6d-4c99-a8ac-bb06073452d7",
            "ticker": "KXHIGHAUS-25MAY04-B82.5",
            "count": 200,
            "created_time": "2025-05-04T20:24:55.526257Z",
            "yes_price": 8,
            "no_price": 92,
            "taker_side": "no"
        },
        {
            "trade_id": "e3b2eb6d-ea72-40d5-ad74-24180b656d00",
            "ticker": "KXHIGHAUS-25MAY04-B82.5",
            "count": 320,
            "created_time": "2025-05-04T20:24:30.521505Z",
            "yes_price": 10,
            "no_price": 90,
            "taker_side": "yes"
        },
        {
            "trade_id": "d09907d8-9f34-4c1e-97ba-c6fb914a26ee",
            "ticker": "KXHIGHAUS-25MAY04-B82.5",
            "count": 24,
            "created_time": "2025-05-04T20:23:37.116938Z",
            "yes_price": 10,
            "no_price": 90,
            "taker_side": "yes"
        },
        {
            "trade_id": "92248c7e-96ab-4a44-b218-3fc335fa774b",
            "ticker": "KXHIGHAUS-25MAY04-B82.5",
            "count": 6,
            "created_time": "2025-05-04T20:23:16.528762Z",
            "yes_price": 9,
            "no_price": 91,
            "taker_side": "yes"
        },
        {
            "trade_id": "3bae907f-d331-4f54-8a47-7f1e256b4e55",
            "ticker": "KXHIGHAUS-25MAY04-B82.5",
            "count": 1,
            "created_time": "2025-05-04T20:22:16.062107Z",
            "yes_price": 1,
            "no_price": 99,
            "taker_side": "no"
        },
        {
            "trade_id": "71d57b5f-f7a4-4197-88fb-5f2864361e06",
            "ticker": "KXHIGHAUS-25MAY04-B82.5",
            "count": 1,
            "created_time": "2025-05-04T20:21:30.254211Z",
            "yes_price": 1,
            "no_price": 99,
            "taker_side": "no"
        },
        {
            "trade_id": "cacce135-61d3-4c56-9253-4547e70ebceb",
            "ticker": "KXHIGHAUS-25MAY04-B82.5",
            "count": 5,
            "created_time": "2025-05-04T20:17:10.195099Z",
            "yes_price": 10,
            "no_price": 90,
            "taker_side": "yes"
        },
        {
            "trade_id": "ce4fd55e-839c-4b48-8ccc-990db80cffb4",
            "ticker": "KXHIGHAUS-25MAY04-B82.5",
            "count": 99,
            "created_time": "2025-05-04T20:16:33.950188Z",
            "yes_price": 2,
            "no_price": 98,
            "taker_side": "yes"
        },
        {
            "trade_id": "a45b66e3-49d0-4d14-83ab-0bd43ec9e188",
            "ticker": "KXHIGHAUS-25MAY04-B82.5",
            "count": 40,
            "created_time": "2025-05-04T20:15:09.637748Z",
            "yes_price": 14,
            "no_price": 86,
            "taker_side": "no"
        },
        {
            "trade_id": "68932f57-0be9-4706-a0f3-e28fa8fb9dd4",
            "ticker": "KXHIGHAUS-25MAY04-B82.5",
            "count": 50,
            "created_time": "2025-05-04T20:15:09.637748Z",
            "yes_price": 11,
            "no_price": 89,
            "taker_side": "no"
        },
        {
            "trade_id": "26b03d51-0aad-427a-9270-c5d4eca6acd7",
            "ticker": "KXHIGHAUS-25MAY04-B82.5",
            "count": 60,
            "created_time": "2025-05-04T20:15:09.637748Z",
            "yes_price": 13,
            "no_price": 87,
            "taker_side": "no"
        },
        {
            "trade_id": "c59cab81-e0dd-4cdc-b860-057af8968dd4",
            "ticker": "KXHIGHAUS-25MAY04-B82.5",
            "count": 65,
            "created_time": "2025-05-04T20:11:52.214014Z",
            "yes_price": 21,
            "no_price": 79,
            "taker_side": "no"
        },
        {
            "trade_id": "8eb36217-856a-491f-902f-b5c35032d049",
            "ticker": "KXHIGHAUS-25MAY04-B82.5",
            "count": 40,
            "created_time": "2025-05-04T20:11:52.214014Z",
            "yes_price": 21,
            "no_price": 79,
            "taker_side": "no"
        },
        {
            "trade_id": "8de3a718-782c-4954-8e30-0a2471ea377a",
            "ticker": "KXHIGHAUS-25MAY04-B82.5",
            "count": 67,
            "created_time": "2025-05-04T20:10:06.899715Z",
            "yes_price": 31,
            "no_price": 69,
            "taker_side": "no"
        },
        {
            "trade_id": "7e0608ea-c6a1-42ef-99c0-26f496313362",
            "ticker": "KXHIGHAUS-25MAY04-B82.5",
            "count": 20,
            "created_time": "2025-05-04T20:10:06.899715Z",
            "yes_price": 36,
            "no_price": 64,
            "taker_side": "no"
        },
        {
            "trade_id": "692c4c05-f641-4dbf-9b11-9aed2938a2f8",
            "ticker": "KXHIGHAUS-25MAY04-B82.5",
            "count": 40,
            "created_time": "2025-05-04T20:10:06.899715Z",
            "yes_price": 37,
            "no_price": 63,
            "taker_side": "no"
        },
        {
            "trade_id": "096031d6-1525-44e2-8184-60f86b8236e7",
            "ticker": "KXHIGHAUS-25MAY04-B82.5",
            "count": 11,
            "created_time": "2025-05-04T20:10:06.899715Z",
            "yes_price": 32,
            "no_price": 68,
            "taker_side": "no"
        },
        {
            "trade_id": "1ea930b1-a060-4e92-836a-3d9b5a561172",
            "ticker": "KXHIGHAUS-25MAY04-B82.5",
            "count": 34,
            "created_time": "2025-05-04T20:03:22.201157Z",
            "yes_price": 49,
            "no_price": 51,
            "taker_side": "no"
        },
        {
            "trade_id": "a425bbc4-401f-4b39-aa9f-bb589a1c2630",
            "ticker": "KXHIGHAUS-25MAY04-B82.5",
            "count": 6,
            "created_time": "2025-05-04T20:01:28.423874Z",
            "yes_price": 37,
            "no_price": 63,
            "taker_side": "no"
        },
        {
            "trade_id": "f35daac3-8969-4c6a-851e-283d3568867e",
            "ticker": "KXHIGHAUS-25MAY04-B82.5",
            "count": 15,
            "created_time": "2025-05-04T19:57:37.495253Z",
            "yes_price": 62,
            "no_price": 38,
            "taker_side": "yes"
        },
        {
            "trade_id": "a0cf4c1f-67fc-4292-98d5-dfea533d7f4d",
            "ticker": "KXHIGHAUS-25MAY04-B82.5",
            "count": 21,
            "created_time": "2025-05-04T19:50:28.985669Z",
            "yes_price": 44,
            "no_price": 56,
            "taker_side": "yes"
        },
        {
            "trade_id": "b44432d4-32d2-4da8-a52b-f00e398be605",
            "ticker": "KXHIGHAUS-25MAY04-B82.5",
            "count": 2,
            "created_time": "2025-05-04T19:49:05.417226Z",
            "yes_price": 38,
            "no_price": 62,
            "taker_side": "no"
        },
        {
            "trade_id": "377b11ff-a17c-4470-b4d8-95f3d06ec240",
            "ticker": "KXHIGHAUS-25MAY04-B82.5",
            "count": 28,
            "created_time": "2025-05-04T19:49:05.417226Z",
            "yes_price": 38,
            "no_price": 62,
            "taker_side": "no"
        },
        {
            "trade_id": "4ebdc01e-a5a3-47f5-818b-099e09340f4c",
            "ticker": "KXHIGHAUS-25MAY04-B82.5",
            "count": 5,
            "created_time": "2025-05-04T19:44:03.645115Z",
            "yes_price": 34,
            "no_price": 66,
            "taker_side": "yes"
        },
        {
            "trade_id": "a528a0d5-48f6-4261-97b1-7a32d1898e5c",
            "ticker": "KXHIGHAUS-25MAY04-B82.5",
            "count": 17,
            "created_time": "2025-05-04T19:44:03.086854Z",
            "yes_price": 35,
            "no_price": 65,
            "taker_side": "no"
        },
        {
            "trade_id": "8d20b755-839f-4dfb-964f-45a2f755f159",
            "ticker": "KXHIGHAUS-25MAY04-B82.5",
            "count": 27,
            "created_time": "2025-05-04T19:43:19.139944Z",
            "yes_price": 41,
            "no_price": 59,
            "taker_side": "no"
        },
        {
            "trade_id": "ed9f5d8c-38dc-4e9b-a4b0-1086e72ebfe6",
            "ticker": "KXHIGHAUS-25MAY04-B82.5",
            "count": 2,
            "created_time": "2025-05-04T19:40:51.655178Z",
            "yes_price": 52,
            "no_price": 48,
            "taker_side": "yes"
        },
        {
            "trade_id": "b9117000-fe87-4b77-8841-93ac70e861e1",
            "ticker": "KXHIGHAUS-25MAY04-B82.5",
            "count": 7,
            "created_time": "2025-05-04T19:40:51.655178Z",
            "yes_price": 53,
            "no_price": 47,
            "taker_side": "yes"
        },
        {
            "trade_id": "bb85e568-f5e7-4e91-9327-d0a6ff230d1d",
            "ticker": "KXHIGHAUS-25MAY04-B82.5",
            "count": 2,
            "created_time": "2025-05-04T19:18:54.788028Z",
            "yes_price": 38,
            "no_price": 62,
            "taker_side": "no"
        },
        {
            "trade_id": "24d9ab8d-c22e-4165-a805-36b7f4275cb1",
            "ticker": "KXHIGHAUS-25MAY04-B82.5",
            "count": 50,
            "created_time": "2025-05-04T19:17:17.383392Z",
            "yes_price": 37,
            "no_price": 63,
            "taker_side": "no"
        },
        {
            "trade_id": "eef66447-778e-49af-b4be-08865522786d",
            "ticker": "KXHIGHAUS-25MAY04-B82.5",
            "count": 100,
            "created_time": "2025-05-04T19:17:09.327908Z",
            "yes_price": 37,
            "no_price": 63,
            "taker_side": "no"
        },
        {
            "trade_id": "2544ec0d-4715-4346-a5f2-b4e9627d4678",
            "ticker": "KXHIGHAUS-25MAY04-B82.5",
            "count": 3,
            "created_time": "2025-05-04T19:16:56.703871Z",
            "yes_price": 38,
            "no_price": 62,
            "taker_side": "yes"
        },
        {
            "trade_id": "921c380f-c142-47e7-a478-ca912ced54de",
            "ticker": "KXHIGHAUS-25MAY04-B82.5",
            "count": 100,
            "created_time": "2025-05-04T19:16:51.458828Z",
            "yes_price": 37,
            "no_price": 63,
            "taker_side": "no"
        },
        {
            "trade_id": "35d9e1c6-ba73-4b8b-8da8-2cb26924f638",
            "ticker": "KXHIGHAUS-25MAY04-B82.5",
            "count": 100,
            "created_time": "2025-05-04T19:16:46.283035Z",
            "yes_price": 37,
            "no_price": 63,
            "taker_side": "no"
        },
        {
            "trade_id": "5395599d-b599-4361-b830-cc2d45b99ede",
            "ticker": "KXHIGHAUS-25MAY04-B82.5",
            "count": 3,
            "created_time": "2025-05-04T19:16:41.309163Z",
            "yes_price": 38,
            "no_price": 62,
            "taker_side": "no"
        },
        {
            "trade_id": "8eada893-518f-4490-a30e-fc2b7d11be35",
            "ticker": "KXHIGHAUS-25MAY04-B82.5",
            "count": 16,
            "created_time": "2025-05-04T19:16:35.378067Z",
            "yes_price": 39,
            "no_price": 61,
            "taker_side": "yes"
        },
        {
            "trade_id": "97a9276e-f82d-4edd-a6e5-6151e3ad0698",
            "ticker": "KXHIGHAUS-25MAY04-B82.5",
            "count": 5,
            "created_time": "2025-05-04T19:16:35.182627Z",
            "yes_price": 39,
            "no_price": 61,
            "taker_side": "no"
        },
        {
            "trade_id": "b601065a-c06a-4e28-b69c-4ab4668ef18c",
            "ticker": "KXHIGHAUS-25MAY04-B82.5",
            "count": 20,
            "created_time": "2025-05-04T19:16:15.445335Z",
            "yes_price": 45,
            "no_price": 55,
            "taker_side": "yes"
        },
        {
            "trade_id": "3e0a890b-a7d8-43aa-96e9-519cd00263e1",
            "ticker": "KXHIGHAUS-25MAY04-B82.5",
            "count": 18,
            "created_time": "2025-05-04T19:16:15.119163Z",
            "yes_price": 45,
            "no_price": 55,
            "taker_side": "no"
        },
        {
            "trade_id": "03be359f-f372-4306-baa4-08aa46f7de8f",
            "ticker": "KXHIGHAUS-25MAY04-B82.5",
            "count": 61,
            "created_time": "2025-05-04T19:15:50.860816Z",
            "yes_price": 49,
            "no_price": 51,
            "taker_side": "yes"
        },
        {
            "trade_id": "b82464ec-55ea-4734-adda-569cb9df3e1c",
            "ticker": "KXHIGHAUS-25MAY04-B82.5",
            "count": 24,
            "created_time": "2025-05-04T19:15:50.812617Z",
            "yes_price": 49,
            "no_price": 51,
            "taker_side": "no"
        },
        {
            "trade_id": "b284dbf0-3954-49fc-8226-d65012907688",
            "ticker": "KXHIGHAUS-25MAY04-B82.5",
            "count": 11,
            "created_time": "2025-05-04T19:09:26.567393Z",
            "yes_price": 59,
            "no_price": 41,
            "taker_side": "yes"
        },
        {
            "trade_id": "dcdb1992-665d-46c3-8f12-4a23e1f38448",
            "ticker": "KXHIGHAUS-25MAY04-B82.5",
            "count": 1,
            "created_time": "2025-05-04T18:59:31.973228Z",
            "yes_price": 55,
            "no_price": 45,
            "taker_side": "yes"
        },
        {
            "trade_id": "0ba23aeb-7370-462e-b550-82e775525376",
            "ticker": "KXHIGHAUS-25MAY04-B82.5",
            "count": 24,
            "created_time": "2025-05-04T18:57:58.564808Z",
            "yes_price": 55,
            "no_price": 45,
            "taker_side": "yes"
        },
        {
            "trade_id": "6a8bcd89-5c8b-456d-a0ca-ab6882214f9c",
            "ticker": "KXHIGHAUS-25MAY04-B82.5",
            "count": 1,
            "created_time": "2025-05-04T18:55:50.144477Z",
            "yes_price": 58,
            "no_price": 42,
            "taker_side": "yes"
        },
        {
            "trade_id": "a3c59602-227c-4b30-9da6-5874b983e99b",
            "ticker": "KXHIGHAUS-25MAY04-B82.5",
            "count": 1,
            "created_time": "2025-05-04T18:43:23.955175Z",
            "yes_price": 52,
            "no_price": 48,
            "taker_side": "yes"
        },
        {
            "trade_id": "423d8afe-26e2-4348-84de-999c9a03e05f",
            "ticker": "KXHIGHAUS-25MAY04-B82.5",
            "count": 9,
            "created_time": "2025-05-04T18:43:23.955175Z",
            "yes_price": 53,
            "no_price": 47,
            "taker_side": "yes"
        },
        {
            "trade_id": "28dac487-2c11-474a-afff-15df439835fd",
            "ticker": "KXHIGHAUS-25MAY04-B82.5",
            "count": 18,
            "created_time": "2025-05-04T18:39:15.809801Z",
            "yes_price": 51,
            "no_price": 49,
            "taker_side": "yes"
        },
        {
            "trade_id": "9e8d320c-5ba7-40cf-9692-1d1d37e7f1f1",
            "ticker": "KXHIGHAUS-25MAY04-B82.5",
            "count": 22,
            "created_time": "2025-05-04T18:18:25.1712Z",
            "yes_price": 57,
            "no_price": 43,
            "taker_side": "yes"
        },
        {
            "trade_id": "7072fb1a-1cb3-410a-9c75-5ccceb68e030",
            "ticker": "KXHIGHAUS-25MAY04-B82.5",
            "count": 102,
            "created_time": "2025-05-04T17:26:39.214104Z",
            "yes_price": 48,
            "no_price": 52,
            "taker_side": "no"
        },
        {
            "trade_id": "f07b91ff-20fb-4f0f-a58c-ba57d8ad8046",
            "ticker": "KXHIGHAUS-25MAY04-B82.5",
            "count": 7,
            "created_time": "2025-05-04T17:03:53.014085Z",
            "yes_price": 52,
            "no_price": 48,
            "taker_side": "yes"
        },
        {
            "trade_id": "5dab06b5-f1c1-48be-ad35-7b18b3be4382",
            "ticker": "KXHIGHAUS-25MAY04-B82.5",
            "count": 40,
            "created_time": "2025-05-04T17:03:53.014085Z",
            "yes_price": 51,
            "no_price": 49,
            "taker_side": "yes"
        },
        {
            "trade_id": "a9e3ac3c-1fd4-45e0-8c77-007b5709ae58",
            "ticker": "KXHIGHAUS-25MAY04-B82.5",
            "count": 1,
            "created_time": "2025-05-04T16:59:23.34626Z",
            "yes_price": 49,
            "no_price": 51,
            "taker_side": "yes"
        },
        {
            "trade_id": "a418d863-55ea-4e51-b720-a8e5e789f6e8",
            "ticker": "KXHIGHAUS-25MAY04-B82.5",
            "count": 18,
            "created_time": "2025-05-04T16:59:23.34626Z",
            "yes_price": 49,
            "no_price": 51,
            "taker_side": "yes"
        },
        {
            "trade_id": "a71a1c54-3fb4-47d5-b9d0-2eaf109aca19",
            "ticker": "KXHIGHAUS-25MAY04-B82.5",
            "count": 30,
            "created_time": "2025-05-04T16:41:37.791275Z",
            "yes_price": 48,
            "no_price": 52,
            "taker_side": "no"
        },
        {
            "trade_id": "0beee264-8c5a-41c6-b0c4-f6a6dd6061f8",
            "ticker": "KXHIGHAUS-25MAY04-B82.5",
            "count": 18,
            "created_time": "2025-05-04T16:24:41.488486Z",
            "yes_price": 48,
            "no_price": 52,
            "taker_side": "yes"
        },
        {
            "trade_id": "059fbb4a-28a2-41f8-ac09-7f75fc2c9763",
            "ticker": "KXHIGHAUS-25MAY04-B82.5",
            "count": 2,
            "created_time": "2025-05-04T16:24:41.488486Z",
            "yes_price": 48,
            "no_price": 52,
            "taker_side": "yes"
        },
        {
            "trade_id": "43af1144-3c1a-459f-9852-0ce3722d50f3",
            "ticker": "KXHIGHAUS-25MAY04-B82.5",
            "count": 2,
            "created_time": "2025-05-04T16:13:25.636717Z",
            "yes_price": 48,
            "no_price": 52,
            "taker_side": "yes"
        },
        {
            "trade_id": "f042c14f-c053-4e7b-8bdd-190c3478a7da",
            "ticker": "KXHIGHAUS-25MAY04-B82.5",
            "count": 2,
            "created_time": "2025-05-04T15:54:51.027697Z",
            "yes_price": 47,
            "no_price": 53,
            "taker_side": "no"
        },
        {
            "trade_id": "1eb97dfa-0ea2-41a4-ab8f-9bfc9bc8027b",
            "ticker": "KXHIGHAUS-25MAY04-B82.5",
            "count": 29,
            "created_time": "2025-05-04T15:54:51.027697Z",
            "yes_price": 46,
            "no_price": 54,
            "taker_side": "no"
        },
        {
            "trade_id": "5a69a3af-fee4-44f8-8e57-611d1fc87e97",
            "ticker": "KXHIGHAUS-25MAY04-B82.5",
            "count": 2,
            "created_time": "2025-05-04T15:45:05.760296Z",
            "yes_price": 48,
            "no_price": 52,
            "taker_side": "no"
        },
        {
            "trade_id": "b0d5a5dc-ba9e-42bf-b205-2cdc26332117",
            "ticker": "KXHIGHAUS-25MAY04-B82.5",
            "count": 8,
            "created_time": "2025-05-04T15:43:45.385848Z",
            "yes_price": 48,
            "no_price": 52,
            "taker_side": "yes"
        },
        {
            "trade_id": "01b8591f-4114-4945-8338-0e1389ef219e",
            "ticker": "KXHIGHAUS-25MAY04-B82.5",
            "count": 2,
            "created_time": "2025-05-04T15:43:45.385848Z",
            "yes_price": 47,
            "no_price": 53,
            "taker_side": "yes"
        },
        {
            "trade_id": "6fb676a9-8599-4a6c-bdc7-d8c6ca417830",
            "ticker": "KXHIGHAUS-25MAY04-B82.5",
            "count": 6,
            "created_time": "2025-05-04T15:04:43.712019Z",
            "yes_price": 47,
            "no_price": 53,
            "taker_side": "yes"
        },
        {
            "trade_id": "06311de3-25bf-4981-86fb-730161c7f1ee",
            "ticker": "KXHIGHAUS-25MAY04-B82.5",
            "count": 41,
            "created_time": "2025-05-04T14:33:49.989785Z",
            "yes_price": 47,
            "no_price": 53,
            "taker_side": "yes"
        },
        {
            "trade_id": "bcdf336d-ca40-4867-899a-fdd9d89063cf",
            "ticker": "KXHIGHAUS-25MAY04-B82.5",
            "count": 49,
            "created_time": "2025-05-04T14:33:26.503725Z",
            "yes_price": 46,
            "no_price": 54,
            "taker_side": "yes"
        },
        {
            "trade_id": "d6df1136-f76e-4fa8-af22-cd0d2b11fae9",
            "ticker": "KXHIGHAUS-25MAY04-B82.5",
            "count": 1,
            "created_time": "2025-05-04T14:33:25.775988Z",
            "yes_price": 46,
            "no_price": 54,
            "taker_side": "no"
        },
        {
            "trade_id": "cbd931d1-adc3-461b-9118-d8d11e9fe6c9",
            "ticker": "KXHIGHAUS-25MAY04-B82.5",
            "count": 2,
            "created_time": "2025-05-04T13:59:08.701467Z",
            "yes_price": 46,
            "no_price": 54,
            "taker_side": "no"
        },
        {
            "trade_id": "076eda66-9050-4897-8899-7f6ab82ebe50",
            "ticker": "KXHIGHAUS-25MAY04-B82.5",
            "count": 1,
            "created_time": "2025-05-04T13:57:32.279353Z",
            "yes_price": 47,
            "no_price": 53,
            "taker_side": "no"
        },
        {
            "trade_id": "9e81c013-613c-403c-9166-0da43ed1f3a0",
            "ticker": "KXHIGHAUS-25MAY04-B82.5",
            "count": 50,
            "created_time": "2025-05-04T13:49:03.856165Z",
            "yes_price": 48,
            "no_price": 52,
            "taker_side": "yes"
        },
        {
            "trade_id": "3cd38546-f262-4a8d-a361-299299aa9ad0",
            "ticker": "KXHIGHAUS-25MAY04-B82.5",
            "count": 50,
            "created_time": "2025-05-04T13:49:03.856165Z",
            "yes_price": 48,
            "no_price": 52,
            "taker_side": "yes"
        },
        {
            "trade_id": "7654fce9-88b1-4bea-a392-57602f3134e9",
            "ticker": "KXHIGHAUS-25MAY04-B82.5",
            "count": 10,
            "created_time": "2025-05-04T13:42:19.653209Z",
            "yes_price": 47,
            "no_price": 53,
            "taker_side": "yes"
        },
        {
            "trade_id": "7356b286-20ca-48a0-bdd1-178aab769a72",
            "ticker": "KXHIGHAUS-25MAY04-B82.5",
            "count": 3,
            "created_time": "2025-05-04T13:42:19.653209Z",
            "yes_price": 47,
            "no_price": 53,
            "taker_side": "yes"
        },
        {
            "trade_id": "2c0ebf63-36f1-43fe-b01e-935058481eca",
            "ticker": "KXHIGHAUS-25MAY04-B82.5",
            "count": 5,
            "created_time": "2025-05-04T13:34:09.432546Z",
            "yes_price": 47,
            "no_price": 53,
            "taker_side": "no"
        },
        {
            "trade_id": "aa68517c-41f0-4f24-b682-4f1d62bbbc98",
            "ticker": "KXHIGHAUS-25MAY04-B82.5",
            "count": 2,
            "created_time": "2025-05-04T13:34:02.493332Z",
            "yes_price": 48,
            "no_price": 52,
            "taker_side": "yes"
        },
        {
            "trade_id": "11b493b3-1a50-4d23-98b0-ebd93c6ef2f6",
            "ticker": "KXHIGHAUS-25MAY04-B82.5",
            "count": 16,
            "created_time": "2025-05-04T13:34:02.493332Z",
            "yes_price": 48,
            "no_price": 52,
            "taker_side": "yes"
        },
        {
            "trade_id": "fe9d73df-c3a8-4b83-a545-9a5621e9fa19",
            "ticker": "KXHIGHAUS-25MAY04-B82.5",
            "count": 10,
            "created_time": "2025-05-04T13:33:15.745541Z",
            "yes_price": 48,
            "no_price": 52,
            "taker_side": "yes"
        },
        {
            "trade_id": "2a12eb31-6c69-4f01-ab58-b324e94da0f0",
            "ticker": "KXHIGHAUS-25MAY04-B82.5",
            "count": 3,
            "created_time": "2025-05-04T13:30:25.393813Z",
            "yes_price": 47,
            "no_price": 53,
            "taker_side": "yes"
        },
        {
            "trade_id": "37876e11-40de-4aff-b124-0eab410c7e8e",
            "ticker": "KXHIGHAUS-25MAY04-B82.5",
            "count": 10,
            "created_time": "2025-05-04T13:14:50.771711Z",
            "yes_price": 46,
            "no_price": 54,
            "taker_side": "no"
        },
        {
            "trade_id": "6832b8ea-3823-4d1d-a04c-9b9a5f600b39",
            "ticker": "KXHIGHAUS-25MAY04-B82.5",
            "count": 2,
            "created_time": "2025-05-04T13:08:18.447951Z",
            "yes_price": 47,
            "no_price": 53,
            "taker_side": "no"
        },
        {
            "trade_id": "7b4d7e9f-c756-4d76-bc7d-00945a608304",
            "ticker": "KXHIGHAUS-25MAY04-B82.5",
            "count": 19,
            "created_time": "2025-05-04T13:08:03.654061Z",
            "yes_price": 47,
            "no_price": 53,
            "taker_side": "no"
        },
        {
            "trade_id": "1639045d-f7b3-44b8-8da6-886adc710635",
            "ticker": "KXHIGHAUS-25MAY04-B82.5",
            "count": 119,
            "created_time": "2025-05-04T13:05:15.090988Z",
            "yes_price": 47,
            "no_price": 53,
            "taker_side": "no"
        },
        {
            "trade_id": "90152e05-abe1-47a7-b932-bfd147761bf4",
            "ticker": "KXHIGHAUS-25MAY04-B82.5",
            "count": 48,
            "created_time": "2025-05-04T13:04:45.813026Z",
            "yes_price": 48,
            "no_price": 52,
            "taker_side": "no"
        },
        {
            "trade_id": "7f5032ab-0188-4ef6-819d-e7896cd4167a",
            "ticker": "KXHIGHAUS-25MAY04-B82.5",
            "count": 2,
            "created_time": "2025-05-04T13:04:45.813026Z",
            "yes_price": 48,
            "no_price": 52,
            "taker_side": "no"
        },
        {
            "trade_id": "df975dfc-c5f4-4d31-8aa7-8bb4621027fc",
            "ticker": "KXHIGHAUS-25MAY04-B82.5",
            "count": 2,
            "created_time": "2025-05-04T13:03:24.423141Z",
            "yes_price": 49,
            "no_price": 51,
            "taker_side": "no"
        },
        {
            "trade_id": "f8356141-9190-447a-ab96-e1f97667e6ba",
            "ticker": "KXHIGHAUS-25MAY04-B82.5",
            "count": 2,
            "created_time": "2025-05-04T13:02:25.650395Z",
            "yes_price": 50,
            "no_price": 50,
            "taker_side": "no"
        },
        {
            "trade_id": "4d344f23-f017-4e76-88ae-de53b626ebf9",
            "ticker": "KXHIGHAUS-25MAY04-B82.5",
            "count": 1,
            "created_time": "2025-05-04T13:02:15.417181Z",
            "yes_price": 51,
            "no_price": 49,
            "taker_side": "no"
        },
        {
            "trade_id": "0a4c9546-9aa7-450f-8f71-26ff254078bf",
            "ticker": "KXHIGHAUS-25MAY04-B82.5",
            "count": 21,
            "created_time": "2025-05-04T12:41:38.167271Z",
            "yes_price": 52,
            "no_price": 48,
            "taker_side": "yes"
        },
        {
            "trade_id": "be773448-5f99-430e-87eb-ecf0a2eb34fc",
            "ticker": "KXHIGHAUS-25MAY04-B82.5",
            "count": 2,
            "created_time": "2025-05-04T12:28:40.026851Z",
            "yes_price": 52,
            "no_price": 48,
            "taker_side": "yes"
        },
        {
            "trade_id": "8b8fa3f6-4918-4545-b57a-a055102296c4",
            "ticker": "KXHIGHAUS-25MAY04-B82.5",
            "count": 31,
            "created_time": "2025-05-04T12:28:40.026851Z",
            "yes_price": 52,
            "no_price": 48,
            "taker_side": "yes"
        },
        {
            "trade_id": "2ea11128-0353-4e53-a7a4-ccb7f95b99d0",
            "ticker": "KXHIGHAUS-25MAY04-B82.5",
            "count": 2,
            "created_time": "2025-05-04T12:28:40.026851Z",
            "yes_price": 51,
            "no_price": 49,
            "taker_side": "yes"
        },
        {
            "trade_id": "7d30e618-2640-48de-8b66-f122a5b67f91",
            "ticker": "KXHIGHAUS-25MAY04-B82.5",
            "count": 28,
            "created_time": "2025-05-04T12:27:42.723183Z",
            "yes_price": 50,
            "no_price": 50,
            "taker_side": "yes"
        },
        {
            "trade_id": "2a8131c2-99cb-41d9-bc10-ff29d23a157f",
            "ticker": "KXHIGHAUS-25MAY04-B82.5",
            "count": 6,
            "created_time": "2025-05-04T12:27:42.723183Z",
            "yes_price": 50,
            "no_price": 50,
            "taker_side": "yes"
        },
        {
            "trade_id": "839d1de8-09c9-403b-9131-6b2b335fb505",
            "ticker": "KXHIGHAUS-25MAY04-B82.5",
            "count": 3,
            "created_time": "2025-05-04T12:18:31.519582Z",
            "yes_price": 49,
            "no_price": 51,
            "taker_side": "no"
        },
        {
            "trade_id": "3170c957-57ee-4e5a-94a7-5e862f9a3e9f",
            "ticker": "KXHIGHAUS-25MAY04-B82.5",
            "count": 1,
            "created_time": "2025-05-04T12:10:18.742662Z",
            "yes_price": 49,
            "no_price": 51,
            "taker_side": "no"
        },
        {
            "trade_id": "0cf94f70-743b-4ae9-b78a-2081437a6738",
            "ticker": "KXHIGHAUS-25MAY04-B82.5",
            "count": 1,
            "created_time": "2025-05-04T12:09:19.132974Z",
            "yes_price": 48,
            "no_price": 52,
            "taker_side": "yes"
        },
        {
            "trade_id": "6dd25166-df84-45c7-80d1-60dfe4451f7f",
            "ticker": "KXHIGHAUS-25MAY04-B82.5",
            "count": 14,
            "created_time": "2025-05-04T12:06:24.533117Z",
            "yes_price": 49,
            "no_price": 51,
            "taker_side": "no"
        },
        {
            "trade_id": "56f9fd55-e652-46a0-ad79-4fdbf6484c30",
            "ticker": "KXHIGHAUS-25MAY04-B82.5",
            "count": 37,
            "created_time": "2025-05-04T12:02:26.143787Z",
            "yes_price": 48,
            "no_price": 52,
            "taker_side": "yes"
        },
        {
            "trade_id": "0e3f12f6-c665-476a-957e-65a1b5ed5a01",
            "ticker": "KXHIGHAUS-25MAY04-B82.5",
            "count": 6,
            "created_time": "2025-05-04T12:02:26.143787Z",
            "yes_price": 48,
            "no_price": 52,
            "taker_side": "yes"
        },
        {
            "trade_id": "87baef9f-8ae1-45de-8718-6026d8603114",
            "ticker": "KXHIGHAUS-25MAY04-B82.5",
            "count": 7,
            "created_time": "2025-05-04T12:00:29.918265Z",
            "yes_price": 47,
            "no_price": 53,
            "taker_side": "no"
        },
        {
            "trade_id": "eb8985a2-84a1-438c-b1f5-996d049dd6c8",
            "ticker": "KXHIGHAUS-25MAY04-B82.5",
            "count": 25,
            "created_time": "2025-05-04T06:59:30.890647Z",
            "yes_price": 43,
            "no_price": 57,
            "taker_side": "no"
        },
        {
            "trade_id": "ba67d5b7-a1ca-4157-bc9b-ce170fc272a6",
            "ticker": "KXHIGHAUS-25MAY04-B82.5",
            "count": 12,
            "created_time": "2025-05-04T06:59:30.890647Z",
            "yes_price": 43,
            "no_price": 57,
            "taker_side": "no"
        },
        {
            "trade_id": "f9e00a9a-e671-4dc0-b2e8-92d030c5c3ed",
            "ticker": "KXHIGHAUS-25MAY04-B82.5",
            "count": 48,
            "created_time": "2025-05-04T04:51:48.645605Z",
            "yes_price": 48,
            "no_price": 52,
            "taker_side": "yes"
        },
        {
            "trade_id": "a5e4ff04-e934-41c9-afd2-36ed2bfdd446",
            "ticker": "KXHIGHAUS-25MAY04-B82.5",
            "count": 17,
            "created_time": "2025-05-04T04:51:48.645605Z",
            "yes_price": 46,
            "no_price": 54,
            "taker_side": "yes"
        },
        {
            "trade_id": "77005b57-d20a-480f-bf64-167ab10ba775",
            "ticker": "KXHIGHAUS-25MAY04-B82.5",
            "count": 28,
            "created_time": "2025-05-04T04:51:48.645605Z",
            "yes_price": 46,
            "no_price": 54,
            "taker_side": "yes"
        },
        {
            "trade_id": "1fdd4073-f141-40a9-a4fc-4d22b9508b1d",
            "ticker": "KXHIGHAUS-25MAY04-B82.5",
            "count": 9,
            "created_time": "2025-05-04T04:51:48.645605Z",
            "yes_price": 47,
            "no_price": 53,
            "taker_side": "yes"
        },
        {
            "trade_id": "72101a09-2d74-4550-b2a6-96c70987c606",
            "ticker": "KXHIGHAUS-25MAY04-B82.5",
            "count": 22,
            "created_time": "2025-05-04T04:42:30.76146Z",
            "yes_price": 46,
            "no_price": 54,
            "taker_side": "yes"
        },
        {
            "trade_id": "9dc521b5-a3e0-4710-9472-931d6390c0f8",
            "ticker": "KXHIGHAUS-25MAY04-B82.5",
            "count": 5,
            "created_time": "2025-05-04T03:56:48.72772Z",
            "yes_price": 43,
            "no_price": 57,
            "taker_side": "no"
        },
        {
            "trade_id": "9559c530-e603-4f3b-a6fc-ded204d6222f",
            "ticker": "KXHIGHAUS-25MAY04-B82.5",
            "count": 104,
            "created_time": "2025-05-04T02:54:35.132847Z",
            "yes_price": 46,
            "no_price": 54,
            "taker_side": "yes"
        },
        {
            "trade_id": "0afcd17c-8f47-4678-8a8c-8abb4621a798",
            "ticker": "KXHIGHAUS-25MAY04-B82.5",
            "count": 22,
            "created_time": "2025-05-04T02:33:00.196911Z",
            "yes_price": 44,
            "no_price": 56,
            "taker_side": "yes"
        },
        {
            "trade_id": "a9d36a6f-98c2-42c6-bd0f-86e81bd5a013",
            "ticker": "KXHIGHAUS-25MAY04-B82.5",
            "count": 500,
            "created_time": "2025-05-04T02:15:59.501892Z",
            "yes_price": 43,
            "no_price": 57,
            "taker_side": "no"
        },
        {
            "trade_id": "08d45ffe-1ec5-4ef9-8ef8-fbd7cbc918c8",
            "ticker": "KXHIGHAUS-25MAY04-B82.5",
            "count": 10,
            "created_time": "2025-05-04T02:15:59.501892Z",
            "yes_price": 43,
            "no_price": 57,
            "taker_side": "no"
        },
        {
            "trade_id": "56d994c0-bb0c-4312-a601-a95f9dae6eb0",
            "ticker": "KXHIGHAUS-25MAY04-B82.5",
            "count": 53,
            "created_time": "2025-05-04T02:11:17.272398Z",
            "yes_price": 45,
            "no_price": 55,
            "taker_side": "no"
        },
        {
            "trade_id": "d8f739be-bd29-4573-a809-699fd34064ff",
            "ticker": "KXHIGHAUS-25MAY04-B82.5",
            "count": 88,
            "created_time": "2025-05-04T02:11:13.497832Z",
            "yes_price": 45,
            "no_price": 55,
            "taker_side": "yes"
        },
        {
            "trade_id": "ec475433-c5ae-40c0-b7c6-041048534db6",
            "ticker": "KXHIGHAUS-25MAY04-B82.5",
            "count": 26,
            "created_time": "2025-05-04T02:09:52.022297Z",
            "yes_price": 44,
            "no_price": 56,
            "taker_side": "no"
        },
        {
            "trade_id": "25714576-71c7-4a35-9a14-c4a57f28c68f",
            "ticker": "KXHIGHAUS-25MAY04-B82.5",
            "count": 33,
            "created_time": "2025-05-04T02:08:57.962366Z",
            "yes_price": 44,
            "no_price": 56,
            "taker_side": "yes"
        },
        {
            "trade_id": "0ba8a79b-1b16-46cf-a810-477cf13e8cdf",
            "ticker": "KXHIGHAUS-25MAY04-B82.5",
            "count": 50,
            "created_time": "2025-05-04T01:27:35.239251Z",
            "yes_price": 44,
            "no_price": 56,
            "taker_side": "yes"
        },
        {
            "trade_id": "3f5ea12a-790c-4a1e-b4bf-dafc6e2fd582",
            "ticker": "KXHIGHAUS-25MAY04-B82.5",
            "count": 17,
            "created_time": "2025-05-04T01:20:41.542196Z",
            "yes_price": 44,
            "no_price": 56,
            "taker_side": "yes"
        },
        {
            "trade_id": "0920f6f7-37b0-4fa9-9b4e-252aaa9aae82",
            "ticker": "KXHIGHAUS-25MAY04-B82.5",
            "count": 15,
            "created_time": "2025-05-04T00:27:58.329867Z",
            "yes_price": 43,
            "no_price": 57,
            "taker_side": "yes"
        },
        {
            "trade_id": "bc3f9412-e30b-4736-afa4-9f5fa6f48a4c",
            "ticker": "KXHIGHAUS-25MAY04-B82.5",
            "count": 2,
            "created_time": "2025-05-04T00:23:49.163399Z",
            "yes_price": 43,
            "no_price": 57,
            "taker_side": "yes"
        },
        {
            "trade_id": "49d8f018-927d-46d3-ae0e-f7902ada590a",
            "ticker": "KXHIGHAUS-25MAY04-B82.5",
            "count": 8,
            "created_time": "2025-05-04T00:23:49.163399Z",
            "yes_price": 43,
            "no_price": 57,
            "taker_side": "yes"
        },
        {
            "trade_id": "50f2b06c-3180-41e8-9237-930e6bfa4321",
            "ticker": "KXHIGHAUS-25MAY04-B82.5",
            "count": 25,
            "created_time": "2025-05-04T00:21:34.981239Z",
            "yes_price": 38,
            "no_price": 62,
            "taker_side": "no"
        },
        {
            "trade_id": "b633ba55-b50a-4633-b7d9-42385dca6c1d",
            "ticker": "KXHIGHAUS-25MAY04-B82.5",
            "count": 23,
            "created_time": "2025-05-04T00:10:17.802978Z",
            "yes_price": 43,
            "no_price": 57,
            "taker_side": "no"
        },
        {
            "trade_id": "86de1b18-0959-4f99-9f97-fc6ffb1b0247",
            "ticker": "KXHIGHAUS-25MAY04-B82.5",
            "count": 2,
            "created_time": "2025-05-04T00:09:26.892329Z",
            "yes_price": 43,
            "no_price": 57,
            "taker_side": "no"
        },
        {
            "trade_id": "5893c33e-c6cf-4c26-8d6c-c790973ae9ce",
            "ticker": "KXHIGHAUS-25MAY04-B82.5",
            "count": 118,
            "created_time": "2025-05-04T00:08:42.347748Z",
            "yes_price": 43,
            "no_price": 57,
            "taker_side": "yes"
        },
        {
            "trade_id": "912d4bb3-5417-47e6-a489-d791dd52a442",
            "ticker": "KXHIGHAUS-25MAY04-B82.5",
            "count": 113,
            "created_time": "2025-05-04T00:06:21.563418Z",
            "yes_price": 42,
            "no_price": 58,
            "taker_side": "no"
        },
        {
            "trade_id": "9767d96a-ce72-460e-86ad-7c97bb1764e0",
            "ticker": "KXHIGHAUS-25MAY04-B82.5",
            "count": 7,
            "created_time": "2025-05-04T00:01:15.565939Z",
            "yes_price": 41,
            "no_price": 59,
            "taker_side": "yes"
        },
        {
            "trade_id": "83f73457-6e19-496f-89dc-e0a9e4dd213e",
            "ticker": "KXHIGHAUS-25MAY04-B82.5",
            "count": 14,
            "created_time": "2025-05-03T23:58:48.401354Z",
            "yes_price": 41,
            "no_price": 59,
            "taker_side": "yes"
        },
        {
            "trade_id": "fca8633e-4a84-4e49-af95-8dae78ab63e4",
            "ticker": "KXHIGHAUS-25MAY04-B82.5",
            "count": 30,
            "created_time": "2025-05-03T23:19:08.625282Z",
            "yes_price": 46,
            "no_price": 54,
            "taker_side": "yes"
        },
        {
            "trade_id": "5038b0b9-e2d1-4343-b4c9-3921d3b40ea9",
            "ticker": "KXHIGHAUS-25MAY04-B82.5",
            "count": 9,
            "created_time": "2025-05-03T22:46:17.564504Z",
            "yes_price": 40,
            "no_price": 60,
            "taker_side": "yes"
        },
        {
            "trade_id": "2974c387-c924-416b-a131-42de0c792369",
            "ticker": "KXHIGHAUS-25MAY04-B82.5",
            "count": 1,
            "created_time": "2025-05-03T22:46:17.564504Z",
            "yes_price": 38,
            "no_price": 62,
            "taker_side": "yes"
        },
        {
            "trade_id": "f113a204-ec0d-454d-b292-5b19009eead1",
            "ticker": "KXHIGHAUS-25MAY04-B82.5",
            "count": 150,
            "created_time": "2025-05-03T22:39:26.567953Z",
            "yes_price": 35,
            "no_price": 65,
            "taker_side": "no"
        },
        {
            "trade_id": "72b5dabb-6559-44ae-b330-86dc7e0ea308",
            "ticker": "KXHIGHAUS-25MAY04-B82.5",
            "count": 240,
            "created_time": "2025-05-03T21:51:33.842547Z",
            "yes_price": 38,
            "no_price": 62,
            "taker_side": "yes"
        },
        {
            "trade_id": "565d9329-b5a4-4624-b49d-aab69731f314",
            "ticker": "KXHIGHAUS-25MAY04-B82.5",
            "count": 20,
            "created_time": "2025-05-03T21:51:33.842547Z",
            "yes_price": 36,
            "no_price": 64,
            "taker_side": "yes"
        },
        {
            "trade_id": "4e979695-e342-4245-91a1-b5b694d883bc",
            "ticker": "KXHIGHAUS-25MAY04-B82.5",
            "count": 34,
            "created_time": "2025-05-03T21:51:33.842547Z",
            "yes_price": 34,
            "no_price": 66,
            "taker_side": "yes"
        },
        {
            "trade_id": "1b758c31-91f5-44f3-bbd3-d01cc69f1499",
            "ticker": "KXHIGHAUS-25MAY04-B82.5",
            "count": 240,
            "created_time": "2025-05-03T21:51:33.842547Z",
            "yes_price": 36,
            "no_price": 64,
            "taker_side": "yes"
        },
        {
            "trade_id": "194376e1-d2ad-4fe5-a395-9f524945289e",
            "ticker": "KXHIGHAUS-25MAY04-B82.5",
            "count": 9,
            "created_time": "2025-05-03T21:51:33.842547Z",
            "yes_price": 35,
            "no_price": 65,
            "taker_side": "yes"
        },
        {
            "trade_id": "ee63f00c-9a33-4b55-a9c2-0690a21ee1c9",
            "ticker": "KXHIGHAUS-25MAY04-B82.5",
            "count": 9,
            "created_time": "2025-05-03T21:33:28.46165Z",
            "yes_price": 35,
            "no_price": 65,
            "taker_side": "no"
        },
        {
            "trade_id": "cf4e80ee-a34e-4db1-ade8-4d244647c8cc",
            "ticker": "KXHIGHAUS-25MAY04-B82.5",
            "count": 50,
            "created_time": "2025-05-03T21:33:28.46165Z",
            "yes_price": 34,
            "no_price": 66,
            "taker_side": "no"
        },
        {
            "trade_id": "723b8ffb-8190-40aa-940d-05dca1ffdb4d",
            "ticker": "KXHIGHAUS-25MAY04-B82.5",
            "count": 6,
            "created_time": "2025-05-03T21:33:28.46165Z",
            "yes_price": 33,
            "no_price": 67,
            "taker_side": "no"
        },
        {
            "trade_id": "7068f30c-fea5-4789-840d-97ad4a5e169e",
            "ticker": "KXHIGHAUS-25MAY04-B82.5",
            "count": 5,
            "created_time": "2025-05-03T21:33:28.46165Z",
            "yes_price": 36,
            "no_price": 64,
            "taker_side": "no"
        },
        {
            "trade_id": "d288b5aa-5442-47d5-bda6-703d2ab8336b",
            "ticker": "KXHIGHAUS-25MAY04-B82.5",
            "count": 16,
            "created_time": "2025-05-03T20:44:38.960093Z",
            "yes_price": 46,
            "no_price": 54,
            "taker_side": "yes"
        },
        {
            "trade_id": "77ecc67e-8929-45fa-94fc-902fa98b1769",
            "ticker": "KXHIGHAUS-25MAY04-B82.5",
            "count": 5,
            "created_time": "2025-05-03T20:44:38.960093Z",
            "yes_price": 45,
            "no_price": 55,
            "taker_side": "yes"
        },
        {
            "trade_id": "ffcd9e02-3868-4e1b-8db6-8f0fb8c8aa26",
            "ticker": "KXHIGHAUS-25MAY04-B82.5",
            "count": 45,
            "created_time": "2025-05-03T19:25:46.151109Z",
            "yes_price": 34,
            "no_price": 66,
            "taker_side": "yes"
        }
    ],
    "KXHIGHAUS-25MAY04-B84.5": [
        {
            "trade_id": "c22815e9-3cb1-4cce-bae3-076712f17481",
            "ticker": "KXHIGHAUS-25MAY04-B84.5",
            "count": 364,
            "created_time": "2025-05-05T02:14:11.190982Z",
            "yes_price": 99,
            "no_price": 1,
            "taker_side": "no"
        },
        {
            "trade_id": "c7a20bb9-78af-4038-833c-1a3251718a60",
            "ticker": "KXHIGHAUS-25MAY04-B84.5",
            "count": 14,
            "created_time": "2025-05-05T00:47:41.811812Z",
            "yes_price": 99,
            "no_price": 1,
            "taker_side": "no"
        },
        {
            "trade_id": "dbfa474c-a2b5-426b-bc3d-199e3fce6690",
