{
    "KXHIGHAUS-25FEB06-T76": [
        {
            "trade_id": "994d5f24-ee9e-4fae-9149-e6b840dfb167",
            "ticker": "KXHIGHAUS-25FEB06-T76",
            "count": 1500,
            "created_time": "2025-02-06T18:56:36.783263Z",
            "yes_price": 1,
            "no_price": 99,
            "taker_side": "yes"
        },
        {
            "trade_id": "7443f90e-60c5-4520-a141-d0b9dbdbd774",
            "ticker": "KXHIGHAUS-25FEB06-T76",
            "count": 1,
            "created_time": "2025-02-06T18:55:18.259498Z",
            "yes_price": 1,
            "no_price": 99,
            "taker_side": "no"
        },
        {
            "trade_id": "9ac73c06-f927-401a-a664-d23c0dab4467",
            "ticker": "KXHIGHAUS-25FEB06-T76",
            "count": 1,
            "created_time": "2025-02-06T18:41:04.33749Z",
            "yes_price": 2,
            "no_price": 98,
            "taker_side": "no"
        },
        {
            "trade_id": "83f99a7e-7f7d-400a-839b-65f9833d8f44",
            "ticker": "KXHIGHAUS-25FEB06-T76",
            "count": 299,
            "created_time": "2025-02-06T18:41:04.33749Z",
            "yes_price": 1,
            "no_price": 99,
            "taker_side": "no"
        },
        {
            "trade_id": "8aee52ec-9963-435d-ad99-bd3ba86ae172",
            "ticker": "KXHIGHAUS-25FEB06-T76",
            "count": 250,
            "created_time": "2025-02-06T18:10:34.772823Z",
            "yes_price": 6,
            "no_price": 94,
            "taker_side": "yes"
        },
        {
            "trade_id": "7890ecfb-3e43-4cce-aa05-6252217c3e3b",
            "ticker": "KXHIGHAUS-25FEB06-T76",
            "count": 300,
            "created_time": "2025-02-06T18:10:34.772823Z",
            "yes_price": 5,
            "no_price": 95,
            "taker_side": "yes"
        },
        {
            "trade_id": "f15416d8-e3bb-49a2-9865-465df5c14227",
            "ticker": "KXHIGHAUS-25FEB06-T76",
            "count": 100,
            "created_time": "2025-02-06T17:35:09.345373Z",
            "yes_price": 4,
            "no_price": 96,
            "taker_side": "yes"
        },
        {
            "trade_id": "2cb374cb-e578-4879-b48c-194796280a8a",
            "ticker": "KXHIGHAUS-25FEB06-T76",
            "count": 150,
            "created_time": "2025-02-06T17:35:09.345373Z",
            "yes_price": 5,
            "no_price": 95,
            "taker_side": "yes"
        },
        {
            "trade_id": "6f83b39a-ed9e-4d2a-abe8-2b4ec4b21c06",
            "ticker": "KXHIGHAUS-25FEB06-T76",
            "count": 250,
            "created_time": "2025-02-06T17:27:15.371247Z",
            "yes_price": 2,
            "no_price": 98,
            "taker_side": "no"
        },
        {
            "trade_id": "7868d62d-e8ed-462f-86f9-657be37a38d5",
            "ticker": "KXHIGHAUS-25FEB06-T76",
            "count": 5,
            "created_time": "2025-02-06T17:12:19.629049Z",
            "yes_price": 1,
            "no_price": 99,
            "taker_side": "no"
        },
        {
            "trade_id": "66356fab-b767-4b43-9b2e-69a4d7de12af",
            "ticker": "KXHIGHAUS-25FEB06-T76",
            "count": 12,
            "created_time": "2025-02-06T17:00:15.027159Z",
            "yes_price": 1,
            "no_price": 99,
            "taker_side": "no"
        },
        {
            "trade_id": "70f7517f-ec71-4cd2-bab5-356b635f3933",
            "ticker": "KXHIGHAUS-25FEB06-T76",
            "count": 10,
            "created_time": "2025-02-06T16:26:04.051322Z",
            "yes_price": 1,
            "no_price": 99,
            "taker_side": "no"
        },
        {
            "trade_id": "41fc790e-7d04-4c54-beb2-0743987dd826",
            "ticker": "KXHIGHAUS-25FEB06-T76",
            "count": 20,
            "created_time": "2025-02-06T16:17:25.778988Z",
            "yes_price": 1,
            "no_price": 99,
            "taker_side": "no"
        },
        {
            "trade_id": "1ea5c0f5-43be-438e-b034-89ea0f2e6af0",
            "ticker": "KXHIGHAUS-25FEB06-T76",
            "count": 124,
            "created_time": "2025-02-06T16:15:59.302607Z",
            "yes_price": 1,
            "no_price": 99,
            "taker_side": "no"
        },
        {
            "trade_id": "33ca6a92-49a4-49b0-81ab-3274c12b84b4",
            "ticker": "KXHIGHAUS-25FEB06-T76",
            "count": 10,
            "created_time": "2025-02-06T16:14:17.497789Z",
            "yes_price": 1,
            "no_price": 99,
            "taker_side": "no"
        },
        {
            "trade_id": "001a892c-342f-4d48-8fbb-1371c645dc1a",
            "ticker": "KXHIGHAUS-25FEB06-T76",
            "count": 32,
            "created_time": "2025-02-06T16:10:05.713284Z",
            "yes_price": 1,
            "no_price": 99,
            "taker_side": "no"
        },
        {
            "trade_id": "2c7ae7ae-f0cb-42b0-abd9-7f4a4e9a141b",
            "ticker": "KXHIGHAUS-25FEB06-T76",
            "count": 30,
            "created_time": "2025-02-06T16:10:04.849713Z",
            "yes_price": 1,
            "no_price": 99,
            "taker_side": "no"
        },
        {
            "trade_id": "485b146e-e7a4-4631-a566-7086eba5caef",
            "ticker": "KXHIGHAUS-25FEB06-T76",
            "count": 200,
            "created_time": "2025-02-06T15:54:17.65673Z",
            "yes_price": 1,
            "no_price": 99,
            "taker_side": "no"
        },
        {
            "trade_id": "f8b9008b-1f86-44d0-b8fd-59e67d0731b4",
            "ticker": "KXHIGHAUS-25FEB06-T76",
            "count": 1,
            "created_time": "2025-02-06T15:53:57.976142Z",
            "yes_price": 2,
            "no_price": 98,
            "taker_side": "no"
        },
        {
            "trade_id": "7a78a4bd-7208-442b-a58f-a042b0076b12",
            "ticker": "KXHIGHAUS-25FEB06-T76",
            "count": 1,
            "created_time": "2025-02-06T15:17:20.382572Z",
            "yes_price": 1,
            "no_price": 99,
            "taker_side": "no"
        },
        {
            "trade_id": "ef1d2315-ce39-496b-bbd2-f1c9b231aa73",
            "ticker": "KXHIGHAUS-25FEB06-T76",
            "count": 56,
            "created_time": "2025-02-06T15:03:46.683998Z",
            "yes_price": 1,
            "no_price": 99,
            "taker_side": "no"
        },
        {
            "trade_id": "c44f4206-4f49-494a-ba5a-32d0c371061e",
            "ticker": "KXHIGHAUS-25FEB06-T76",
            "count": 99,
            "created_time": "2025-02-06T14:50:41.44747Z",
            "yes_price": 1,
            "no_price": 99,
            "taker_side": "no"
        },
        {
            "trade_id": "c4da35ab-bbed-40b5-be3c-0d886b553f43",
            "ticker": "KXHIGHAUS-25FEB06-T76",
            "count": 600,
            "created_time": "2025-02-06T14:48:08.829905Z",
            "yes_price": 2,
            "no_price": 98,
            "taker_side": "no"
        },
        {
            "trade_id": "bba10eae-1932-4a74-8e46-a4e143588f60",
            "ticker": "KXHIGHAUS-25FEB06-T76",
            "count": 75,
            "created_time": "2025-02-06T14:48:08.829905Z",
            "yes_price": 1,
            "no_price": 99,
            "taker_side": "no"
        },
        {
            "trade_id": "48f84da4-58d0-4d9e-a2ab-5eed7a5474bb",
            "ticker": "KXHIGHAUS-25FEB06-T76",
            "count": 1000,
            "created_time": "2025-02-06T14:48:08.829905Z",
            "yes_price": 1,
            "no_price": 99,
            "taker_side": "no"
        },
        {
            "trade_id": "67fd0fd4-e8e8-40da-ae52-206cf763f344",
            "ticker": "KXHIGHAUS-25FEB06-T76",
            "count": 108,
            "created_time": "2025-02-06T14:46:27.204082Z",
            "yes_price": 5,
            "no_price": 95,
            "taker_side": "yes"
        },
        {
            "trade_id": "d56f563d-005b-4591-a3ff-ded54672ebde",
            "ticker": "KXHIGHAUS-25FEB06-T76",
            "count": 70,
            "created_time": "2025-02-06T14:41:36.68247Z",
            "yes_price": 1,
            "no_price": 99,
            "taker_side": "no"
        },
        {
            "trade_id": "ae91ae48-2459-422d-807f-eb519ac2665a",
            "ticker": "KXHIGHAUS-25FEB06-T76",
            "count": 1500,
            "created_time": "2025-02-06T14:41:36.68247Z",
            "yes_price": 1,
            "no_price": 99,
            "taker_side": "no"
        },
        {
            "trade_id": "a1be5130-e0e2-4c4b-ac7e-63f49e502fd7",
            "ticker": "KXHIGHAUS-25FEB06-T76",
            "count": 50,
            "created_time": "2025-02-06T14:41:36.68247Z",
            "yes_price": 1,
            "no_price": 99,
            "taker_side": "no"
        },
        {
            "trade_id": "66e3ba56-a0b4-46ce-9f95-cee932415a20",
            "ticker": "KXHIGHAUS-25FEB06-T76",
            "count": 485,
            "created_time": "2025-02-06T14:41:36.68247Z",
            "yes_price": 2,
            "no_price": 98,
            "taker_side": "no"
        },
        {
            "trade_id": "21c9eb82-8f26-4c9f-b368-442e5c252f9d",
            "ticker": "KXHIGHAUS-25FEB06-T76",
            "count": 200,
            "created_time": "2025-02-06T14:41:36.68247Z",
            "yes_price": 1,
            "no_price": 99,
            "taker_side": "no"
        },
        {
            "trade_id": "0fd4647d-f23e-4338-81ba-1f8b2d27112d",
            "ticker": "KXHIGHAUS-25FEB06-T76",
            "count": 3,
            "created_time": "2025-02-06T14:32:58.506759Z",
            "yes_price": 2,
            "no_price": 98,
            "taker_side": "no"
        },
        {
            "trade_id": "b7c1688f-fbc5-4760-bfcc-d6a51273cbf2",
            "ticker": "KXHIGHAUS-25FEB06-T76",
            "count": 75,
            "created_time": "2025-02-06T14:22:34.479283Z",
            "yes_price": 4,
            "no_price": 96,
            "taker_side": "yes"
        },
        {
            "trade_id": "172e0799-1fe3-4067-adbf-683369a873fb",
            "ticker": "KXHIGHAUS-25FEB06-T76",
            "count": 100,
            "created_time": "2025-02-06T14:22:34.479283Z",
            "yes_price": 4,
            "no_price": 96,
            "taker_side": "yes"
        },
        {
            "trade_id": "ab030bff-318e-4805-97a6-380f9be5db18",
            "ticker": "KXHIGHAUS-25FEB06-T76",
            "count": 112,
            "created_time": "2025-02-06T14:16:13.00099Z",
            "yes_price": 2,
            "no_price": 98,
            "taker_side": "no"
        },
        {
            "trade_id": "2f363f36-6489-4044-8215-50988a8abcaf",
            "ticker": "KXHIGHAUS-25FEB06-T76",
            "count": 400,
            "created_time": "2025-02-06T14:03:08.278363Z",
            "yes_price": 3,
            "no_price": 97,
            "taker_side": "yes"
        },
        {
            "trade_id": "594917d4-91d6-4560-9abf-5077745db048",
            "ticker": "KXHIGHAUS-25FEB06-T76",
            "count": 30,
            "created_time": "2025-02-06T13:40:44.408991Z",
            "yes_price": 1,
            "no_price": 99,
            "taker_side": "no"
        },
        {
            "trade_id": "fe676424-b818-4a9f-944d-4f3baad1d43b",
            "ticker": "KXHIGHAUS-25FEB06-T76",
            "count": 2,
            "created_time": "2025-02-06T07:48:38.333456Z",
            "yes_price": 9,
            "no_price": 91,
            "taker_side": "yes"
        },
        {
            "trade_id": "b720b7cb-8138-44b7-9e39-11a243431dcf",
            "ticker": "KXHIGHAUS-25FEB06-T76",
            "count": 108,
            "created_time": "2025-02-06T07:48:38.333456Z",
            "yes_price": 5,
            "no_price": 95,
            "taker_side": "yes"
        },
        {
            "trade_id": "80ff6ce6-003e-4a20-af4b-9c1297353708",
            "ticker": "KXHIGHAUS-25FEB06-T76",
            "count": 223,
            "created_time": "2025-02-06T07:48:38.333456Z",
            "yes_price": 9,
            "no_price": 91,
            "taker_side": "yes"
        },
        {
            "trade_id": "33dbac8c-0d45-4579-b768-63c80a13d2ab",
            "ticker": "KXHIGHAUS-25FEB06-T76",
            "count": 15,
            "created_time": "2025-02-06T07:48:38.333456Z",
            "yes_price": 9,
            "no_price": 91,
            "taker_side": "yes"
        },
        {
            "trade_id": "1b41a7b9-2073-440b-8841-b354a1c1482d",
            "ticker": "KXHIGHAUS-25FEB06-T76",
            "count": 240,
            "created_time": "2025-02-06T07:48:38.333456Z",
            "yes_price": 7,
            "no_price": 93,
            "taker_side": "yes"
        },
        {
            "trade_id": "e23314ab-96b5-4c13-91d2-aefb8fbae033",
            "ticker": "KXHIGHAUS-25FEB06-T76",
            "count": 250,
            "created_time": "2025-02-06T07:48:16.145434Z",
            "yes_price": 2,
            "no_price": 98,
            "taker_side": "no"
        },
        {
            "trade_id": "ecbfa4c1-3103-4434-8684-780640487ebe",
            "ticker": "KXHIGHAUS-25FEB06-T76",
            "count": 1,
            "created_time": "2025-02-06T07:47:15.662219Z",
            "yes_price": 5,
            "no_price": 95,
            "taker_side": "yes"
        },
        {
            "trade_id": "c28efec4-ef0f-480b-92b5-b7d7da9ab640",
            "ticker": "KXHIGHAUS-25FEB06-T76",
            "count": 240,
            "created_time": "2025-02-06T07:47:15.662219Z",
            "yes_price": 7,
            "no_price": 93,
            "taker_side": "yes"
        },
        {
            "trade_id": "967c1448-b0f2-4af1-a3c8-a5915d59f9c2",
            "ticker": "KXHIGHAUS-25FEB06-T76",
            "count": 240,
            "created_time": "2025-02-06T07:47:15.662219Z",
            "yes_price": 9,
            "no_price": 91,
            "taker_side": "yes"
        },
        {
            "trade_id": "8693b179-f4a7-48a9-9567-8b4e8b64e984",
            "ticker": "KXHIGHAUS-25FEB06-T76",
            "count": 107,
            "created_time": "2025-02-06T07:47:15.662219Z",
            "yes_price": 5,
            "no_price": 95,
            "taker_side": "yes"
        },
        {
            "trade_id": "79b21ebf-a95a-4a25-9e87-badb061d8249",
            "ticker": "KXHIGHAUS-25FEB06-T76",
            "count": 100,
            "created_time": "2025-02-06T07:47:15.662219Z",
            "yes_price": 6,
            "no_price": 94,
            "taker_side": "yes"
        },
        {
            "trade_id": "3ccce1b4-2a07-4f65-b29c-4d4b5caeccb6",
            "ticker": "KXHIGHAUS-25FEB06-T76",
            "count": 100,
            "created_time": "2025-02-06T07:47:15.662219Z",
            "yes_price": 5,
            "no_price": 95,
            "taker_side": "yes"
        },
        {
            "trade_id": "85ff2a8b-26ca-4560-b6b4-e44dffae59c0",
            "ticker": "KXHIGHAUS-25FEB06-T76",
            "count": 250,
            "created_time": "2025-02-06T02:49:54.724926Z",
            "yes_price": 2,
            "no_price": 98,
            "taker_side": "no"
        },
        {
            "trade_id": "2a772598-f414-46d5-ad32-6a5ab1c63c55",
            "ticker": "KXHIGHAUS-25FEB06-T76",
            "count": 100,
            "created_time": "2025-02-06T02:49:54.724926Z",
            "yes_price": 2,
            "no_price": 98,
            "taker_side": "no"
        },
        {
            "trade_id": "fe564f0a-483a-45fa-8bdd-aae2a394b536",
            "ticker": "KXHIGHAUS-25FEB06-T76",
            "count": 2,
            "created_time": "2025-02-05T21:17:27.449383Z",
            "yes_price": 4,
            "no_price": 96,
            "taker_side": "yes"
        },
        {
            "trade_id": "a20befce-90fa-4834-a014-a7653ddf63ea",
            "ticker": "KXHIGHAUS-25FEB06-T76",
            "count": 100,
            "created_time": "2025-02-05T21:17:27.449383Z",
            "yes_price": 5,
            "no_price": 95,
            "taker_side": "yes"
        },
        {
            "trade_id": "0be3fc99-8d71-435f-9b4b-9fe8dedd940c",
            "ticker": "KXHIGHAUS-25FEB06-T76",
            "count": 222,
            "created_time": "2025-02-05T21:17:27.449383Z",
            "yes_price": 6,
            "no_price": 94,
            "taker_side": "yes"
        }
    ],
    "KXHIGHAUS-25FEB06-B76.5": [
        {
            "trade_id": "d3da3a80-c482-491e-9cab-9523013e42e1",
            "ticker": "KXHIGHAUS-25FEB06-B76.5",
            "count": 300,
            "created_time": "2025-02-06T19:20:20.54397Z",
            "yes_price": 1,
            "no_price": 99,
            "taker_side": "yes"
        },
        {
            "trade_id": "7b317182-d621-4a77-a0ce-7570b39e592c",
            "ticker": "KXHIGHAUS-25FEB06-B76.5",
            "count": 200,
            "created_time": "2025-02-06T19:08:26.975599Z",
            "yes_price": 1,
            "no_price": 99,
            "taker_side": "yes"
        },
        {
            "trade_id": "fb848d11-ff7d-42e7-93db-0bda6d3b70b9",
            "ticker": "KXHIGHAUS-25FEB06-B76.5",
            "count": 694,
            "created_time": "2025-02-06T19:07:03.338688Z",
            "yes_price": 1,
            "no_price": 99,
            "taker_side": "yes"
        },
        {
            "trade_id": "29bbeee2-03aa-491f-8b16-651e1e77102f",
            "ticker": "KXHIGHAUS-25FEB06-B76.5",
            "count": 306,
            "created_time": "2025-02-06T19:07:03.338688Z",
            "yes_price": 1,
            "no_price": 99,
            "taker_side": "yes"
        },
        {
            "trade_id": "5278f39c-fb21-4aee-9648-bc2d3f48612c",
            "ticker": "KXHIGHAUS-25FEB06-B76.5",
            "count": 180,
            "created_time": "2025-02-06T19:05:58.685381Z",
            "yes_price": 1,
            "no_price": 99,
            "taker_side": "yes"
        },
        {
            "trade_id": "df97d105-74b8-4481-872f-45a43fc03f6c",
            "ticker": "KXHIGHAUS-25FEB06-B76.5",
            "count": 700,
            "created_time": "2025-02-06T19:03:49.701643Z",
            "yes_price": 1,
            "no_price": 99,
            "taker_side": "no"
        },
        {
            "trade_id": "d9a43cec-e3c8-4eef-9c82-2cb3707cefec",
            "ticker": "KXHIGHAUS-25FEB06-B76.5",
            "count": 200,
            "created_time": "2025-02-06T19:03:49.701643Z",
            "yes_price": 1,
            "no_price": 99,
            "taker_side": "no"
        },
        {
            "trade_id": "d878fc0c-817a-4d73-ae8e-c3b32a0219bc",
            "ticker": "KXHIGHAUS-25FEB06-B76.5",
            "count": 300,
            "created_time": "2025-02-06T19:03:49.701643Z",
            "yes_price": 1,
            "no_price": 99,
            "taker_side": "no"
        },
        {
            "trade_id": "73d08016-b918-4b94-8d02-7d29bf7b2bcc",
            "ticker": "KXHIGHAUS-25FEB06-B76.5",
            "count": 100,
            "created_time": "2025-02-06T19:03:49.701643Z",
            "yes_price": 1,
            "no_price": 99,
            "taker_side": "no"
        },
        {
            "trade_id": "55dbba19-2575-4d95-b818-d467aa524319",
            "ticker": "KXHIGHAUS-25FEB06-B76.5",
            "count": 100,
            "created_time": "2025-02-06T19:03:49.701643Z",
            "yes_price": 3,
            "no_price": 97,
            "taker_side": "no"
        },
        {
            "trade_id": "55d5f35e-7c20-45d9-9b08-cbc4ee299c1d",
            "ticker": "KXHIGHAUS-25FEB06-B76.5",
            "count": 100,
            "created_time": "2025-02-06T19:03:49.701643Z",
            "yes_price": 2,
            "no_price": 98,
            "taker_side": "no"
        },
        {
            "trade_id": "09db6824-0a78-44f2-8422-d8835cbc1f27",
            "ticker": "KXHIGHAUS-25FEB06-B76.5",
            "count": 14,
            "created_time": "2025-02-06T19:03:49.701643Z",
            "yes_price": 3,
            "no_price": 97,
            "taker_side": "no"
        },
        {
            "trade_id": "febb727a-df9a-4b87-a4df-399e40002b67",
            "ticker": "KXHIGHAUS-25FEB06-B76.5",
            "count": 500,
            "created_time": "2025-02-06T19:03:38.377186Z",
            "yes_price": 6,
            "no_price": 94,
            "taker_side": "no"
        },
        {
            "trade_id": "81733068-93a9-4ad2-9957-dc1279b56e55",
            "ticker": "KXHIGHAUS-25FEB06-B76.5",
            "count": 14,
            "created_time": "2025-02-06T19:03:38.377186Z",
            "yes_price": 7,
            "no_price": 93,
            "taker_side": "no"
        },
        {
            "trade_id": "386244f6-06a8-47e4-b1d2-32ce066955e6",
            "ticker": "KXHIGHAUS-25FEB06-B76.5",
            "count": 700,
            "created_time": "2025-02-06T19:02:37.441267Z",
            "yes_price": 7,
            "no_price": 93,
            "taker_side": "no"
        },
        {
            "trade_id": "52301d46-22b7-4c2c-8b71-575ed5605a15",
            "ticker": "KXHIGHAUS-25FEB06-B76.5",
            "count": 500,
            "created_time": "2025-02-06T18:54:42.097737Z",
            "yes_price": 7,
            "no_price": 93,
            "taker_side": "no"
        },
        {
            "trade_id": "aad290b2-a1e9-40ab-ae56-2b3dfa08e5a3",
            "ticker": "KXHIGHAUS-25FEB06-B76.5",
            "count": 186,
            "created_time": "2025-02-06T18:54:22.528178Z",
            "yes_price": 7,
            "no_price": 93,
            "taker_side": "no"
        },
        {
            "trade_id": "d65ac93e-705f-4017-90f2-3521ca66b389",
            "ticker": "KXHIGHAUS-25FEB06-B76.5",
            "count": 600,
            "created_time": "2025-02-06T18:36:28.593897Z",
            "yes_price": 5,
            "no_price": 95,
            "taker_side": "no"
        },
        {
            "trade_id": "ad94ecbf-b167-497c-84ff-c513d60a1ad7",
            "ticker": "KXHIGHAUS-25FEB06-B76.5",
            "count": 600,
            "created_time": "2025-02-06T18:29:07.464195Z",
            "yes_price": 6,
            "no_price": 94,
            "taker_side": "no"
        },
        {
            "trade_id": "209edb29-b43a-432e-9dd2-e99c05d4fa60",
            "ticker": "KXHIGHAUS-25FEB06-B76.5",
            "count": 1,
            "created_time": "2025-02-06T18:29:07.464195Z",
            "yes_price": 7,
            "no_price": 93,
            "taker_side": "no"
        },
        {
            "trade_id": "e985929e-8a75-4ae1-be6c-4f21d9cc120e",
            "ticker": "KXHIGHAUS-25FEB06-B76.5",
            "count": 2,
            "created_time": "2025-02-06T18:08:15.15553Z",
            "yes_price": 7,
            "no_price": 93,
            "taker_side": "no"
        },
        {
            "trade_id": "c597a648-7df9-4231-8412-0eb01e2a3a81",
            "ticker": "KXHIGHAUS-25FEB06-B76.5",
            "count": 200,
            "created_time": "2025-02-06T17:27:22.546617Z",
            "yes_price": 5,
            "no_price": 95,
            "taker_side": "no"
        },
        {
            "trade_id": "cabfbd0b-f00d-4e51-856c-dc1677a59245",
            "ticker": "KXHIGHAUS-25FEB06-B76.5",
            "count": 130,
            "created_time": "2025-02-06T17:12:32.041578Z",
            "yes_price": 4,
            "no_price": 96,
            "taker_side": "no"
        },
        {
            "trade_id": "437c0619-4a72-49c3-9c5f-0dcc5b71491f",
            "ticker": "KXHIGHAUS-25FEB06-B76.5",
            "count": 50,
            "created_time": "2025-02-06T17:12:32.041578Z",
            "yes_price": 5,
            "no_price": 95,
            "taker_side": "no"
        },
        {
            "trade_id": "5f54b701-bb3b-4a53-a402-18a2cd85269f",
            "ticker": "KXHIGHAUS-25FEB06-B76.5",
            "count": 6,
            "created_time": "2025-02-06T17:12:30.885934Z",
            "yes_price": 21,
            "no_price": 79,
            "taker_side": "yes"
        },
        {
            "trade_id": "5c3b10f6-598a-4355-9487-a34cfc09ced4",
            "ticker": "KXHIGHAUS-25FEB06-B76.5",
            "count": 5,
            "created_time": "2025-02-06T17:12:19.627693Z",
            "yes_price": 20,
            "no_price": 80,
            "taker_side": "no"
        },
        {
            "trade_id": "f508508d-d80e-481f-bc08-285a3ed6c559",
            "ticker": "KXHIGHAUS-25FEB06-B76.5",
            "count": 21,
            "created_time": "2025-02-06T17:11:48.559405Z",
            "yes_price": 20,
            "no_price": 80,
            "taker_side": "yes"
        },
        {
            "trade_id": "7bffaae8-d141-4bfc-b373-1196d93237eb",
            "ticker": "KXHIGHAUS-25FEB06-B76.5",
            "count": 12,
            "created_time": "2025-02-06T17:11:11.164745Z",
            "yes_price": 11,
            "no_price": 89,
            "taker_side": "yes"
        },
        {
            "trade_id": "d4c959ab-c0dd-4207-9fa1-e82c797390fa",
            "ticker": "KXHIGHAUS-25FEB06-B76.5",
            "count": 6,
            "created_time": "2025-02-06T17:10:34.364809Z",
            "yes_price": 9,
            "no_price": 91,
            "taker_side": "yes"
        },
        {
            "trade_id": "1c03bbeb-d1cd-4cea-8407-2ee8e20b6578",
            "ticker": "KXHIGHAUS-25FEB06-B76.5",
            "count": 50,
            "created_time": "2025-02-06T17:10:34.364809Z",
            "yes_price": 10,
            "no_price": 90,
            "taker_side": "yes"
        },
        {
            "trade_id": "83ed9f1f-bc57-41db-9919-0870ba5cb8fc",
            "ticker": "KXHIGHAUS-25FEB06-B76.5",
            "count": 2,
            "created_time": "2025-02-06T17:07:38.023065Z",
            "yes_price": 6,
            "no_price": 94,
            "taker_side": "yes"
        },
        {
            "trade_id": "c920840f-5a3e-415a-b052-3de8e41904e9",
            "ticker": "KXHIGHAUS-25FEB06-B76.5",
            "count": 118,
            "created_time": "2025-02-06T16:35:52.857997Z",
            "yes_price": 8,
            "no_price": 92,
            "taker_side": "yes"
        },
        {
            "trade_id": "c5024fdf-e4aa-45ac-b85f-0dff62b18368",
            "ticker": "KXHIGHAUS-25FEB06-B76.5",
            "count": 9,
            "created_time": "2025-02-06T16:35:52.857997Z",
            "yes_price": 7,
            "no_price": 93,
            "taker_side": "yes"
        },
        {
            "trade_id": "937b76f1-fa57-40d6-b513-e278508840b5",
            "ticker": "KXHIGHAUS-25FEB06-B76.5",
            "count": 100,
            "created_time": "2025-02-06T16:35:52.857997Z",
            "yes_price": 8,
            "no_price": 92,
            "taker_side": "yes"
        },
        {
            "trade_id": "904b12c6-63db-4190-9ad1-3ce21c509de3",
            "ticker": "KXHIGHAUS-25FEB06-B76.5",
            "count": 25,
            "created_time": "2025-02-06T16:35:52.857997Z",
            "yes_price": 8,
            "no_price": 92,
            "taker_side": "yes"
        },
        {
            "trade_id": "62d349bf-5894-4d1c-9bc5-74d33dff1133",
            "ticker": "KXHIGHAUS-25FEB06-B76.5",
            "count": 1,
            "created_time": "2025-02-06T16:35:52.857997Z",
            "yes_price": 7,
            "no_price": 93,
            "taker_side": "yes"
        },
        {
            "trade_id": "cb6f95a2-9d38-4f23-9f19-43cd96e6f589",
            "ticker": "KXHIGHAUS-25FEB06-B76.5",
            "count": 237,
            "created_time": "2025-02-06T16:35:17.644806Z",
            "yes_price": 7,
            "no_price": 93,
            "taker_side": "yes"
        },
        {
            "trade_id": "c6496e51-f3ed-48ea-8668-1e96d23f6a25",
            "ticker": "KXHIGHAUS-25FEB06-B76.5",
            "count": 6,
            "created_time": "2025-02-06T16:35:17.644806Z",
            "yes_price": 6,
            "no_price": 94,
            "taker_side": "yes"
        },
        {
            "trade_id": "8c8fd617-dc3c-4558-bb59-4d5a5c50c61e",
            "ticker": "KXHIGHAUS-25FEB06-B76.5",
            "count": 31,
            "created_time": "2025-02-06T16:35:17.644806Z",
            "yes_price": 7,
            "no_price": 93,
            "taker_side": "yes"
        },
        {
            "trade_id": "236ee5d4-ec6e-4b10-b38f-a775c4d91084",
            "ticker": "KXHIGHAUS-25FEB06-B76.5",
            "count": 1,
            "created_time": "2025-02-06T16:35:17.644806Z",
            "yes_price": 5,
            "no_price": 95,
            "taker_side": "yes"
        },
        {
            "trade_id": "dbf5b6a2-a2da-4566-9667-68ffdc077d87",
            "ticker": "KXHIGHAUS-25FEB06-B76.5",
            "count": 8,
            "created_time": "2025-02-06T16:33:33.399834Z",
            "yes_price": 5,
            "no_price": 95,
            "taker_side": "yes"
        },
        {
            "trade_id": "cd1f6f4e-db4e-4e7f-986e-b256616249b4",
            "ticker": "KXHIGHAUS-25FEB06-B76.5",
            "count": 1,
            "created_time": "2025-02-06T16:33:33.399834Z",
            "yes_price": 5,
            "no_price": 95,
            "taker_side": "yes"
        },
        {
            "trade_id": "a5fcedf0-2f9c-4e59-8197-c4cb57e1a6c6",
            "ticker": "KXHIGHAUS-25FEB06-B76.5",
            "count": 105,
            "created_time": "2025-02-06T16:33:33.399834Z",
            "yes_price": 5,
            "no_price": 95,
            "taker_side": "yes"
        },
        {
            "trade_id": "e25f9ac6-e18d-40af-871a-a48628469e00",
            "ticker": "KXHIGHAUS-25FEB06-B76.5",
            "count": 10,
            "created_time": "2025-02-06T16:26:04.052603Z",
            "yes_price": 3,
            "no_price": 97,
            "taker_side": "no"
        },
        {
            "trade_id": "580a20a5-a0d4-423e-8e0a-0e30766f5525",
            "ticker": "KXHIGHAUS-25FEB06-B76.5",
            "count": 76,
            "created_time": "2025-02-06T16:15:59.308711Z",
            "yes_price": 3,
            "no_price": 97,
            "taker_side": "no"
        },
        {
            "trade_id": "48c78efa-5a7c-48bb-bfed-ce7e19e5e432",
            "ticker": "KXHIGHAUS-25FEB06-B76.5",
            "count": 48,
            "created_time": "2025-02-06T16:15:59.308711Z",
            "yes_price": 3,
            "no_price": 97,
            "taker_side": "no"
        },
        {
            "trade_id": "c9ed65b1-d672-489a-8170-93e5fa2f782c",
            "ticker": "KXHIGHAUS-25FEB06-B76.5",
            "count": 10,
            "created_time": "2025-02-06T16:14:17.495535Z",
            "yes_price": 3,
            "no_price": 97,
            "taker_side": "no"
        },
        {
            "trade_id": "4f7cd6ac-9681-4148-b3fb-264dda418921",
            "ticker": "KXHIGHAUS-25FEB06-B76.5",
            "count": 32,
            "created_time": "2025-02-06T16:10:05.807737Z",
            "yes_price": 3,
            "no_price": 97,
            "taker_side": "no"
        },
        {
            "trade_id": "b3bea047-43af-4596-bf06-7055476a2547",
            "ticker": "KXHIGHAUS-25FEB06-B76.5",
            "count": 30,
            "created_time": "2025-02-06T16:10:04.84896Z",
            "yes_price": 4,
            "no_price": 96,
            "taker_side": "no"
        },
        {
            "trade_id": "86b72570-2cfb-4b1a-9429-8d63a8d2aa39",
            "ticker": "KXHIGHAUS-25FEB06-B76.5",
            "count": 11,
            "created_time": "2025-02-06T16:07:28.455172Z",
            "yes_price": 4,
            "no_price": 96,
            "taker_side": "no"
        },
        {
            "trade_id": "34750ced-929c-4cef-8dc1-794c434d2f48",
            "ticker": "KXHIGHAUS-25FEB06-B76.5",
            "count": 9,
            "created_time": "2025-02-06T16:07:28.455172Z",
            "yes_price": 3,
            "no_price": 97,
            "taker_side": "no"
        },
        {
            "trade_id": "223c4556-cb20-4396-a15f-ca314a7e6309",
            "ticker": "KXHIGHAUS-25FEB06-B76.5",
            "count": 1,
            "created_time": "2025-02-06T16:03:35.779528Z",
            "yes_price": 4,
            "no_price": 96,
            "taker_side": "no"
        },
        {
            "trade_id": "e60e6655-56f6-47ba-95fe-7ba3833b463a",
            "ticker": "KXHIGHAUS-25FEB06-B76.5",
            "count": 240,
            "created_time": "2025-02-06T15:58:29.540808Z",
            "yes_price": 7,
            "no_price": 93,
            "taker_side": "yes"
        },
        {
            "trade_id": "dba206f0-0ca4-4865-8d23-91aa0ee4a64d",
            "ticker": "KXHIGHAUS-25FEB06-B76.5",
            "count": 5,
            "created_time": "2025-02-06T15:58:29.540808Z",
            "yes_price": 5,
            "no_price": 95,
            "taker_side": "yes"
        },
        {
            "trade_id": "817058fa-e410-447b-b686-e0074d452185",
            "ticker": "KXHIGHAUS-25FEB06-B76.5",
            "count": 200,
            "created_time": "2025-02-06T15:58:29.540808Z",
            "yes_price": 7,
            "no_price": 93,
            "taker_side": "yes"
        },
        {
            "trade_id": "56be07ec-01ba-4a23-898d-8341f83c98b8",
            "ticker": "KXHIGHAUS-25FEB06-B76.5",
            "count": 5,
            "created_time": "2025-02-06T15:58:29.540808Z",
            "yes_price": 5,
            "no_price": 95,
            "taker_side": "yes"
        },
        {
            "trade_id": "0823a4ce-5585-4a0a-8e57-62b43904ef94",
            "ticker": "KXHIGHAUS-25FEB06-B76.5",
            "count": 100,
            "created_time": "2025-02-06T15:43:07.829256Z",
            "yes_price": 4,
            "no_price": 96,
            "taker_side": "no"
        },
        {
            "trade_id": "05882dc9-43bf-49e6-b1d4-a291be83ac2b",
            "ticker": "KXHIGHAUS-25FEB06-B76.5",
            "count": 51,
            "created_time": "2025-02-06T15:42:21.915735Z",
            "yes_price": 4,
            "no_price": 96,
            "taker_side": "no"
        },
        {
            "trade_id": "f41c4e26-6cc6-4132-8db2-104644f15fb4",
            "ticker": "KXHIGHAUS-25FEB06-B76.5",
            "count": 51,
            "created_time": "2025-02-06T15:41:46.583968Z",
            "yes_price": 4,
            "no_price": 96,
            "taker_side": "no"
        },
        {
            "trade_id": "13314aac-f5f8-4b65-b691-319314875e49",
            "ticker": "KXHIGHAUS-25FEB06-B76.5",
            "count": 56,
            "created_time": "2025-02-06T15:03:46.70358Z",
            "yes_price": 5,
            "no_price": 95,
            "taker_side": "no"
        },
        {
            "trade_id": "6c0654e1-a25a-488b-a749-34d1c7f48c15",
            "ticker": "KXHIGHAUS-25FEB06-B76.5",
            "count": 56,
            "created_time": "2025-02-06T15:00:25.233214Z",
            "yes_price": 5,
            "no_price": 95,
            "taker_side": "no"
        },
        {
            "trade_id": "cb49ff34-d334-475a-9d2c-5b478c096243",
            "ticker": "KXHIGHAUS-25FEB06-B76.5",
            "count": 118,
            "created_time": "2025-02-06T15:00:06.282713Z",
            "yes_price": 7,
            "no_price": 93,
            "taker_side": "yes"
        },
        {
            "trade_id": "bbaf1f2b-8672-42ab-aa03-c3418a15e79a",
            "ticker": "KXHIGHAUS-25FEB06-B76.5",
            "count": 121,
            "created_time": "2025-02-06T15:00:06.282713Z",
            "yes_price": 7,
            "no_price": 93,
            "taker_side": "yes"
        },
        {
            "trade_id": "857e1fc5-09ab-4d9b-9ae8-d619128caef4",
            "ticker": "KXHIGHAUS-25FEB06-B76.5",
            "count": 1,
            "created_time": "2025-02-06T15:00:06.282713Z",
            "yes_price": 7,
            "no_price": 93,
            "taker_side": "yes"
        },
        {
            "trade_id": "1f83965c-dbc6-4e4c-9e8d-06d8e7625dba",
            "ticker": "KXHIGHAUS-25FEB06-B76.5",
            "count": 6,
            "created_time": "2025-02-06T14:58:41.569924Z",
            "yes_price": 5,
            "no_price": 95,
            "taker_side": "no"
        },
        {
            "trade_id": "fabf2b36-61c2-4c3d-9230-8fe00ec7659a",
            "ticker": "KXHIGHAUS-25FEB06-B76.5",
            "count": 1,
            "created_time": "2025-02-06T14:57:32.589487Z",
            "yes_price": 5,
            "no_price": 95,
            "taker_side": "no"
        },
        {
            "trade_id": "f0ef5608-1c2e-4e10-a852-58e9b25b4fa5",
            "ticker": "KXHIGHAUS-25FEB06-B76.5",
            "count": 7,
            "created_time": "2025-02-06T14:54:28.093378Z",
            "yes_price": 5,
            "no_price": 95,
            "taker_side": "no"
        },
        {
            "trade_id": "740ea43a-963f-49b5-9c93-b941d3321f1d",
            "ticker": "KXHIGHAUS-25FEB06-B76.5",
            "count": 2,
            "created_time": "2025-02-06T14:51:30.143144Z",
            "yes_price": 5,
            "no_price": 95,
            "taker_side": "no"
        },
        {
            "trade_id": "65ee8aa9-904a-444b-b3a4-cd910756124f",
            "ticker": "KXHIGHAUS-25FEB06-B76.5",
            "count": 19,
            "created_time": "2025-02-06T14:48:24.013576Z",
            "yes_price": 5,
            "no_price": 95,
            "taker_side": "no"
        },
        {
            "trade_id": "01da775f-9800-4f61-8070-3f43d8f2fd83",
            "ticker": "KXHIGHAUS-25FEB06-B76.5",
            "count": 1,
            "created_time": "2025-02-06T14:46:33.143992Z",
            "yes_price": 5,
            "no_price": 95,
            "taker_side": "no"
        },
        {
            "trade_id": "c8d102dd-f644-459d-8652-46ca5bbefcbc",
            "ticker": "KXHIGHAUS-25FEB06-B76.5",
            "count": 3,
            "created_time": "2025-02-06T14:45:29.849275Z",
            "yes_price": 5,
            "no_price": 95,
            "taker_side": "no"
        },
        {
            "trade_id": "c9cf5c6b-8ce4-4e18-a8da-be399256d635",
            "ticker": "KXHIGHAUS-25FEB06-B76.5",
            "count": 27,
            "created_time": "2025-02-06T14:44:40.468792Z",
            "yes_price": 5,
            "no_price": 95,
            "taker_side": "yes"
        },
        {
            "trade_id": "4ae6dbab-deab-4f4e-be75-0e798cc1828c",
            "ticker": "KXHIGHAUS-25FEB06-B76.5",
            "count": 8,
            "created_time": "2025-02-06T14:44:40.468792Z",
            "yes_price": 5,
            "no_price": 95,
            "taker_side": "yes"
        },
        {
            "trade_id": "ce6aab7e-5e89-4e23-b377-cc5350f37622",
            "ticker": "KXHIGHAUS-25FEB06-B76.5",
            "count": 117,
            "created_time": "2025-02-06T14:35:48.743577Z",
            "yes_price": 6,
            "no_price": 94,
            "taker_side": "yes"
        },
        {
            "trade_id": "2649998c-a3e5-4d84-b1ef-19911e63e5d1",
            "ticker": "KXHIGHAUS-25FEB06-B76.5",
            "count": 117,
            "created_time": "2025-02-06T14:35:12.941355Z",
            "yes_price": 5,
            "no_price": 95,
            "taker_side": "yes"
        },
        {
            "trade_id": "df69ddbb-a204-4cbe-8e00-979ec06f3864",
            "ticker": "KXHIGHAUS-25FEB06-B76.5",
            "count": 117,
            "created_time": "2025-02-06T14:25:23.252023Z",
            "yes_price": 5,
            "no_price": 95,
            "taker_side": "yes"
        },
        {
            "trade_id": "0198fbf0-7a78-49f3-a533-63b7663ee3c0",
            "ticker": "KXHIGHAUS-25FEB06-B76.5",
            "count": 200,
            "created_time": "2025-02-06T14:25:23.252023Z",
            "yes_price": 5,
            "no_price": 95,
            "taker_side": "yes"
        },
        {
            "trade_id": "1b77371e-ad51-4196-9e0c-f5ab23544fb1",
            "ticker": "KXHIGHAUS-25FEB06-B76.5",
            "count": 36,
            "created_time": "2025-02-06T14:03:19.922187Z",
            "yes_price": 4,
            "no_price": 96,
            "taker_side": "yes"
        },
        {
            "trade_id": "4c727f1c-c0fa-450b-b24f-7fd6e05aab17",
            "ticker": "KXHIGHAUS-25FEB06-B76.5",
            "count": 164,
            "created_time": "2025-02-06T13:21:59.670238Z",
            "yes_price": 4,
            "no_price": 96,
            "taker_side": "no"
        },
        {
            "trade_id": "f08c5b04-f46f-431e-b56b-c268b45ebd6f",
            "ticker": "KXHIGHAUS-25FEB06-B76.5",
            "count": 6,
            "created_time": "2025-02-06T13:10:58.461443Z",
            "yes_price": 5,
            "no_price": 95,
            "taker_side": "yes"
        },
        {
            "trade_id": "8dcd5852-1cd4-4147-a2af-577d2b51dfde",
            "ticker": "KXHIGHAUS-25FEB06-B76.5",
            "count": 83,
            "created_time": "2025-02-06T13:10:58.461443Z",
            "yes_price": 5,
            "no_price": 95,
            "taker_side": "yes"
        },
        {
            "trade_id": "0c425205-5cfa-4bdd-a1b4-8d22f315eb25",
            "ticker": "KXHIGHAUS-25FEB06-B76.5",
            "count": 7,
            "created_time": "2025-02-06T13:10:58.461443Z",
            "yes_price": 5,
            "no_price": 95,
            "taker_side": "yes"
        },
        {
            "trade_id": "46bf0883-f27d-468d-81a2-920eea106c6b",
            "ticker": "KXHIGHAUS-25FEB06-B76.5",
            "count": 11,
            "created_time": "2025-02-06T13:04:39.552654Z",
            "yes_price": 4,
            "no_price": 96,
            "taker_side": "no"
        },
        {
            "trade_id": "ba4de73c-6ab1-4fca-9abd-63897e3b7963",
            "ticker": "KXHIGHAUS-25FEB06-B76.5",
            "count": 58,
            "created_time": "2025-02-06T13:01:28.612986Z",
            "yes_price": 5,
            "no_price": 95,
            "taker_side": "yes"
        },
        {
            "trade_id": "41d60734-ad3a-460a-b7a1-aee5ceb22383",
            "ticker": "KXHIGHAUS-25FEB06-B76.5",
            "count": 17,
            "created_time": "2025-02-06T13:01:28.612986Z",
            "yes_price": 5,
            "no_price": 95,
            "taker_side": "yes"
        },
        {
            "trade_id": "a4f80ef6-46d8-42f4-b187-e40622f707d8",
            "ticker": "KXHIGHAUS-25FEB06-B76.5",
            "count": 240,
            "created_time": "2025-02-06T07:48:41.486283Z",
            "yes_price": 7,
            "no_price": 93,
            "taker_side": "yes"
        },
        {
            "trade_id": "7424678b-f25c-4e56-aa7d-5c9b804768ee",
            "ticker": "KXHIGHAUS-25FEB06-B76.5",
            "count": 240,
            "created_time": "2025-02-06T07:48:41.486283Z",
            "yes_price": 9,
            "no_price": 91,
            "taker_side": "yes"
        },
        {
            "trade_id": "1cf45e97-2f23-4a6d-9838-49e00d4830a8",
            "ticker": "KXHIGHAUS-25FEB06-B76.5",
            "count": 20,
            "created_time": "2025-02-06T07:48:41.486283Z",
            "yes_price": 5,
            "no_price": 95,
            "taker_side": "yes"
        },
        {
            "trade_id": "e8b26475-8b81-4afc-bd7d-0b35e531e015",
            "ticker": "KXHIGHAUS-25FEB06-B76.5",
            "count": 17,
            "created_time": "2025-02-06T07:48:19.069466Z",
            "yes_price": 4,
            "no_price": 96,
            "taker_side": "no"
        },
        {
            "trade_id": "b14388e7-53ef-49e3-b7ba-980dcacaf7e8",
            "ticker": "KXHIGHAUS-25FEB06-B76.5",
            "count": 74,
            "created_time": "2025-02-06T07:48:18.923783Z",
            "yes_price": 12,
            "no_price": 88,
            "taker_side": "no"
        },
        {
            "trade_id": "98feea07-69dc-4d39-a61d-ca8652986b14",
            "ticker": "KXHIGHAUS-25FEB06-B76.5",
            "count": 250,
            "created_time": "2025-02-06T07:48:16.12516Z",
            "yes_price": 12,
            "no_price": 88,
            "taker_side": "no"
        },
        {
            "trade_id": "2d9edc4a-a9e6-4529-8477-afce94e7c2c5",
            "ticker": "KXHIGHAUS-25FEB06-B76.5",
            "count": 1,
            "created_time": "2025-02-06T07:47:49.459805Z",
            "yes_price": 12,
            "no_price": 88,
            "taker_side": "no"
        },
        {
            "trade_id": "eb54c810-865a-4e91-811f-d03a61cf186e",
            "ticker": "KXHIGHAUS-25FEB06-B76.5",
            "count": 12,
            "created_time": "2025-02-06T07:47:40.951448Z",
            "yes_price": 10,
            "no_price": 90,
            "taker_side": "yes"
        },
        {
            "trade_id": "db111004-171b-4494-a93d-a9cb0a2b8925",
            "ticker": "KXHIGHAUS-25FEB06-B76.5",
            "count": 80,
            "created_time": "2025-02-06T07:47:40.951448Z",
            "yes_price": 10,
            "no_price": 90,
            "taker_side": "yes"
        },
        {
            "trade_id": "b1c5fc19-82f5-42db-8fa6-f58767090e8b",
            "ticker": "KXHIGHAUS-25FEB06-B76.5",
            "count": 17,
            "created_time": "2025-02-06T07:47:40.951448Z",
            "yes_price": 10,
            "no_price": 90,
            "taker_side": "yes"
        },
        {
            "trade_id": "a2178724-f64d-4fa7-9a05-5915d4cbeee4",
            "ticker": "KXHIGHAUS-25FEB06-B76.5",
            "count": 8,
            "created_time": "2025-02-06T07:47:40.951448Z",
            "yes_price": 8,
            "no_price": 92,
            "taker_side": "yes"
        },
        {
            "trade_id": "3b3ab369-cef2-4d4e-b079-2b88439d2685",
            "ticker": "KXHIGHAUS-25FEB06-B76.5",
            "count": 80,
            "created_time": "2025-02-06T07:47:40.951448Z",
            "yes_price": 12,
            "no_price": 88,
            "taker_side": "yes"
        },
        {
            "trade_id": "f9b0d575-da47-4ef9-9d40-da6c5feb69f8",
            "ticker": "KXHIGHAUS-25FEB06-B76.5",
            "count": 240,
            "created_time": "2025-02-06T07:47:21.98776Z",
            "yes_price": 6,
            "no_price": 94,
            "taker_side": "yes"
        },
        {
            "trade_id": "2d3c69ee-56fa-4e97-a2d4-b5004444570b",
            "ticker": "KXHIGHAUS-25FEB06-B76.5",
            "count": 240,
            "created_time": "2025-02-06T07:47:21.98776Z",
            "yes_price": 8,
            "no_price": 92,
            "taker_side": "yes"
        },
        {
            "trade_id": "7914921c-09e3-4653-baaf-9ebc64a1fae3",
            "ticker": "KXHIGHAUS-25FEB06-B76.5",
            "count": 1,
            "created_time": "2025-02-06T07:47:17.729246Z",
            "yes_price": 4,
            "no_price": 96,
            "taker_side": "no"
        },
        {
            "trade_id": "9e0abe1f-a62e-4b17-802f-0bcf8a8c0326",
            "ticker": "KXHIGHAUS-25FEB06-B76.5",
            "count": 11,
            "created_time": "2025-02-06T07:46:12.868238Z",
            "yes_price": 4,
            "no_price": 96,
            "taker_side": "yes"
        },
        {
            "trade_id": "9ad9a7ed-7d37-428d-8b6d-8e17e9fa94de",
            "ticker": "KXHIGHAUS-25FEB06-B76.5",
            "count": 1,
            "created_time": "2025-02-06T07:46:12.868238Z",
            "yes_price": 4,
            "no_price": 96,
            "taker_side": "yes"
        },
        {
            "trade_id": "19475ed9-3988-48eb-8abf-3c8c2272d66d",
            "ticker": "KXHIGHAUS-25FEB06-B76.5",
            "count": 2,
            "created_time": "2025-02-06T07:46:12.868238Z",
            "yes_price": 4,
            "no_price": 96,
            "taker_side": "yes"
        },
        {
            "trade_id": "c8d79fd2-ab8d-4689-9380-acd11616b2b8",
            "ticker": "KXHIGHAUS-25FEB06-B76.5",
            "count": 1,
            "created_time": "2025-02-06T02:49:10.489668Z",
            "yes_price": 3,
            "no_price": 97,
            "taker_side": "no"
        },
        {
            "trade_id": "4949de82-66b2-4393-baec-bb1d3ca648e4",
            "ticker": "KXHIGHAUS-25FEB06-B76.5",
            "count": 20,
            "created_time": "2025-02-05T23:36:25.422086Z",
            "yes_price": 4,
            "no_price": 96,
            "taker_side": "no"
        },
        {
            "trade_id": "1ed09728-ed78-4485-ad0d-d11e91a731fd",
            "ticker": "KXHIGHAUS-25FEB06-B76.5",
            "count": 61,
            "created_time": "2025-02-05T23:33:29.18492Z",
            "yes_price": 4,
            "no_price": 96,
            "taker_side": "no"
        },
        {
            "trade_id": "83a15002-4b61-451b-99b2-0ebb847284bd",
            "ticker": "KXHIGHAUS-25FEB06-B76.5",
            "count": 43,
            "created_time": "2025-02-05T23:30:33.044563Z",
            "yes_price": 4,
            "no_price": 96,
            "taker_side": "no"
        },
        {
            "trade_id": "aab1aed3-650d-4b5d-bb39-ac0df4d41d5a",
            "ticker": "KXHIGHAUS-25FEB06-B76.5",
            "count": 38,
            "created_time": "2025-02-05T23:27:28.95675Z",
            "yes_price": 4,
            "no_price": 96,
            "taker_side": "no"
        },
        {
            "trade_id": "efe5e179-6640-4fe1-ac81-c7d8abfd420e",
            "ticker": "KXHIGHAUS-25FEB06-B76.5",
            "count": 4,
            "created_time": "2025-02-05T23:25:24.553907Z",
            "yes_price": 4,
            "no_price": 96,
            "taker_side": "yes"
        },
        {
            "trade_id": "b93ab5c7-e0c9-4725-856d-9f192950fee1",
            "ticker": "KXHIGHAUS-25FEB06-B76.5",
            "count": 8,
            "created_time": "2025-02-05T23:25:24.553907Z",
            "yes_price": 4,
            "no_price": 96,
            "taker_side": "yes"
        },
        {
            "trade_id": "7cb68e14-6865-4b29-92f9-e32bed735213",
            "ticker": "KXHIGHAUS-25FEB06-B76.5",
            "count": 26,
            "created_time": "2025-02-05T23:25:24.553907Z",
            "yes_price": 4,
            "no_price": 96,
            "taker_side": "yes"
        }
    ],
    "KXHIGHAUS-25FEB06-B78.5": [
        {
            "trade_id": "a5577ede-62b2-46a6-af6f-08ee8ca1362e",
            "ticker": "KXHIGHAUS-25FEB06-B78.5",
            "count": 807,
            "created_time": "2025-02-06T22:31:02.688849Z",
            "yes_price": 1,
            "no_price": 99,
            "taker_side": "yes"
        },
        {
            "trade_id": "a0e664a6-3eae-4b25-a384-a00abb666b97",
            "ticker": "KXHIGHAUS-25FEB06-B78.5",
            "count": 1300,
            "created_time": "2025-02-06T22:12:08.620471Z",
            "yes_price": 1,
            "no_price": 99,
            "taker_side": "yes"
        },
        {
            "trade_id": "66a16fef-9285-447d-89b0-585251d62e1b",
            "ticker": "KXHIGHAUS-25FEB06-B78.5",
            "count": 2700,
            "created_time": "2025-02-06T22:12:08.620471Z",
            "yes_price": 1,
            "no_price": 99,
            "taker_side": "yes"
        },
        {
            "trade_id": "9fa221cd-8ed7-4c30-b3a9-412b56e4874d",
            "ticker": "KXHIGHAUS-25FEB06-B78.5",
            "count": 29,
            "created_time": "2025-02-06T20:51:04.437311Z",
            "yes_price": 1,
            "no_price": 99,
            "taker_side": "yes"
        },
        {
            "trade_id": "42b5077c-34b1-4c3d-94d7-fbd2794b966d",
            "ticker": "KXHIGHAUS-25FEB06-B78.5",
            "count": 93,
            "created_time": "2025-02-06T20:25:18.714911Z",
            "yes_price": 1,
            "no_price": 99,
            "taker_side": "yes"
        },
        {
            "trade_id": "8a25a2ad-4207-4da4-aedf-98f1a8d36ff3",
            "ticker": "KXHIGHAUS-25FEB06-B78.5",
            "count": 197,
            "created_time": "2025-02-06T20:12:18.019659Z",
            "yes_price": 1,
            "no_price": 99,
            "taker_side": "yes"
        },
        {
            "trade_id": "902a3da0-1520-4534-be30-1107fca052e4",
            "ticker": "KXHIGHAUS-25FEB06-B78.5",
            "count": 200,
            "created_time": "2025-02-06T20:02:28.492172Z",
            "yes_price": 1,
            "no_price": 99,
            "taker_side": "yes"
        },
        {
            "trade_id": "703877a2-66ac-4662-b670-9eed9a977f20",
            "ticker": "KXHIGHAUS-25FEB06-B78.5",
            "count": 50,
            "created_time": "2025-02-06T19:59:08.477873Z",
            "yes_price": 1,
            "no_price": 99,
            "taker_side": "yes"
        },
        {
            "trade_id": "defc3065-5566-4d1a-b99c-c6b6cad4b5ae",
            "ticker": "KXHIGHAUS-25FEB06-B78.5",
            "count": 1691,
            "created_time": "2025-02-06T19:56:41.765592Z",
            "yes_price": 1,
            "no_price": 99,
            "taker_side": "no"
        },
        {
            "trade_id": "9622e165-f673-411a-bf09-5477df91b11e",
            "ticker": "KXHIGHAUS-25FEB06-B78.5",
            "count": 40,
            "created_time": "2025-02-06T19:56:41.765592Z",
            "yes_price": 1,
            "no_price": 99,
            "taker_side": "no"
        },
        {
            "trade_id": "ecfe855b-26ba-4b05-a62e-8ff3bfe02221",
            "ticker": "KXHIGHAUS-25FEB06-B78.5",
            "count": 1309,
            "created_time": "2025-02-06T19:56:06.053858Z",
            "yes_price": 1,
            "no_price": 99,
            "taker_side": "no"
        },
        {
            "trade_id": "dffdf5cf-bf5d-4c5f-bd6a-c4b64783f986",
            "ticker": "KXHIGHAUS-25FEB06-B78.5",
            "count": 100,
            "created_time": "2025-02-06T19:56:06.053858Z",
            "yes_price": 5,
            "no_price": 95,
            "taker_side": "no"
        },
        {
            "trade_id": "cdaedf5f-d3a1-4666-87b7-e7d05cba8ba9",
            "ticker": "KXHIGHAUS-25FEB06-B78.5",
            "count": 1,
            "created_time": "2025-02-06T19:56:06.053858Z",
            "yes_price": 7,
            "no_price": 93,
            "taker_side": "no"
        },
        {
            "trade_id": "bcfb44dd-e85d-48ee-9917-e6fa5b9abc8e",
            "ticker": "KXHIGHAUS-25FEB06-B78.5",
            "count": 50,
            "created_time": "2025-02-06T19:56:06.053858Z",
            "yes_price": 6,
            "no_price": 94,
            "taker_side": "no"
        },
        {
            "trade_id": "9d73c3db-8f8d-4328-b1be-0fe3a58c61a4",
            "ticker": "KXHIGHAUS-25FEB06-B78.5",
            "count": 150,
            "created_time": "2025-02-06T19:56:06.053858Z",
            "yes_price": 1,
            "no_price": 99,
            "taker_side": "no"
        },
        {
            "trade_id": "7acb10ee-de78-423c-8c46-55ac4a7779c2",
            "ticker": "KXHIGHAUS-25FEB06-B78.5",
            "count": 40,
            "created_time": "2025-02-06T19:56:06.053858Z",
            "yes_price": 2,
            "no_price": 98,
            "taker_side": "no"
        },
        {
            "trade_id": "45eac900-c795-47b7-b757-cb6a283ce244",
            "ticker": "KXHIGHAUS-25FEB06-B78.5",
            "count": 300,
            "created_time": "2025-02-06T19:56:06.053858Z",
            "yes_price": 2,
            "no_price": 98,
            "taker_side": "no"
        },
        {
            "trade_id": "3fa1b4c9-21e4-41f1-9943-ffe820fd9e0d",
            "ticker": "KXHIGHAUS-25FEB06-B78.5",
            "count": 50,
            "created_time": "2025-02-06T19:56:06.053858Z",
            "yes_price": 3,
            "no_price": 97,
            "taker_side": "no"
        },
        {
            "trade_id": "170ddaae-b88e-4a71-b34b-4935f4823ed4",
            "ticker": "KXHIGHAUS-25FEB06-B78.5",
            "count": 50,
            "created_time": "2025-02-06T19:52:00.422617Z",
            "yes_price": 7,
            "no_price": 93,
            "taker_side": "no"
        },
        {
            "trade_id": "cdd7a121-d88a-4de6-b593-23b91f7e7cff",
            "ticker": "KXHIGHAUS-25FEB06-B78.5",
            "count": 2,
            "created_time": "2025-02-06T19:41:44.889281Z",
            "yes_price": 11,
            "no_price": 89,
            "taker_side": "no"
        },
        {
            "trade_id": "487331e2-1357-48a3-ad56-cc3dea557cd5",
            "ticker": "KXHIGHAUS-25FEB06-B78.5",
            "count": 105,
            "created_time": "2025-02-06T19:41:44.889281Z",
            "yes_price": 10,
            "no_price": 90,
            "taker_side": "no"
        },
        {
            "trade_id": "ff8e7e96-d838-4ca5-9c25-49a2aa20389b",
            "ticker": "KXHIGHAUS-25FEB06-B78.5",
            "count": 347,
            "created_time": "2025-02-06T19:39:27.186641Z",
            "yes_price": 11,
            "no_price": 89,
            "taker_side": "no"
        },
        {
            "trade_id": "627c7b5b-1699-496b-85c9-4b4bcb56ef14",
            "ticker": "KXHIGHAUS-25FEB06-B78.5",
            "count": 149,
            "created_time": "2025-02-06T19:39:27.186641Z",
            "yes_price": 10,
            "no_price": 90,
            "taker_side": "no"
        },
        {
            "trade_id": "1a0d9597-0904-45be-88a6-8aa9f0812c94",
            "ticker": "KXHIGHAUS-25FEB06-B78.5",
            "count": 4,
            "created_time": "2025-02-06T19:39:27.186641Z",
            "yes_price": 10,
            "no_price": 90,
            "taker_side": "no"
        },
        {
            "trade_id": "a1648e29-dd2b-487a-825b-5d8d23692cb0",
            "ticker": "KXHIGHAUS-25FEB06-B78.5",
            "count": 8,
            "created_time": "2025-02-06T19:30:45.053259Z",
            "yes_price": 11,
            "no_price": 89,
            "taker_side": "no"
        },
        {
            "trade_id": "7dbe2660-3359-49cf-9092-ff36689d8474",
            "ticker": "KXHIGHAUS-25FEB06-B78.5",
            "count": 375,
            "created_time": "2025-02-06T19:30:45.053259Z",
            "yes_price": 10,
            "no_price": 90,
            "taker_side": "no"
        },
        {
            "trade_id": "5d835347-bdda-4f46-b514-d13176c4fc05",
            "ticker": "KXHIGHAUS-25FEB06-B78.5",
            "count": 96,
            "created_time": "2025-02-06T19:28:31.79316Z",
            "yes_price": 10,
            "no_price": 90,
            "taker_side": "no"
        },
        {
            "trade_id": "5a848fdb-159c-4f3c-8447-2e017fb13eca",
            "ticker": "KXHIGHAUS-25FEB06-B78.5",
            "count": 2,
            "created_time": "2025-02-06T19:28:31.79316Z",
            "yes_price": 12,
            "no_price": 88,
            "taker_side": "no"
        },
        {
            "trade_id": "d0ae4854-32c8-4501-ac1b-f986314330b5",
            "ticker": "KXHIGHAUS-25FEB06-B78.5",
            "count": 7,
            "created_time": "2025-02-06T19:22:52.858313Z",
            "yes_price": 26,
            "no_price": 74,
            "taker_side": "yes"
        },
        {
            "trade_id": "c9859216-8856-4a90-8b76-3c2da34c608b",
            "ticker": "KXHIGHAUS-25FEB06-B78.5",
            "count": 22,
            "created_time": "2025-02-06T19:22:52.858313Z",
            "yes_price": 27,
            "no_price": 73,
            "taker_side": "yes"
        },
        {
            "trade_id": "7a6256de-569e-41a0-9198-7da1dc3e8249",
            "ticker": "KXHIGHAUS-25FEB06-B78.5",
            "count": 9,
            "created_time": "2025-02-06T19:22:52.858313Z",
            "yes_price": 18,
            "no_price": 82,
            "taker_side": "yes"
        },
        {
            "trade_id": "f061b79b-92f3-4d8c-94d2-da0b253f8800",
            "ticker": "KXHIGHAUS-25FEB06-B78.5",
            "count": 500,
            "created_time": "2025-02-06T19:22:33.991127Z",
            "yes_price": 13,
            "no_price": 87,
            "taker_side": "yes"
        },
        {
            "trade_id": "448ba36e-d332-4434-872e-302b9674e010",
            "ticker": "KXHIGHAUS-25FEB06-B78.5",
            "count": 105,
            "created_time": "2025-02-06T19:16:05.411094Z",
            "yes_price": 11,
            "no_price": 89,
            "taker_side": "no"
        },
        {
            "trade_id": "1f121bdf-c6d0-4f18-8bec-e3682ce69e70",
            "ticker": "KXHIGHAUS-25FEB06-B78.5",
            "count": 6,
            "created_time": "2025-02-06T19:16:05.411094Z",
            "yes_price": 12,
            "no_price": 88,
            "taker_side": "no"
        },
        {
            "trade_id": "8a23797b-8b3a-4dd7-b4cf-28bbb09eb1e1",
            "ticker": "KXHIGHAUS-25FEB06-B78.5",
            "count": 48,
            "created_time": "2025-02-06T19:13:26.171747Z",
            "yes_price": 11,
            "no_price": 89,
            "taker_side": "no"
        },
        {
            "trade_id": "4bf57208-50be-4160-ad8f-a1426b52de7f",
            "ticker": "KXHIGHAUS-25FEB06-B78.5",
            "count": 4,
            "created_time": "2025-02-06T19:08:54.599194Z",
            "yes_price": 12,
            "no_price": 88,
            "taker_side": "no"
        },
        {
            "trade_id": "ef616129-e272-4582-8390-dd90572087d2",
            "ticker": "KXHIGHAUS-25FEB06-B78.5",
            "count": 4,
            "created_time": "2025-02-06T19:07:48.388233Z",
            "yes_price": 20,
            "no_price": 80,
            "taker_side": "yes"
        },
        {
            "trade_id": "e3f5a94c-cda7-48d8-a441-e9e2148e9416",
            "ticker": "KXHIGHAUS-25FEB06-B78.5",
            "count": 26,
            "created_time": "2025-02-06T19:06:20.187928Z",
            "yes_price": 11,
            "no_price": 89,
            "taker_side": "no"
        },
        {
            "trade_id": "5d1a2c2b-d0a9-4ebc-83b4-fb13ca43eb44",
            "ticker": "KXHIGHAUS-25FEB06-B78.5",
            "count": 168,
            "created_time": "2025-02-06T19:06:20.187928Z",
            "yes_price": 10,
            "no_price": 90,
            "taker_side": "no"
        },
        {
            "trade_id": "3c7e06bd-18dc-41af-8958-8f7c54f27038",
            "ticker": "KXHIGHAUS-25FEB06-B78.5",
            "count": 3,
            "created_time": "2025-02-06T19:06:20.187928Z",
            "yes_price": 12,
            "no_price": 88,
            "taker_side": "no"
        },
        {
            "trade_id": "8d7b99ee-1b00-42d1-a54e-84d2c860d02c",
            "ticker": "KXHIGHAUS-25FEB06-B78.5",
            "count": 700,
            "created_time": "2025-02-06T19:04:42.331721Z",
            "yes_price": 20,
            "no_price": 80,
            "taker_side": "no"
        },
        {
            "trade_id": "8e7a1792-ddcb-486f-bf6d-729815c50990",
            "ticker": "KXHIGHAUS-25FEB06-B78.5",
            "count": 500,
            "created_time": "2025-02-06T19:04:23.9915Z",
            "yes_price": 20,
            "no_price": 80,
            "taker_side": "no"
        },
        {
            "trade_id": "84bc9447-d90d-48a7-b328-852b04d273ff",
            "ticker": "KXHIGHAUS-25FEB06-B78.5",
            "count": 1,
            "created_time": "2025-02-06T19:04:13.353714Z",
            "yes_price": 21,
            "no_price": 79,
            "taker_side": "no"
        },
        {
            "trade_id": "bc8f2cf7-da65-4ef1-82e2-f8b4364e0de6",
            "ticker": "KXHIGHAUS-25FEB06-B78.5",
            "count": 12,
            "created_time": "2025-02-06T18:59:45.963045Z",
            "yes_price": 22,
            "no_price": 78,
            "taker_side": "no"
        },
        {
            "trade_id": "7e0552d9-d1b3-477f-8564-1cd259f8034f",
            "ticker": "KXHIGHAUS-25FEB06-B78.5",
            "count": 1,
            "created_time": "2025-02-06T18:59:45.963045Z",
            "yes_price": 23,
            "no_price": 77,
            "taker_side": "no"
        },
        {
            "trade_id": "3cfd3fbc-7c58-416c-a006-42a2567851e6",
            "ticker": "KXHIGHAUS-25FEB06-B78.5",
            "count": 84,
            "created_time": "2025-02-06T18:59:45.963045Z",
            "yes_price": 22,
            "no_price": 78,
            "taker_side": "no"
        },
        {
            "trade_id": "fe3cf5d7-5f97-4a55-a7f8-0bee8d46e70e",
            "ticker": "KXHIGHAUS-25FEB06-B78.5",
            "count": 11,
            "created_time": "2025-02-06T18:52:22.205285Z",
            "yes_price": 22,
            "no_price": 78,
            "taker_side": "no"
        },
        {
            "trade_id": "99e1793b-b9d0-4170-b455-1307b169f22b",
            "ticker": "KXHIGHAUS-25FEB06-B78.5",
            "count": 4,
            "created_time": "2025-02-06T18:51:30.116845Z",
            "yes_price": 22,
            "no_price": 78,
            "taker_side": "no"
        },
        {
            "trade_id": "09ed391e-5ecf-443b-bc3f-6610be2d01c5",
            "ticker": "KXHIGHAUS-25FEB06-B78.5",
            "count": 6,
            "created_time": "2025-02-06T18:51:30.116845Z",
            "yes_price": 23,
            "no_price": 77,
            "taker_side": "no"
        },
        {
            "trade_id": "70dd73d0-d1de-468b-8274-d8f0ea9d72d1",
            "ticker": "KXHIGHAUS-25FEB06-B78.5",
            "count": 9,
            "created_time": "2025-02-06T18:50:57.158567Z",
            "yes_price": 23,
            "no_price": 77,
            "taker_side": "no"
        },
        {
            "trade_id": "16b98dad-4d97-4b02-87d8-3c722d4bea45",
            "ticker": "KXHIGHAUS-25FEB06-B78.5",
            "count": 12,
            "created_time": "2025-02-06T18:49:06.681757Z",
            "yes_price": 17,
            "no_price": 83,
            "taker_side": "yes"
        },
        {
            "trade_id": "f1c2213d-9591-4c1e-8100-613e9ba6931f",
            "ticker": "KXHIGHAUS-25FEB06-B78.5",
            "count": 42,
            "created_time": "2025-02-06T18:45:58.883339Z",
            "yes_price": 11,
            "no_price": 89,
            "taker_side": "no"
        },
        {
            "trade_id": "f6ba8b2c-1abf-4288-bab9-68a5664d228a",
            "ticker": "KXHIGHAUS-25FEB06-B78.5",
            "count": 23,
            "created_time": "2025-02-06T18:31:10.755017Z",
            "yes_price": 9,
            "no_price": 91,
            "taker_side": "no"
        },
        {
            "trade_id": "1687e269-40d3-4cf2-ad35-111e2d1f85b5",
            "ticker": "KXHIGHAUS-25FEB06-B78.5",
            "count": 477,
            "created_time": "2025-02-06T18:31:10.755017Z",
            "yes_price": 9,
            "no_price": 91,
            "taker_side": "no"
        },
        {
            "trade_id": "b87c39d6-fdc7-47d7-a939-bb5f765c0a77",
            "ticker": "KXHIGHAUS-25FEB06-B78.5",
            "count": 27,
            "created_time": "2025-02-06T18:19:13.622381Z",
            "yes_price": 19,
            "no_price": 81,
            "taker_side": "no"
        },
        {
            "trade_id": "32a2fa57-fe73-45da-8e70-40ff349b898b",
            "ticker": "KXHIGHAUS-25FEB06-B78.5",
            "count": 29,
            "created_time": "2025-02-06T18:16:05.579098Z",
            "yes_price": 19,
            "no_price": 81,
            "taker_side": "no"
        },
        {
            "trade_id": "eca0a054-56e9-4b0b-b88c-e6364fb61a22",
            "ticker": "KXHIGHAUS-25FEB06-B78.5",
            "count": 21,
            "created_time": "2025-02-06T18:12:49.866397Z",
            "yes_price": 19,
            "no_price": 81,
            "taker_side": "no"
        },
        {
            "trade_id": "8fdd5f24-d9d1-4745-ac7c-efbe7d8c225e",
            "ticker": "KXHIGHAUS-25FEB06-B78.5",
            "count": 3,
            "created_time": "2025-02-06T18:12:49.866397Z",
            "yes_price": 18,
            "no_price": 82,
            "taker_side": "no"
        },
        {
            "trade_id": "4a14a0ca-01b0-45d2-8439-f93135dc9664",
            "ticker": "KXHIGHAUS-25FEB06-B78.5",
            "count": 37,
            "created_time": "2025-02-06T18:12:49.866397Z",
            "yes_price": 19,
            "no_price": 81,
            "taker_side": "no"
        },
        {
            "trade_id": "229953f6-9ca8-49ea-abfb-2e90f4990f1b",
            "ticker": "KXHIGHAUS-25FEB06-B78.5",
            "count": 9,
            "created_time": "2025-02-06T18:12:49.866397Z",
            "yes_price": 20,
            "no_price": 80,
            "taker_side": "no"
        },
        {
            "trade_id": "65518e2a-3801-48ef-8bff-a43bf8f86da4",
            "ticker": "KXHIGHAUS-25FEB06-B78.5",
            "count": 15,
            "created_time": "2025-02-06T18:09:50.631863Z",
            "yes_price": 22,
            "no_price": 78,
            "taker_side": "no"
        },
        {
            "trade_id": "0892a23b-1db0-49d4-8eae-60f6f250b7dd",
            "ticker": "KXHIGHAUS-25FEB06-B78.5",
            "count": 43,
            "created_time": "2025-02-06T18:09:50.631863Z",
            "yes_price": 21,
            "no_price": 79,
            "taker_side": "no"
        },
        {
            "trade_id": "6bcdced0-fa94-429b-a940-aa11231a9d5d",
            "ticker": "KXHIGHAUS-25FEB06-B78.5",
            "count": 5,
            "created_time": "2025-02-06T18:06:52.81151Z",
            "yes_price": 22,
            "no_price": 78,
            "taker_side": "no"
        },
        {
            "trade_id": "ab71056e-7028-4021-bf84-71461938a022",
            "ticker": "KXHIGHAUS-25FEB06-B78.5",
            "count": 1,
            "created_time": "2025-02-06T18:06:11.32386Z",
            "yes_price": 22,
            "no_price": 78,
            "taker_side": "no"
        },
        {
            "trade_id": "3efa3060-1604-4833-8cd0-344f294ac466",
            "ticker": "KXHIGHAUS-25FEB06-B78.5",
            "count": 4,
            "created_time": "2025-02-06T18:06:11.32386Z",
            "yes_price": 21,
            "no_price": 79,
            "taker_side": "no"
        },
        {
            "trade_id": "5604a0aa-8749-4c7d-90d2-a1b3f0e47fae",
            "ticker": "KXHIGHAUS-25FEB06-B78.5",
            "count": 4,
            "created_time": "2025-02-06T18:05:32.6752Z",
            "yes_price": 22,
            "no_price": 78,
            "taker_side": "no"
        },
        {
            "trade_id": "420ada71-7808-4528-af95-df31887db0b1",
            "ticker": "KXHIGHAUS-25FEB06-B78.5",
            "count": 5,
            "created_time": "2025-02-06T18:02:01.746916Z",
            "yes_price": 22,
            "no_price": 78,
            "taker_side": "no"
        },
        {
            "trade_id": "f1304663-9718-4964-9faf-57dd4abc882e",
            "ticker": "KXHIGHAUS-25FEB06-B78.5",
            "count": 3,
            "created_time": "2025-02-06T18:01:16.288655Z",
            "yes_price": 35,
            "no_price": 65,
            "taker_side": "yes"
        },
        {
            "trade_id": "7c97e8ed-15e6-4cb6-9ee6-3a246bf27a5d",
            "ticker": "KXHIGHAUS-25FEB06-B78.5",
            "count": 6,
            "created_time": "2025-02-06T18:01:16.288655Z",
            "yes_price": 36,
            "no_price": 64,
            "taker_side": "yes"
        },
        {
            "trade_id": "44b5057c-e54d-4720-8491-c7ecbe89c933",
            "ticker": "KXHIGHAUS-25FEB06-B78.5",
            "count": 17,
            "created_time": "2025-02-06T18:01:16.288655Z",
            "yes_price": 37,
            "no_price": 63,
            "taker_side": "yes"
        },
        {
            "trade_id": "2e360742-15ea-4613-b74d-d959c361be19",
            "ticker": "KXHIGHAUS-25FEB06-B78.5",
            "count": 6,
            "created_time": "2025-02-06T18:00:53.361213Z",
            "yes_price": 34,
            "no_price": 66,
            "taker_side": "yes"
        },
        {
            "trade_id": "2ca89066-9365-4034-a1ea-2c3e4d7512e5",
            "ticker": "KXHIGHAUS-25FEB06-B78.5",
            "count": 6,
            "created_time": "2025-02-06T18:00:53.361213Z",
            "yes_price": 35,
            "no_price": 65,
            "taker_side": "yes"
        },
        {
            "trade_id": "1d5b5466-36d4-4269-b591-765d1b9ee87d",
            "ticker": "KXHIGHAUS-25FEB06-B78.5",
            "count": 20,
            "created_time": "2025-02-06T18:00:53.361213Z",
            "yes_price": 35,
            "no_price": 65,
            "taker_side": "yes"
        },
        {
            "trade_id": "b827f358-9b9e-4830-9075-79537b082fdb",
            "ticker": "KXHIGHAUS-25FEB06-B78.5",
            "count": 10,
            "created_time": "2025-02-06T18:00:45.840507Z",
            "yes_price": 34,
            "no_price": 66,
            "taker_side": "yes"
        },
        {
            "trade_id": "afab9597-3b36-4fa8-8e32-34e06025b960",
            "ticker": "KXHIGHAUS-25FEB06-B78.5",
            "count": 3,
            "created_time": "2025-02-06T18:00:45.840507Z",
            "yes_price": 34,
            "no_price": 66,
            "taker_side": "yes"
        },
        {
            "trade_id": "65199b9a-7909-4fa3-a991-14cb323515ad",
            "ticker": "KXHIGHAUS-25FEB06-B78.5",
            "count": 12,
            "created_time": "2025-02-06T18:00:45.840507Z",
            "yes_price": 35,
            "no_price": 65,
            "taker_side": "yes"
        },
        {
            "trade_id": "c5207cf9-5467-4be0-9e68-0e7cdca3daaf",
            "ticker": "KXHIGHAUS-25FEB06-B78.5",
            "count": 5,
            "created_time": "2025-02-06T17:59:59.961439Z",
            "yes_price": 28,
            "no_price": 72,
            "taker_side": "yes"
        },
        {
            "trade_id": "b3a331fd-c0ed-4264-bde9-d2e58d99f149",
            "ticker": "KXHIGHAUS-25FEB06-B78.5",
            "count": 31,
            "created_time": "2025-02-06T17:59:59.961439Z",
            "yes_price": 36,
            "no_price": 64,
            "taker_side": "yes"
        },
        {
            "trade_id": "65ae6267-1d34-408a-86c2-f9c95397cad7",
            "ticker": "KXHIGHAUS-25FEB06-B78.5",
            "count": 35,
            "created_time": "2025-02-06T17:59:59.961439Z",
            "yes_price": 35,
            "no_price": 65,
            "taker_side": "yes"
        },
        {
            "trade_id": "58197edb-7c41-4be1-8fcb-bf3a571affe9",
            "ticker": "KXHIGHAUS-25FEB06-B78.5",
            "count": 16,
            "created_time": "2025-02-06T17:59:59.961439Z",
            "yes_price": 28,
            "no_price": 72,
            "taker_side": "yes"
        },
        {
            "trade_id": "dddc5b02-9100-4c49-9cce-41618121206e",
            "ticker": "KXHIGHAUS-25FEB06-B78.5",
            "count": 12,
            "created_time": "2025-02-06T17:58:24.223543Z",
            "yes_price": 20,
            "no_price": 80,
            "taker_side": "no"
        },
        {
            "trade_id": "37bebb27-3902-434e-9229-51dc743cb120",
            "ticker": "KXHIGHAUS-25FEB06-B78.5",
            "count": 82,
            "created_time": "2025-02-06T17:53:42.055462Z",
            "yes_price": 19,
            "no_price": 81,
            "taker_side": "no"
        },
        {
            "trade_id": "d5b84c91-aa75-402d-84fb-4e6f31142429",
            "ticker": "KXHIGHAUS-25FEB06-B78.5",
            "count": 2,
            "created_time": "2025-02-06T17:48:57.411755Z",
            "yes_price": 20,
            "no_price": 80,
            "taker_side": "no"
        },
        {
            "trade_id": "46dae257-25bc-4696-91e4-1a45d28c83cd",
            "ticker": "KXHIGHAUS-25FEB06-B78.5",
            "count": 38,
            "created_time": "2025-02-06T17:48:57.411755Z",
            "yes_price": 20,
            "no_price": 80,
            "taker_side": "no"
        },
        {
            "trade_id": "b6ce661e-b9d2-4bcd-bea6-d486a7dba2fa",
            "ticker": "KXHIGHAUS-25FEB06-B78.5",
            "count": 87,
            "created_time": "2025-02-06T17:44:18.337432Z",
            "yes_price": 23,
            "no_price": 77,
            "taker_side": "no"
        },
        {
            "trade_id": "0a8f6c9d-0dde-461d-bb05-a80868f4a8d4",
            "ticker": "KXHIGHAUS-25FEB06-B78.5",
            "count": 970,
            "created_time": "2025-02-06T17:44:18.337432Z",
            "yes_price": 22,
            "no_price": 78,
            "taker_side": "no"
        },
        {
            "trade_id": "b26a5138-44ab-4263-9ce3-c5679f93ac03",
            "ticker": "KXHIGHAUS-25FEB06-B78.5",
            "count": 2,
            "created_time": "2025-02-06T17:38:22.766085Z",
            "yes_price": 28,
            "no_price": 72,
            "taker_side": "no"
        },
        {
            "trade_id": "3bb4ffed-696b-427d-9751-b10e93bbabeb",
            "ticker": "KXHIGHAUS-25FEB06-B78.5",
            "count": 93,
            "created_time": "2025-02-06T17:38:22.766085Z",
            "yes_price": 26,
            "no_price": 74,
            "taker_side": "no"
        },
        {
            "trade_id": "249e725e-c7e2-4ef3-97b6-0befdd0300a5",
            "ticker": "KXHIGHAUS-25FEB06-B78.5",
            "count": 205,
            "created_time": "2025-02-06T17:38:22.766085Z",
            "yes_price": 27,
            "no_price": 73,
            "taker_side": "no"
        },
        {
            "trade_id": "be235052-862a-4af6-a86d-6e00370d639c",
            "ticker": "KXHIGHAUS-25FEB06-B78.5",
            "count": 3,
            "created_time": "2025-02-06T17:37:28.078352Z",
            "yes_price": 30,
            "no_price": 70,
            "taker_side": "yes"
        },
        {
            "trade_id": "27cd4e71-4601-49d4-8208-1f08a171063a",
            "ticker": "KXHIGHAUS-25FEB06-B78.5",
            "count": 250,
            "created_time": "2025-02-06T17:37:22.297738Z",
            "yes_price": 29,
            "no_price": 71,
            "taker_side": "no"
        },
        {
            "trade_id": "121a479e-f9ac-49c4-9832-3019a3ca1cff",
            "ticker": "KXHIGHAUS-25FEB06-B78.5",
            "count": 30,
            "created_time": "2025-02-06T17:37:15.3605Z",
            "yes_price": 29,
            "no_price": 71,
            "taker_side": "no"
        },
        {
            "trade_id": "95f40b25-45ad-4145-b906-982fd60454ff",
            "ticker": "KXHIGHAUS-25FEB06-B78.5",
            "count": 15,
            "created_time": "2025-02-06T17:34:56.839507Z",
            "yes_price": 29,
            "no_price": 71,
            "taker_side": "no"
        },
        {
            "trade_id": "4df583ab-753a-49ad-a811-ac17d9fc59bf",
            "ticker": "KXHIGHAUS-25FEB06-B78.5",
            "count": 188,
            "created_time": "2025-02-06T17:34:56.839507Z",
            "yes_price": 30,
            "no_price": 70,
            "taker_side": "no"
        },
        {
            "trade_id": "8f72f7cf-d31c-4d85-a65e-b9584c69144c",
            "ticker": "KXHIGHAUS-25FEB06-B78.5",
            "count": 3,
            "created_time": "2025-02-06T17:32:28.859017Z",
            "yes_price": 31,
            "no_price": 69,
            "taker_side": "yes"
        },
        {
            "trade_id": "10179e91-82aa-49c9-8e0f-23de8196f1c2",
            "ticker": "KXHIGHAUS-25FEB06-B78.5",
            "count": 21,
            "created_time": "2025-02-06T17:30:22.053921Z",
            "yes_price": 30,
            "no_price": 70,
            "taker_side": "no"
        },
        {
            "trade_id": "c4b811b7-e3de-46e5-9984-c008fa8f7c29",
            "ticker": "KXHIGHAUS-25FEB06-B78.5",
            "count": 1,
            "created_time": "2025-02-06T17:29:45.283586Z",
            "yes_price": 30,
            "no_price": 70,
            "taker_side": "no"
        },
        {
            "trade_id": "f0ea3f77-cf94-4db6-b71c-e50f501496ce",
            "ticker": "KXHIGHAUS-25FEB06-B78.5",
            "count": 4,
            "created_time": "2025-02-06T17:28:45.690321Z",
            "yes_price": 30,
            "no_price": 70,
            "taker_side": "yes"
        },
        {
            "trade_id": "b63b3140-f251-4b6b-9a0f-2ac320efa4eb",
            "ticker": "KXHIGHAUS-25FEB06-B78.5",
            "count": 6,
            "created_time": "2025-02-06T17:28:45.690321Z",
            "yes_price": 30,
            "no_price": 70,
            "taker_side": "yes"
        },
        {
            "trade_id": "73ffdf43-fe7f-4664-9e53-d926a1e79393",
            "ticker": "KXHIGHAUS-25FEB06-B78.5",
            "count": 3,
            "created_time": "2025-02-06T17:24:09.509888Z",
            "yes_price": 26,
            "no_price": 74,
            "taker_side": "yes"
        },
        {
            "trade_id": "aacfbe4f-d9bb-44d1-90f5-ca05cf60f2cd",
            "ticker": "KXHIGHAUS-25FEB06-B78.5",
            "count": 12,
            "created_time": "2025-02-06T17:24:03.153865Z",
            "yes_price": 24,
            "no_price": 76,
            "taker_side": "no"
        },
        {
            "trade_id": "e5a735ae-6a49-4b6b-9f01-f5d27a9c59a6",
            "ticker": "KXHIGHAUS-25FEB06-B78.5",
            "count": 13,
            "created_time": "2025-02-06T17:21:25.460282Z",
            "yes_price": 22,
            "no_price": 78,
            "taker_side": "yes"
        },
        {
            "trade_id": "97ac8243-92e9-47c9-bd04-8e0e21322d4e",
            "ticker": "KXHIGHAUS-25FEB06-B78.5",
            "count": 12,
            "created_time": "2025-02-06T17:21:25.460282Z",
            "yes_price": 20,
            "no_price": 80,
            "taker_side": "yes"
        },
        {
            "trade_id": "43882b9a-381c-4a3e-949f-2b005c3ec53a",
            "ticker": "KXHIGHAUS-25FEB06-B78.5",
            "count": 5,
            "created_time": "2025-02-06T17:21:25.460282Z",
            "yes_price": 21,
            "no_price": 79,
            "taker_side": "yes"
        },
        {
            "trade_id": "f27e9088-44c8-4a9b-a802-f22b3d68b8db",
            "ticker": "KXHIGHAUS-25FEB06-B78.5",
            "count": 7,
            "created_time": "2025-02-06T17:14:18.079431Z",
            "yes_price": 18,
            "no_price": 82,
            "taker_side": "yes"
        },
        {
            "trade_id": "413efa18-21a2-4625-afd2-fb48811bceb8",
            "ticker": "KXHIGHAUS-25FEB06-B78.5",
            "count": 5,
            "created_time": "2025-02-06T17:12:19.626514Z",
            "yes_price": 16,
            "no_price": 84,
            "taker_side": "no"
        },
        {
            "trade_id": "5c673d22-bbd1-42a6-aad8-41a822cdbe78",
            "ticker": "KXHIGHAUS-25FEB06-B78.5",
            "count": 5,
            "created_time": "2025-02-06T17:11:13.256113Z",
            "yes_price": 16,
            "no_price": 84,
            "taker_side": "no"
        },
        {
            "trade_id": "c3022ce8-9798-4fc4-b912-bbedf87291c1",
            "ticker": "KXHIGHAUS-25FEB06-B78.5",
            "count": 15,
            "created_time": "2025-02-06T17:00:27.077688Z",
            "yes_price": 22,
            "no_price": 78,
            "taker_side": "no"
        },
        {
            "trade_id": "26c2999a-a652-424d-bb8a-f8e50a0455af",
            "ticker": "KXHIGHAUS-25FEB06-B78.5",
            "count": 12,
            "created_time": "2025-02-06T16:57:27.428515Z",
            "yes_price": 18,
            "no_price": 82,
            "taker_side": "yes"
        },
        {
            "trade_id": "8c1d406a-9b66-44b4-84d4-e2334a612a69",
            "ticker": "KXHIGHAUS-25FEB06-B78.5",
            "count": 2,
            "created_time": "2025-02-06T16:57:27.326471Z",
            "yes_price": 16,
            "no_price": 84,
            "taker_side": "yes"
        },
        {
            "trade_id": "f4e7ed5f-8de6-487b-a8b9-0eaa8776a038",
            "ticker": "KXHIGHAUS-25FEB06-B78.5",
            "count": 3,
            "created_time": "2025-02-06T16:52:08.589854Z",
            "yes_price": 17,
            "no_price": 83,
            "taker_side": "yes"
        },
        {
            "trade_id": "be878ed8-01d8-491a-a54c-41fb42490307",
            "ticker": "KXHIGHAUS-25FEB06-B78.5",
            "count": 6,
            "created_time": "2025-02-06T16:52:08.589854Z",
            "yes_price": 16,
            "no_price": 84,
            "taker_side": "yes"
        },
        {
            "trade_id": "48a815a5-ba47-4f30-acfb-675e6de6993d",
            "ticker": "KXHIGHAUS-25FEB06-B78.5",
            "count": 7,
            "created_time": "2025-02-06T16:52:08.589854Z",
            "yes_price": 17,
            "no_price": 83,
            "taker_side": "yes"
        },
        {
            "trade_id": "1ec0dc82-9d76-431c-ad32-c7bc4a587203",
            "ticker": "KXHIGHAUS-25FEB06-B78.5",
            "count": 22,
            "created_time": "2025-02-06T16:52:08.589854Z",
            "yes_price": 17,
            "no_price": 83,
            "taker_side": "yes"
        },
        {
            "trade_id": "6d46dba2-1164-4d4c-a5af-82f7b2725561",
            "ticker": "KXHIGHAUS-25FEB06-B78.5",
            "count": 4,
            "created_time": "2025-02-06T16:47:22.361599Z",
            "yes_price": 15,
            "no_price": 85,
            "taker_side": "yes"
        },
        {
            "trade_id": "25d8e21a-e2f8-45db-b484-d8e96d3570ee",
            "ticker": "KXHIGHAUS-25FEB06-B78.5",
            "count": 21,
            "created_time": "2025-02-06T16:47:22.361599Z",
            "yes_price": 16,
            "no_price": 84,
            "taker_side": "yes"
        },
        {
            "trade_id": "4de242c8-d554-4366-87ac-91b7e281a312",
            "ticker": "KXHIGHAUS-25FEB06-B78.5",
            "count": 1433,
            "created_time": "2025-02-06T16:44:43.949443Z",
            "yes_price": 14,
            "no_price": 86,
            "taker_side": "no"
        },
        {
            "trade_id": "41b986e5-4bb4-4b65-8e20-c770ec863c0b",
            "ticker": "KXHIGHAUS-25FEB06-B78.5",
            "count": 67,
            "created_time": "2025-02-06T16:44:43.949443Z",
            "yes_price": 15,
            "no_price": 85,
            "taker_side": "no"
        },
        {
            "trade_id": "bf79e3d8-6688-46bf-afa2-5c54ad97100b",
            "ticker": "KXHIGHAUS-25FEB06-B78.5",
            "count": 107,
            "created_time": "2025-02-06T16:42:23.995456Z",
            "yes_price": 14,
            "no_price": 86,
            "taker_side": "no"
        },
        {
            "trade_id": "a1240245-629b-4b77-824d-d2dcf0c7560d",
            "ticker": "KXHIGHAUS-25FEB06-B78.5",
            "count": 93,
            "created_time": "2025-02-06T16:42:23.995456Z",
            "yes_price": 15,
            "no_price": 85,
            "taker_side": "no"
        },
        {
            "trade_id": "5b742b96-6ab2-4861-b8d9-976c447919ee",
            "ticker": "KXHIGHAUS-25FEB06-B78.5",
            "count": 300,
            "created_time": "2025-02-06T16:42:23.995456Z",
            "yes_price": 16,
            "no_price": 84,
            "taker_side": "no"
        },
        {
            "trade_id": "fbba9638-a285-488d-acd5-ebfbd14affb5",
            "ticker": "KXHIGHAUS-25FEB06-B78.5",
            "count": 65,
            "created_time": "2025-02-06T16:39:30.691031Z",
            "yes_price": 17,
            "no_price": 83,
            "taker_side": "yes"
        },
        {
            "trade_id": "ddcf9cd4-87a5-44be-859b-86b9554908ff",
            "ticker": "KXHIGHAUS-25FEB06-B78.5",
            "count": 17,
            "created_time": "2025-02-06T16:39:30.691031Z",
            "yes_price": 17,
            "no_price": 83,
            "taker_side": "yes"
        },
        {
            "trade_id": "d842a955-b724-4214-8d1a-4b97b16990b5",
            "ticker": "KXHIGHAUS-25FEB06-B78.5",
            "count": 3,
            "created_time": "2025-02-06T16:39:30.691031Z",
            "yes_price": 16,
            "no_price": 84,
            "taker_side": "yes"
        },
        {
            "trade_id": "a5a66db9-3475-4b19-924b-a904b4fed5eb",
            "ticker": "KXHIGHAUS-25FEB06-B78.5",
            "count": 34,
            "created_time": "2025-02-06T16:39:30.691031Z",
            "yes_price": 17,
            "no_price": 83,
            "taker_side": "yes"
        },
        {
            "trade_id": "d9292485-8bc7-4938-a4d9-405f9f4a2d28",
            "ticker": "KXHIGHAUS-25FEB06-B78.5",
            "count": 12,
            "created_time": "2025-02-06T16:35:07.539369Z",
            "yes_price": 17,
            "no_price": 83,
            "taker_side": "yes"
        },
        {
            "trade_id": "c37d1994-e490-433e-b089-a9aea5d69884",
            "ticker": "KXHIGHAUS-25FEB06-B78.5",
            "count": 13,
            "created_time": "2025-02-06T16:35:07.539369Z",
            "yes_price": 15,
            "no_price": 85,
            "taker_side": "yes"
        },
        {
            "trade_id": "4c0c651c-a940-4cbf-bc7a-bfb7c9339d6a",
            "ticker": "KXHIGHAUS-25FEB06-B78.5",
            "count": 54,
            "created_time": "2025-02-06T16:35:07.539369Z",
            "yes_price": 15,
            "no_price": 85,
            "taker_side": "yes"
        },
        {
            "trade_id": "34bc0b68-a232-4de4-bd1b-5ec9ac12469c",
            "ticker": "KXHIGHAUS-25FEB06-B78.5",
            "count": 240,
            "created_time": "2025-02-06T16:35:07.539369Z",
            "yes_price": 17,
            "no_price": 83,
            "taker_side": "yes"
        },
        {
            "trade_id": "0f6131a9-9f9e-473c-beb5-39fe2f26751f",
            "ticker": "KXHIGHAUS-25FEB06-B78.5",
            "count": 22,
            "created_time": "2025-02-06T16:35:07.539369Z",
            "yes_price": 16,
            "no_price": 84,
            "taker_side": "yes"
        },
        {
            "trade_id": "5428ca10-b549-43d6-bc0b-81b0465dc762",
            "ticker": "KXHIGHAUS-25FEB06-B78.5",
            "count": 48,
            "created_time": "2025-02-06T16:30:35.341854Z",
            "yes_price": 15,
            "no_price": 85,
            "taker_side": "no"
        },
        {
            "trade_id": "a034c3f6-b71a-4991-852c-756729de9c53",
            "ticker": "KXHIGHAUS-25FEB06-B78.5",
            "count": 36,
            "created_time": "2025-02-06T16:30:29.666197Z",
            "yes_price": 14,
            "no_price": 86,
            "taker_side": "no"
        },
        {
            "trade_id": "23516e75-f3b8-4e3d-9f74-24ab195ee5c1",
            "ticker": "KXHIGHAUS-25FEB06-B78.5",
            "count": 37,
            "created_time": "2025-02-06T16:30:28.319891Z",
            "yes_price": 14,
            "no_price": 86,
            "taker_side": "no"
        },
        {
            "trade_id": "19081c17-6bad-4a33-b7d7-ea54252935bd",
            "ticker": "KXHIGHAUS-25FEB06-B78.5",
            "count": 49,
            "created_time": "2025-02-06T16:28:27.029754Z",
            "yes_price": 14,
            "no_price": 86,
            "taker_side": "no"
        },
        {
            "trade_id": "cdbf1b45-bffb-4580-9537-a709a91d88b0",
            "ticker": "KXHIGHAUS-25FEB06-B78.5",
            "count": 4,
            "created_time": "2025-02-06T16:28:06.969357Z",
            "yes_price": 14,
            "no_price": 86,
            "taker_side": "no"
        },
        {
            "trade_id": "68db6e51-1298-424d-bbe3-7caa07325a2c",
            "ticker": "KXHIGHAUS-25FEB06-B78.5",
            "count": 1,
            "created_time": "2025-02-06T16:26:09.98909Z",
            "yes_price": 15,
            "no_price": 85,
            "taker_side": "no"
        },
        {
            "trade_id": "136b9bb0-2426-4c5c-814b-fae6f10c3510",
            "ticker": "KXHIGHAUS-25FEB06-B78.5",
            "count": 10,
            "created_time": "2025-02-06T16:26:04.05174Z",
            "yes_price": 14,
            "no_price": 86,
            "taker_side": "no"
        },
        {
            "trade_id": "f8603fc7-a373-4ff2-84ef-efe832873630",
            "ticker": "KXHIGHAUS-25FEB06-B78.5",
            "count": 2,
            "created_time": "2025-02-06T16:25:03.477726Z",
            "yes_price": 14,
            "no_price": 86,
            "taker_side": "no"
        },
        {
            "trade_id": "7c986212-59c9-4cba-89e3-55b195c7dc1b",
            "ticker": "KXHIGHAUS-25FEB06-B78.5",
            "count": 2,
            "created_time": "2025-02-06T16:25:03.477726Z",
            "yes_price": 15,
            "no_price": 85,
            "taker_side": "no"
        },
        {
            "trade_id": "b597aa72-5839-4d0a-a7f7-5942978116f6",
            "ticker": "KXHIGHAUS-25FEB06-B78.5",
            "count": 100,
            "created_time": "2025-02-06T16:20:13.363457Z",
            "yes_price": 15,
            "no_price": 85,
            "taker_side": "yes"
        },
        {
            "trade_id": "31715d74-b0cb-4f8a-89fc-a116cf71de9b",
            "ticker": "KXHIGHAUS-25FEB06-B78.5",
            "count": 1,
            "created_time": "2025-02-06T16:18:33.225639Z",
            "yes_price": 15,
            "no_price": 85,
            "taker_side": "no"
        },
        {
            "trade_id": "454258ba-88b9-40ba-bc5a-ec48572f22a0",
            "ticker": "KXHIGHAUS-25FEB06-B78.5",
            "count": 12,
            "created_time": "2025-02-06T16:18:26.077767Z",
            "yes_price": 14,
            "no_price": 86,
            "taker_side": "no"
        },
        {
            "trade_id": "efa7b162-5e24-4622-9176-59592747b23a",
            "ticker": "KXHIGHAUS-25FEB06-B78.5",
            "count": 132,
            "created_time": "2025-02-06T16:16:48.98201Z",
            "yes_price": 14,
            "no_price": 86,
            "taker_side": "no"
        },
        {
            "trade_id": "fda6a076-8429-4945-9b11-481e43041cb8",
            "ticker": "KXHIGHAUS-25FEB06-B78.5",
            "count": 124,
            "created_time": "2025-02-06T16:15:59.314993Z",
            "yes_price": 14,
            "no_price": 86,
            "taker_side": "no"
        },
        {
            "trade_id": "a9d248ba-a7e7-40d9-81e2-a6c9140067d7",
            "ticker": "KXHIGHAUS-25FEB06-B78.5",
            "count": 49,
            "created_time": "2025-02-06T16:15:35.139927Z",
            "yes_price": 14,
            "no_price": 86,
            "taker_side": "no"
        },
        {
            "trade_id": "c0b7506d-e371-4766-bddc-df8293179904",
            "ticker": "KXHIGHAUS-25FEB06-B78.5",
            "count": 12,
            "created_time": "2025-02-06T16:14:19.743518Z",
            "yes_price": 14,
            "no_price": 86,
            "taker_side": "no"
        },
        {
            "trade_id": "390743c9-860d-4e51-a99c-dcea0eb44221",
            "ticker": "KXHIGHAUS-25FEB06-B78.5",
            "count": 10,
            "created_time": "2025-02-06T16:14:17.500311Z",
            "yes_price": 14,
            "no_price": 86,
            "taker_side": "no"
        },
        {
            "trade_id": "4350d7e6-2a8a-4a08-9649-a38d92020d33",
            "ticker": "KXHIGHAUS-25FEB06-B78.5",
            "count": 49,
            "created_time": "2025-02-06T16:13:22.322946Z",
            "yes_price": 14,
            "no_price": 86,
            "taker_side": "no"
        },
        {
            "trade_id": "a6faf9cb-f39d-4bb7-a9a3-b5fef8a1f148",
            "ticker": "KXHIGHAUS-25FEB06-B78.5",
            "count": 7,
            "created_time": "2025-02-06T16:12:45.309655Z",
            "yes_price": 14,
            "no_price": 86,
            "taker_side": "no"
        },
        {
            "trade_id": "841a27ff-c1b6-46a3-b7b5-251375f63485",
            "ticker": "KXHIGHAUS-25FEB06-B78.5",
            "count": 46,
            "created_time": "2025-02-06T16:12:22.155628Z",
            "yes_price": 14,
            "no_price": 86,
            "taker_side": "no"
        },
        {
            "trade_id": "309aa3e5-b213-4624-81ac-3eecede4cfa4",
            "ticker": "KXHIGHAUS-25FEB06-B78.5",
            "count": 32,
            "created_time": "2025-02-06T16:10:05.80745Z",
            "yes_price": 14,
            "no_price": 86,
            "taker_side": "no"
        },
        {
            "trade_id": "bccc0f7f-7068-4122-86a3-a417c44290ef",
            "ticker": "KXHIGHAUS-25FEB06-B78.5",
            "count": 30,
            "created_time": "2025-02-06T16:10:04.848732Z",
            "yes_price": 14,
            "no_price": 86,
            "taker_side": "no"
        },
        {
            "trade_id": "e4043531-2aaf-491b-90fb-8335e95a4b6f",
            "ticker": "KXHIGHAUS-25FEB06-B78.5",
            "count": 50,
            "created_time": "2025-02-06T16:10:04.596804Z",
            "yes_price": 13,
            "no_price": 87,
            "taker_side": "yes"
        },
        {
            "trade_id": "aee6d851-e8a5-4fc7-b839-be1605beab87",
            "ticker": "KXHIGHAUS-25FEB06-B78.5",
            "count": 240,
            "created_time": "2025-02-06T16:10:04.596804Z",
            "yes_price": 12,
            "no_price": 88,
            "taker_side": "yes"
        },
        {
            "trade_id": "93897c6c-6797-4c46-bb49-69c9777e042c",
            "ticker": "KXHIGHAUS-25FEB06-B78.5",
            "count": 21,
            "created_time": "2025-02-06T16:10:04.596804Z",
            "yes_price": 10,
            "no_price": 90,
            "taker_side": "yes"
        },
        {
            "trade_id": "77e45c4a-3b29-48e3-b987-ed169e829ceb",
            "ticker": "KXHIGHAUS-25FEB06-B78.5",
            "count": 240,
            "created_time": "2025-02-06T16:10:04.596804Z",
            "yes_price": 14,
            "no_price": 86,
            "taker_side": "yes"
        },
        {
            "trade_id": "41f52b82-8fce-4c2d-be8c-d83d11d8b6ec",
            "ticker": "KXHIGHAUS-25FEB06-B78.5",
            "count": 1,
            "created_time": "2025-02-06T16:10:04.596804Z",
            "yes_price": 10,
            "no_price": 90,
            "taker_side": "yes"
        },
        {
            "trade_id": "3806f80b-a402-4a74-b581-74670981a3ec",
            "ticker": "KXHIGHAUS-25FEB06-B78.5",
            "count": 68,
            "created_time": "2025-02-06T16:10:04.596804Z",
            "yes_price": 10,
            "no_price": 90,
            "taker_side": "yes"
        },
        {
            "trade_id": "170737bc-9a9a-4ffb-9792-368b89c88da1",
            "ticker": "KXHIGHAUS-25FEB06-B78.5",
            "count": 19,
            "created_time": "2025-02-06T16:10:04.596804Z",
            "yes_price": 9,
            "no_price": 91,
            "taker_side": "yes"
        },
        {
            "trade_id": "34bb0b27-314a-4f67-8c6f-869305369298",
            "ticker": "KXHIGHAUS-25FEB06-B78.5",
            "count": 115,
            "created_time": "2025-02-06T15:47:52.023789Z",
            "yes_price": 10,
            "no_price": 90,
            "taker_side": "yes"
        },
        {
            "trade_id": "ba3e8a82-7c61-4ab5-844e-0ae15d86e57f",
            "ticker": "KXHIGHAUS-25FEB06-B78.5",
            "count": 4,
            "created_time": "2025-02-06T15:46:12.88306Z",
            "yes_price": 7,
            "no_price": 93,
            "taker_side": "yes"
        },
        {
            "trade_id": "868764a7-8170-485a-87d8-c1e72374be9a",
            "ticker": "KXHIGHAUS-25FEB06-B78.5",
            "count": 6,
            "created_time": "2025-02-06T15:46:12.88306Z",
            "yes_price": 7,
            "no_price": 93,
            "taker_side": "yes"
