{
    "KXHIGHAUS-25MAY08-T83": [
        {
            "trade_id": "642e4a15-fbd3-4342-b6bc-ccf2e97246da",
            "ticker": "KXHIGHAUS-25MAY08-T83",
            "count": 1,
            "created_time": "2025-05-09T01:21:10.37555Z",
            "yes_price": 1,
            "no_price": 99,
            "taker_side": "yes"
        },
        {
            "trade_id": "f6dde2ce-29c8-41d1-890d-c7672e07250b",
            "ticker": "KXHIGHAUS-25MAY08-T83",
            "count": 241,
            "created_time": "2025-05-08T19:52:39.649296Z",
            "yes_price": 1,
            "no_price": 99,
            "taker_side": "yes"
        },
        {
            "trade_id": "52c441e9-abc9-4b85-94f5-3d411661423d",
            "ticker": "KXHIGHAUS-25MAY08-T83",
            "count": 93,
            "created_time": "2025-05-08T19:50:41.684564Z",
            "yes_price": 1,
            "no_price": 99,
            "taker_side": "yes"
        },
        {
            "trade_id": "f6f38b7a-8218-4e08-a1d2-350ff01164c4",
            "ticker": "KXHIGHAUS-25MAY08-T83",
            "count": 34,
            "created_time": "2025-05-08T19:18:43.713699Z",
            "yes_price": 1,
            "no_price": 99,
            "taker_side": "yes"
        },
        {
            "trade_id": "779204e3-e2d0-4d07-b3c6-829c34beffad",
            "ticker": "KXHIGHAUS-25MAY08-T83",
            "count": 187,
            "created_time": "2025-05-08T19:13:41.019079Z",
            "yes_price": 1,
            "no_price": 99,
            "taker_side": "yes"
        },
        {
            "trade_id": "78326f68-1cc6-4dd1-aa22-e5f635e14318",
            "ticker": "KXHIGHAUS-25MAY08-T83",
            "count": 54,
            "created_time": "2025-05-08T18:50:52.390003Z",
            "yes_price": 1,
            "no_price": 99,
            "taker_side": "yes"
        },
        {
            "trade_id": "e864dafc-e792-44ef-af5b-9f954c204fa3",
            "ticker": "KXHIGHAUS-25MAY08-T83",
            "count": 187,
            "created_time": "2025-05-08T18:36:10.590038Z",
            "yes_price": 1,
            "no_price": 99,
            "taker_side": "yes"
        },
        {
            "trade_id": "754dbb60-3265-4f0f-b756-1fc08ad08d21",
            "ticker": "KXHIGHAUS-25MAY08-T83",
            "count": 56,
            "created_time": "2025-05-08T18:27:37.384252Z",
            "yes_price": 1,
            "no_price": 99,
            "taker_side": "yes"
        },
        {
            "trade_id": "a5bf8107-85b9-4f9b-815a-6dfc606db529",
            "ticker": "KXHIGHAUS-25MAY08-T83",
            "count": 93,
            "created_time": "2025-05-08T17:56:25.605831Z",
            "yes_price": 1,
            "no_price": 99,
            "taker_side": "yes"
        },
        {
            "trade_id": "914b0062-010a-44a5-983c-84f538133d2b",
            "ticker": "KXHIGHAUS-25MAY08-T83",
            "count": 50,
            "created_time": "2025-05-08T17:55:33.185534Z",
            "yes_price": 2,
            "no_price": 98,
            "taker_side": "no"
        },
        {
            "trade_id": "4d0a8e9b-f8ab-41bc-b2cb-a01faac13cb4",
            "ticker": "KXHIGHAUS-25MAY08-T83",
            "count": 200,
            "created_time": "2025-05-08T17:55:33.185534Z",
            "yes_price": 1,
            "no_price": 99,
            "taker_side": "no"
        },
        {
            "trade_id": "2dedd307-b860-45a1-a80f-5b59a4eb7a4c",
            "ticker": "KXHIGHAUS-25MAY08-T83",
            "count": 150,
            "created_time": "2025-05-08T17:55:33.185534Z",
            "yes_price": 1,
            "no_price": 99,
            "taker_side": "no"
        },
        {
            "trade_id": "9d713134-a1fd-4bf1-b794-498bd86bc861",
            "ticker": "KXHIGHAUS-25MAY08-T83",
            "count": 31,
            "created_time": "2025-05-08T17:53:34.284292Z",
            "yes_price": 3,
            "no_price": 97,
            "taker_side": "yes"
        },
        {
            "trade_id": "d98d1c10-1652-4f61-b5a3-cf268f3d1072",
            "ticker": "KXHIGHAUS-25MAY08-T83",
            "count": 156,
            "created_time": "2025-05-08T17:50:10.069056Z",
            "yes_price": 3,
            "no_price": 97,
            "taker_side": "yes"
        },
        {
            "trade_id": "dbee3d39-3d24-4a55-9dff-0358c52db13f",
            "ticker": "KXHIGHAUS-25MAY08-T83",
            "count": 31,
            "created_time": "2025-05-08T17:46:10.645259Z",
            "yes_price": 3,
            "no_price": 97,
            "taker_side": "yes"
        },
        {
            "trade_id": "f7aaeb99-f345-40f7-9d55-40c3af4b4d7e",
            "ticker": "KXHIGHAUS-25MAY08-T83",
            "count": 50,
            "created_time": "2025-05-08T17:00:23.529981Z",
            "yes_price": 5,
            "no_price": 95,
            "taker_side": "no"
        },
        {
            "trade_id": "bf9d7bfa-b09e-4bfc-87f2-1b4ed6eda227",
            "ticker": "KXHIGHAUS-25MAY08-T83",
            "count": 150,
            "created_time": "2025-05-08T17:00:23.529981Z",
            "yes_price": 4,
            "no_price": 96,
            "taker_side": "no"
        },
        {
            "trade_id": "a8b1d64a-9421-456e-ae79-d184a6e80eb5",
            "ticker": "KXHIGHAUS-25MAY08-T83",
            "count": 17,
            "created_time": "2025-05-08T16:58:46.043605Z",
            "yes_price": 10,
            "no_price": 90,
            "taker_side": "no"
        },
        {
            "trade_id": "b6928639-fbfc-4fcb-882d-20ad0b00afab",
            "ticker": "KXHIGHAUS-25MAY08-T83",
            "count": 34,
            "created_time": "2025-05-08T16:46:33.312507Z",
            "yes_price": 11,
            "no_price": 89,
            "taker_side": "yes"
        },
        {
            "trade_id": "97353cf4-38b1-4078-b6c3-8e1621ddbe20",
            "ticker": "KXHIGHAUS-25MAY08-T83",
            "count": 56,
            "created_time": "2025-05-08T16:46:33.312507Z",
            "yes_price": 12,
            "no_price": 88,
            "taker_side": "yes"
        },
        {
            "trade_id": "6ce93a4e-d466-4237-b200-789f901c69bd",
            "ticker": "KXHIGHAUS-25MAY08-T83",
            "count": 50,
            "created_time": "2025-05-08T16:46:33.312507Z",
            "yes_price": 11,
            "no_price": 89,
            "taker_side": "yes"
        },
        {
            "trade_id": "390465cb-c836-4647-846c-0e7a45af2b00",
            "ticker": "KXHIGHAUS-25MAY08-T83",
            "count": 16,
            "created_time": "2025-05-08T16:46:33.312507Z",
            "yes_price": 11,
            "no_price": 89,
            "taker_side": "yes"
        },
        {
            "trade_id": "280b2f0d-c058-4de8-818c-0f80aa3c2b52",
            "ticker": "KXHIGHAUS-25MAY08-T83",
            "count": 75,
            "created_time": "2025-05-08T16:46:33.312507Z",
            "yes_price": 14,
            "no_price": 86,
            "taker_side": "yes"
        },
        {
            "trade_id": "612980b4-8b9f-4c65-9c44-7b0188227b09",
            "ticker": "KXHIGHAUS-25MAY08-T83",
            "count": 1,
            "created_time": "2025-05-08T16:37:26.650869Z",
            "yes_price": 10,
            "no_price": 90,
            "taker_side": "no"
        },
        {
            "trade_id": "f9113ccf-b9df-44a8-990d-54c95f76b2b5",
            "ticker": "KXHIGHAUS-25MAY08-T83",
            "count": 200,
            "created_time": "2025-05-08T16:29:45.219013Z",
            "yes_price": 8,
            "no_price": 92,
            "taker_side": "no"
        },
        {
            "trade_id": "614168bc-7ea2-4a3e-84e4-9a8325c5b7d1",
            "ticker": "KXHIGHAUS-25MAY08-T83",
            "count": 1293,
            "created_time": "2025-05-08T16:29:45.219013Z",
            "yes_price": 8,
            "no_price": 92,
            "taker_side": "no"
        },
        {
            "trade_id": "57dc4928-7562-459e-ba03-6494295a8efb",
            "ticker": "KXHIGHAUS-25MAY08-T83",
            "count": 1,
            "created_time": "2025-05-08T16:29:45.219013Z",
            "yes_price": 12,
            "no_price": 88,
            "taker_side": "no"
        },
        {
            "trade_id": "2cf7e90c-0676-4377-83c2-519a81db3571",
            "ticker": "KXHIGHAUS-25MAY08-T83",
            "count": 29,
            "created_time": "2025-05-08T16:29:45.219013Z",
            "yes_price": 10,
            "no_price": 90,
            "taker_side": "no"
        },
        {
            "trade_id": "2c108505-d545-49e3-8458-78e5650f916d",
            "ticker": "KXHIGHAUS-25MAY08-T83",
            "count": 16,
            "created_time": "2025-05-08T16:29:45.219013Z",
            "yes_price": 10,
            "no_price": 90,
            "taker_side": "no"
        },
        {
            "trade_id": "1a8b055b-6955-4668-8589-742e3b436945",
            "ticker": "KXHIGHAUS-25MAY08-T83",
            "count": 50,
            "created_time": "2025-05-08T16:29:45.219013Z",
            "yes_price": 10,
            "no_price": 90,
            "taker_side": "no"
        },
        {
            "trade_id": "0c1d8ae1-888a-4873-8ba1-721c5ef65729",
            "ticker": "KXHIGHAUS-25MAY08-T83",
            "count": 38,
            "created_time": "2025-05-08T16:29:45.219013Z",
            "yes_price": 9,
            "no_price": 91,
            "taker_side": "no"
        },
        {
            "trade_id": "005ecee2-a317-4939-a786-5c6067cbcdee",
            "ticker": "KXHIGHAUS-25MAY08-T83",
            "count": 14,
            "created_time": "2025-05-08T16:29:45.219013Z",
            "yes_price": 11,
            "no_price": 89,
            "taker_side": "no"
        },
        {
            "trade_id": "72464f26-db00-4fdc-b538-0d5ca59882fd",
            "ticker": "KXHIGHAUS-25MAY08-T83",
            "count": 7,
            "created_time": "2025-05-08T16:29:29.936562Z",
            "yes_price": 13,
            "no_price": 87,
            "taker_side": "yes"
        },
        {
            "trade_id": "5f526cb6-f58d-4ee0-b99a-d1b9c0cf15b8",
            "ticker": "KXHIGHAUS-25MAY08-T83",
            "count": 1,
            "created_time": "2025-05-08T15:49:01.23881Z",
            "yes_price": 11,
            "no_price": 89,
            "taker_side": "no"
        },
        {
            "trade_id": "9c7a9c1a-f78d-4469-9a9a-cf4481d5872d",
            "ticker": "KXHIGHAUS-25MAY08-T83",
            "count": 86,
            "created_time": "2025-05-08T15:40:05.947782Z",
            "yes_price": 12,
            "no_price": 88,
            "taker_side": "no"
        },
        {
            "trade_id": "f229fac2-2164-4815-8a5f-446ea26dc583",
            "ticker": "KXHIGHAUS-25MAY08-T83",
            "count": 4,
            "created_time": "2025-05-08T15:39:06.873467Z",
            "yes_price": 12,
            "no_price": 88,
            "taker_side": "no"
        },
        {
            "trade_id": "7abb38c2-a956-4da5-9943-59c8dadd4efb",
            "ticker": "KXHIGHAUS-25MAY08-T83",
            "count": 50,
            "created_time": "2025-05-08T15:39:06.873467Z",
            "yes_price": 11,
            "no_price": 89,
            "taker_side": "no"
        },
        {
            "trade_id": "7051e86a-d09b-417a-8a55-d7858a40707d",
            "ticker": "KXHIGHAUS-25MAY08-T83",
            "count": 82,
            "created_time": "2025-05-08T15:39:06.873467Z",
            "yes_price": 12,
            "no_price": 88,
            "taker_side": "no"
        },
        {
            "trade_id": "4dccf0f0-ec31-495b-b1e1-d62046a222ba",
            "ticker": "KXHIGHAUS-25MAY08-T83",
            "count": 2,
            "created_time": "2025-05-08T15:39:06.873467Z",
            "yes_price": 10,
            "no_price": 90,
            "taker_side": "no"
        },
        {
            "trade_id": "0b61f519-aa72-42b0-b8c0-ea4937cec364",
            "ticker": "KXHIGHAUS-25MAY08-T83",
            "count": 12,
            "created_time": "2025-05-08T15:39:06.873467Z",
            "yes_price": 12,
            "no_price": 88,
            "taker_side": "no"
        },
        {
            "trade_id": "ee1c4dad-78dc-4842-8dbc-53f796ac0215",
            "ticker": "KXHIGHAUS-25MAY08-T83",
            "count": 4,
            "created_time": "2025-05-08T15:32:19.989258Z",
            "yes_price": 13,
            "no_price": 87,
            "taker_side": "no"
        },
        {
            "trade_id": "f1701681-1923-40d1-8365-165eb934409c",
            "ticker": "KXHIGHAUS-25MAY08-T83",
            "count": 94,
            "created_time": "2025-05-08T15:30:32.860486Z",
            "yes_price": 13,
            "no_price": 87,
            "taker_side": "no"
        },
        {
            "trade_id": "4e64ecf6-a194-476f-878b-16e7957ceb1c",
            "ticker": "KXHIGHAUS-25MAY08-T83",
            "count": 2,
            "created_time": "2025-05-08T15:30:25.728458Z",
            "yes_price": 13,
            "no_price": 87,
            "taker_side": "no"
        },
        {
            "trade_id": "dd2c7e94-3028-4d1a-b50d-f615d3978b8c",
            "ticker": "KXHIGHAUS-25MAY08-T83",
            "count": 99,
            "created_time": "2025-05-08T15:30:08.547163Z",
            "yes_price": 13,
            "no_price": 87,
            "taker_side": "no"
        },
        {
            "trade_id": "089e76e0-f1b5-473e-b792-e1bbfbc00877",
            "ticker": "KXHIGHAUS-25MAY08-T83",
            "count": 11,
            "created_time": "2025-05-08T15:30:08.547163Z",
            "yes_price": 13,
            "no_price": 87,
            "taker_side": "no"
        },
        {
            "trade_id": "b97e27d6-e57f-4496-9ba4-9f1f73092796",
            "ticker": "KXHIGHAUS-25MAY08-T83",
            "count": 50,
            "created_time": "2025-05-08T15:29:14.041842Z",
            "yes_price": 14,
            "no_price": 86,
            "taker_side": "no"
        },
        {
            "trade_id": "9a1e3448-3bd7-40ba-b855-5011460e04b3",
            "ticker": "KXHIGHAUS-25MAY08-T83",
            "count": 65,
            "created_time": "2025-05-08T15:29:14.041842Z",
            "yes_price": 14,
            "no_price": 86,
            "taker_side": "no"
        },
        {
            "trade_id": "228ea1b8-1509-4501-a52b-4c01cb4c763a",
            "ticker": "KXHIGHAUS-25MAY08-T83",
            "count": 4,
            "created_time": "2025-05-08T15:29:14.041842Z",
            "yes_price": 14,
            "no_price": 86,
            "taker_side": "no"
        },
        {
            "trade_id": "d305fc08-6495-448b-bfcd-3c891e245280",
            "ticker": "KXHIGHAUS-25MAY08-T83",
            "count": 10,
            "created_time": "2025-05-08T15:13:46.787881Z",
            "yes_price": 15,
            "no_price": 85,
            "taker_side": "no"
        },
        {
            "trade_id": "79f04eb4-a6b6-448a-9f00-04367131df5a",
            "ticker": "KXHIGHAUS-25MAY08-T83",
            "count": 4,
            "created_time": "2025-05-08T15:13:46.787881Z",
            "yes_price": 15,
            "no_price": 85,
            "taker_side": "no"
        },
        {
            "trade_id": "4b457e09-36be-4bf0-bf8e-19891dda19a5",
            "ticker": "KXHIGHAUS-25MAY08-T83",
            "count": 35,
            "created_time": "2025-05-08T15:13:46.787881Z",
            "yes_price": 14,
            "no_price": 86,
            "taker_side": "no"
        },
        {
            "trade_id": "4a3f5668-4a6b-46b6-8991-beeb37168b88",
            "ticker": "KXHIGHAUS-25MAY08-T83",
            "count": 101,
            "created_time": "2025-05-08T15:13:46.787881Z",
            "yes_price": 13,
            "no_price": 87,
            "taker_side": "no"
        },
        {
            "trade_id": "3064a7b3-e21c-455b-ab4c-9299f990f78b",
            "ticker": "KXHIGHAUS-25MAY08-T83",
            "count": 50,
            "created_time": "2025-05-08T15:13:46.787881Z",
            "yes_price": 15,
            "no_price": 85,
            "taker_side": "no"
        },
        {
            "trade_id": "b3d6a9fa-eec9-4c0b-92c1-7a6ba1d30bec",
            "ticker": "KXHIGHAUS-25MAY08-T83",
            "count": 2,
            "created_time": "2025-05-08T15:03:16.37645Z",
            "yes_price": 15,
            "no_price": 85,
            "taker_side": "no"
        },
        {
            "trade_id": "b4179a71-f69f-428e-b0af-72d2aa517bb4",
            "ticker": "KXHIGHAUS-25MAY08-T83",
            "count": 6,
            "created_time": "2025-05-08T14:56:49.332817Z",
            "yes_price": 15,
            "no_price": 85,
            "taker_side": "no"
        },
        {
            "trade_id": "99662f79-f64c-4d67-9dae-4a8ce99c8548",
            "ticker": "KXHIGHAUS-25MAY08-T83",
            "count": 133,
            "created_time": "2025-05-08T14:56:49.332817Z",
            "yes_price": 15,
            "no_price": 85,
            "taker_side": "no"
        },
        {
            "trade_id": "49e50d0a-2c50-4e25-af86-3693357d1845",
            "ticker": "KXHIGHAUS-25MAY08-T83",
            "count": 1,
            "created_time": "2025-05-08T14:56:49.332817Z",
            "yes_price": 15,
            "no_price": 85,
            "taker_side": "no"
        },
        {
            "trade_id": "3cc28396-45fa-4b0a-84ce-d0569ca864a4",
            "ticker": "KXHIGHAUS-25MAY08-T83",
            "count": 9,
            "created_time": "2025-05-08T14:56:49.332817Z",
            "yes_price": 15,
            "no_price": 85,
            "taker_side": "no"
        },
        {
            "trade_id": "743d294b-b01b-4752-88a1-94d3d5a40b52",
            "ticker": "KXHIGHAUS-25MAY08-T83",
            "count": 7,
            "created_time": "2025-05-08T14:55:59.907039Z",
            "yes_price": 16,
            "no_price": 84,
            "taker_side": "no"
        },
        {
            "trade_id": "49612062-fd95-4e60-b3ee-bc4c60171bd1",
            "ticker": "KXHIGHAUS-25MAY08-T83",
            "count": 50,
            "created_time": "2025-05-08T14:55:59.907039Z",
            "yes_price": 16,
            "no_price": 84,
            "taker_side": "no"
        },
        {
            "trade_id": "b9a26e7e-a550-468b-84b4-a6a54cc9eb00",
            "ticker": "KXHIGHAUS-25MAY08-T83",
            "count": 7,
            "created_time": "2025-05-08T14:54:04.834273Z",
            "yes_price": 17,
            "no_price": 83,
            "taker_side": "no"
        },
        {
            "trade_id": "618fe922-3364-45d3-88b2-faeabd321a03",
            "ticker": "KXHIGHAUS-25MAY08-T83",
            "count": 493,
            "created_time": "2025-05-08T14:54:04.834273Z",
            "yes_price": 16,
            "no_price": 84,
            "taker_side": "no"
        },
        {
            "trade_id": "2594ca75-2c0d-4ffd-9035-efa6db5b9973",
            "ticker": "KXHIGHAUS-25MAY08-T83",
            "count": 150,
            "created_time": "2025-05-08T14:52:24.141292Z",
            "yes_price": 18,
            "no_price": 82,
            "taker_side": "yes"
        },
        {
            "trade_id": "01946c1d-0667-4766-a3fc-f333326438fb",
            "ticker": "KXHIGHAUS-25MAY08-T83",
            "count": 20,
            "created_time": "2025-05-08T14:49:43.6429Z",
            "yes_price": 18,
            "no_price": 82,
            "taker_side": "yes"
        },
        {
            "trade_id": "62ba5f86-a39e-4afa-aae1-909032c5ae0e",
            "ticker": "KXHIGHAUS-25MAY08-T83",
            "count": 7,
            "created_time": "2025-05-08T14:35:27.020109Z",
            "yes_price": 18,
            "no_price": 82,
            "taker_side": "no"
        },
        {
            "trade_id": "4c2845f5-3ef3-44cc-bff3-0a44d340ef14",
            "ticker": "KXHIGHAUS-25MAY08-T83",
            "count": 27,
            "created_time": "2025-05-08T14:35:27.020109Z",
            "yes_price": 17,
            "no_price": 83,
            "taker_side": "no"
        },
        {
            "trade_id": "20fd401d-e2ea-4069-8290-ebad793ca774",
            "ticker": "KXHIGHAUS-25MAY08-T83",
            "count": 6,
            "created_time": "2025-05-08T14:35:10.251391Z",
            "yes_price": 18,
            "no_price": 82,
            "taker_side": "no"
        },
        {
            "trade_id": "6dcaeb6b-7aaa-4646-8887-8fc8f8e36ae9",
            "ticker": "KXHIGHAUS-25MAY08-T83",
            "count": 5,
            "created_time": "2025-05-08T14:30:54.712703Z",
            "yes_price": 19,
            "no_price": 81,
            "taker_side": "yes"
        },
        {
            "trade_id": "a8db5226-dd37-48dd-b465-f5e98ddfe589",
            "ticker": "KXHIGHAUS-25MAY08-T83",
            "count": 6,
            "created_time": "2025-05-08T14:30:28.337318Z",
            "yes_price": 20,
            "no_price": 80,
            "taker_side": "yes"
        },
        {
            "trade_id": "43d81f73-4f52-42fa-a359-d4bfeacfc355",
            "ticker": "KXHIGHAUS-25MAY08-T83",
            "count": 44,
            "created_time": "2025-05-08T14:30:28.337318Z",
            "yes_price": 20,
            "no_price": 80,
            "taker_side": "yes"
        },
        {
            "trade_id": "e8cdbc93-07c1-43bf-93d1-4591413e10a8",
            "ticker": "KXHIGHAUS-25MAY08-T83",
            "count": 8,
            "created_time": "2025-05-08T14:27:21.503695Z",
            "yes_price": 20,
            "no_price": 80,
            "taker_side": "yes"
        },
        {
            "trade_id": "c78612ba-0909-4e77-947c-9533cd0ed23c",
            "ticker": "KXHIGHAUS-25MAY08-T83",
            "count": 6,
            "created_time": "2025-05-08T14:27:21.503695Z",
            "yes_price": 18,
            "no_price": 82,
            "taker_side": "yes"
        },
        {
            "trade_id": "77da68a4-b55b-4862-bc75-7aa21380b021",
            "ticker": "KXHIGHAUS-25MAY08-T83",
            "count": 53,
            "created_time": "2025-05-08T14:27:21.503695Z",
            "yes_price": 21,
            "no_price": 79,
            "taker_side": "yes"
        },
        {
            "trade_id": "5f511193-2aaf-419d-bfc5-0a99cc07c88e",
            "ticker": "KXHIGHAUS-25MAY08-T83",
            "count": 35,
            "created_time": "2025-05-08T14:27:21.503695Z",
            "yes_price": 20,
            "no_price": 80,
            "taker_side": "yes"
        },
        {
            "trade_id": "539ea5fb-5cef-49a7-b0e0-f149cdd10698",
            "ticker": "KXHIGHAUS-25MAY08-T83",
            "count": 1,
            "created_time": "2025-05-08T14:27:21.503695Z",
            "yes_price": 19,
            "no_price": 81,
            "taker_side": "yes"
        },
        {
            "trade_id": "43a3d42e-ddfc-4fda-8c03-7860b583c118",
            "ticker": "KXHIGHAUS-25MAY08-T83",
            "count": 6,
            "created_time": "2025-05-08T14:27:21.503695Z",
            "yes_price": 19,
            "no_price": 81,
            "taker_side": "yes"
        },
        {
            "trade_id": "27b66e4b-caca-433d-9c6c-6e8ab0a1c81f",
            "ticker": "KXHIGHAUS-25MAY08-T83",
            "count": 1,
            "created_time": "2025-05-08T14:27:21.503695Z",
            "yes_price": 19,
            "no_price": 81,
            "taker_side": "yes"
        },
        {
            "trade_id": "0b2aa05c-1c20-4034-b941-ade3f41d9e3a",
            "ticker": "KXHIGHAUS-25MAY08-T83",
            "count": 6,
            "created_time": "2025-05-08T14:27:21.503695Z",
            "yes_price": 19,
            "no_price": 81,
            "taker_side": "yes"
        },
        {
            "trade_id": "8f0159f4-7273-47ae-8d40-31a476408342",
            "ticker": "KXHIGHAUS-25MAY08-T83",
            "count": 25,
            "created_time": "2025-05-08T14:26:24.542283Z",
            "yes_price": 16,
            "no_price": 84,
            "taker_side": "no"
        },
        {
            "trade_id": "4a89a108-20e4-42a5-9b00-9420d05bd4a9",
            "ticker": "KXHIGHAUS-25MAY08-T83",
            "count": 29,
            "created_time": "2025-05-08T14:26:24.542283Z",
            "yes_price": 16,
            "no_price": 84,
            "taker_side": "no"
        },
        {
            "trade_id": "a7fe00a1-3535-4fc9-a7bc-38a628c6f76d",
            "ticker": "KXHIGHAUS-25MAY08-T83",
            "count": 6,
            "created_time": "2025-05-08T14:24:57.422842Z",
            "yes_price": 17,
            "no_price": 83,
            "taker_side": "no"
        },
        {
            "trade_id": "9c0de060-08e6-47a8-b58d-e3f91da2967c",
            "ticker": "KXHIGHAUS-25MAY08-T83",
            "count": 12,
            "created_time": "2025-05-08T14:20:55.284251Z",
            "yes_price": 19,
            "no_price": 81,
            "taker_side": "yes"
        },
        {
            "trade_id": "6422649e-ac2b-4844-855b-9ff4c199ed81",
            "ticker": "KXHIGHAUS-25MAY08-T83",
            "count": 28,
            "created_time": "2025-05-08T14:20:55.284251Z",
            "yes_price": 19,
            "no_price": 81,
            "taker_side": "yes"
        },
        {
            "trade_id": "f81875aa-28bd-479b-b399-fbfe86a503aa",
            "ticker": "KXHIGHAUS-25MAY08-T83",
            "count": 1,
            "created_time": "2025-05-08T14:17:16.870624Z",
            "yes_price": 17,
            "no_price": 83,
            "taker_side": "yes"
        },
        {
            "trade_id": "5e392265-6449-409f-bcb4-df79fad224ca",
            "ticker": "KXHIGHAUS-25MAY08-T83",
            "count": 7,
            "created_time": "2025-05-08T14:17:16.870624Z",
            "yes_price": 19,
            "no_price": 81,
            "taker_side": "yes"
        },
        {
            "trade_id": "2edf2c2e-6fa0-445e-a8a2-a4190956e826",
            "ticker": "KXHIGHAUS-25MAY08-T83",
            "count": 7,
            "created_time": "2025-05-08T14:17:16.870624Z",
            "yes_price": 18,
            "no_price": 82,
            "taker_side": "yes"
        },
        {
            "trade_id": "7207bd63-6920-4567-a847-514c49393c99",
            "ticker": "KXHIGHAUS-25MAY08-T83",
            "count": 15,
            "created_time": "2025-05-08T14:13:21.431189Z",
            "yes_price": 17,
            "no_price": 83,
            "taker_side": "yes"
        },
        {
            "trade_id": "6a30e37f-472c-4686-b035-6a8b897b88c7",
            "ticker": "KXHIGHAUS-25MAY08-T83",
            "count": 17,
            "created_time": "2025-05-08T14:07:41.091661Z",
            "yes_price": 17,
            "no_price": 83,
            "taker_side": "no"
        },
        {
            "trade_id": "f194c874-10e9-441e-9ffa-c326a809a561",
            "ticker": "KXHIGHAUS-25MAY08-T83",
            "count": 1,
            "created_time": "2025-05-08T14:06:16.92057Z",
            "yes_price": 19,
            "no_price": 81,
            "taker_side": "yes"
        },
        {
            "trade_id": "f0aa6d6e-fc1c-4213-8390-6f70c0f55bfd",
            "ticker": "KXHIGHAUS-25MAY08-T83",
            "count": 98,
            "created_time": "2025-05-08T14:06:16.92057Z",
            "yes_price": 19,
            "no_price": 81,
            "taker_side": "yes"
        },
        {
            "trade_id": "224a3e86-79ef-4e84-a5a3-749bef9e8fae",
            "ticker": "KXHIGHAUS-25MAY08-T83",
            "count": 8,
            "created_time": "2025-05-08T14:06:16.92057Z",
            "yes_price": 19,
            "no_price": 81,
            "taker_side": "yes"
        },
        {
            "trade_id": "a0cd904f-659a-448c-bfaf-8cb09609f4a1",
            "ticker": "KXHIGHAUS-25MAY08-T83",
            "count": 85,
            "created_time": "2025-05-08T14:04:49.75721Z",
            "yes_price": 18,
            "no_price": 82,
            "taker_side": "yes"
        },
        {
            "trade_id": "3b0dcd8c-f8c0-4246-bf7f-ff9d60d07f74",
            "ticker": "KXHIGHAUS-25MAY08-T83",
            "count": 8,
            "created_time": "2025-05-08T14:04:49.75721Z",
            "yes_price": 18,
            "no_price": 82,
            "taker_side": "yes"
        },
        {
            "trade_id": "359e0947-d848-4448-8dfc-f45a4c0b848b",
            "ticker": "KXHIGHAUS-25MAY08-T83",
            "count": 50,
            "created_time": "2025-05-08T14:04:49.75721Z",
            "yes_price": 18,
            "no_price": 82,
            "taker_side": "yes"
        },
        {
            "trade_id": "cdd2ae07-531f-483f-9531-3dfeff3b1e1a",
            "ticker": "KXHIGHAUS-25MAY08-T83",
            "count": 8,
            "created_time": "2025-05-08T14:02:49.03721Z",
            "yes_price": 17,
            "no_price": 83,
            "taker_side": "yes"
        },
        {
            "trade_id": "2df2f9c3-67d1-4323-9ee4-483d7b3eba01",
            "ticker": "KXHIGHAUS-25MAY08-T83",
            "count": 9,
            "created_time": "2025-05-08T14:02:49.03721Z",
            "yes_price": 17,
            "no_price": 83,
            "taker_side": "yes"
        },
        {
            "trade_id": "25a777e0-55ec-47bb-9299-f71d814e61b1",
            "ticker": "KXHIGHAUS-25MAY08-T83",
            "count": 31,
            "created_time": "2025-05-08T14:02:49.03721Z",
            "yes_price": 18,
            "no_price": 82,
            "taker_side": "yes"
        },
        {
            "trade_id": "053963f9-0e02-4dff-b71e-86a5883a9122",
            "ticker": "KXHIGHAUS-25MAY08-T83",
            "count": 33,
            "created_time": "2025-05-08T14:02:49.03721Z",
            "yes_price": 17,
            "no_price": 83,
            "taker_side": "yes"
        },
        {
            "trade_id": "8c25a518-66a3-430e-8f68-f87c32a644f9",
            "ticker": "KXHIGHAUS-25MAY08-T83",
            "count": 200,
            "created_time": "2025-05-08T13:53:34.572123Z",
            "yes_price": 16,
            "no_price": 84,
            "taker_side": "no"
        },
        {
            "trade_id": "2c3f0183-12d2-46d6-a9d3-68e67c478ea4",
            "ticker": "KXHIGHAUS-25MAY08-T83",
            "count": 100,
            "created_time": "2025-05-08T13:53:14.3775Z",
            "yes_price": 16,
            "no_price": 84,
            "taker_side": "no"
        },
        {
            "trade_id": "f8e7f05f-070a-43d5-a408-a06adf1c0753",
            "ticker": "KXHIGHAUS-25MAY08-T83",
            "count": 500,
            "created_time": "2025-05-08T13:51:01.829084Z",
            "yes_price": 16,
            "no_price": 84,
            "taker_side": "no"
        },
        {
            "trade_id": "b5b873b2-bff6-45dd-b2b5-881a15ac6f84",
            "ticker": "KXHIGHAUS-25MAY08-T83",
            "count": 21,
            "created_time": "2025-05-08T13:24:47.63429Z",
            "yes_price": 16,
            "no_price": 84,
            "taker_side": "yes"
        },
        {
            "trade_id": "b2a34ba6-ed57-4c9d-8cae-82d648fb2e3f",
            "ticker": "KXHIGHAUS-25MAY08-T83",
            "count": 50,
            "created_time": "2025-05-08T13:24:47.63429Z",
            "yes_price": 16,
            "no_price": 84,
            "taker_side": "yes"
        },
        {
            "trade_id": "a1dd8245-673e-412b-93eb-7e7e67c3afb1",
            "ticker": "KXHIGHAUS-25MAY08-T83",
            "count": 8,
            "created_time": "2025-05-08T13:12:20.393124Z",
            "yes_price": 15,
            "no_price": 85,
            "taker_side": "no"
        },
        {
            "trade_id": "fcaa4353-e529-4202-b7d4-a61048568a2e",
            "ticker": "KXHIGHAUS-25MAY08-T83",
            "count": 64,
            "created_time": "2025-05-08T13:09:23.451923Z",
            "yes_price": 15,
            "no_price": 85,
            "taker_side": "no"
        },
        {
            "trade_id": "375827b5-223e-42fb-a7c2-7826dced29c9",
            "ticker": "KXHIGHAUS-25MAY08-T83",
            "count": 25,
            "created_time": "2025-05-08T13:06:43.53931Z",
            "yes_price": 15,
            "no_price": 85,
            "taker_side": "no"
        },
        {
            "trade_id": "6434c5e1-88d8-4f24-abbd-1be0926c6384",
            "ticker": "KXHIGHAUS-25MAY08-T83",
            "count": 99,
            "created_time": "2025-05-08T13:06:26.153047Z",
            "yes_price": 15,
            "no_price": 85,
            "taker_side": "no"
        },
        {
            "trade_id": "180b06dc-3e70-4199-bbbf-e2317a13598b",
            "ticker": "KXHIGHAUS-25MAY08-T83",
            "count": 25,
            "created_time": "2025-05-08T13:06:20.124401Z",
            "yes_price": 15,
            "no_price": 85,
            "taker_side": "no"
        },
        {
            "trade_id": "f1dd5086-eb6e-4467-bc76-44e76660ac3f",
            "ticker": "KXHIGHAUS-25MAY08-T83",
            "count": 81,
            "created_time": "2025-05-08T13:05:14.049289Z",
            "yes_price": 15,
            "no_price": 85,
            "taker_side": "yes"
        },
        {
            "trade_id": "827f73e5-167b-4cbe-8ff1-82c10517df2e",
            "ticker": "KXHIGHAUS-25MAY08-T83",
            "count": 50,
            "created_time": "2025-05-08T13:05:14.049289Z",
            "yes_price": 13,
            "no_price": 87,
            "taker_side": "yes"
        },
        {
            "trade_id": "1a22e42b-ce49-4050-b6dc-9b82e1fe452e",
            "ticker": "KXHIGHAUS-25MAY08-T83",
            "count": 15,
            "created_time": "2025-05-08T13:05:14.049289Z",
            "yes_price": 14,
            "no_price": 86,
            "taker_side": "yes"
        },
        {
            "trade_id": "cf948e3d-cc7c-44df-b71d-e6fdaa66a4e2",
            "ticker": "KXHIGHAUS-25MAY08-T83",
            "count": 6,
            "created_time": "2025-05-08T12:33:30.473716Z",
            "yes_price": 12,
            "no_price": 88,
            "taker_side": "yes"
        },
        {
            "trade_id": "4b8a11ac-7dce-455e-b369-8b3b47f0e18a",
            "ticker": "KXHIGHAUS-25MAY08-T83",
            "count": 17,
            "created_time": "2025-05-08T12:33:30.473716Z",
            "yes_price": 13,
            "no_price": 87,
            "taker_side": "yes"
        },
        {
            "trade_id": "1788b3b9-73ad-4716-8dd6-eb56c576a3ab",
            "ticker": "KXHIGHAUS-25MAY08-T83",
            "count": 13,
            "created_time": "2025-05-08T12:33:30.473716Z",
            "yes_price": 13,
            "no_price": 87,
            "taker_side": "yes"
        },
        {
            "trade_id": "fc054588-b216-4573-98db-7fd7b1ebe62b",
            "ticker": "KXHIGHAUS-25MAY08-T83",
            "count": 14,
            "created_time": "2025-05-08T12:14:18.311831Z",
            "yes_price": 13,
            "no_price": 87,
            "taker_side": "no"
        },
        {
            "trade_id": "7fc10790-d526-437b-b12e-f8a095c4f669",
            "ticker": "KXHIGHAUS-25MAY08-T83",
            "count": 38,
            "created_time": "2025-05-08T12:14:18.311831Z",
            "yes_price": 10,
            "no_price": 90,
            "taker_side": "no"
        },
        {
            "trade_id": "3c1eca5d-05d2-4db2-9d5b-a127e8a662c8",
            "ticker": "KXHIGHAUS-25MAY08-T83",
            "count": 15,
            "created_time": "2025-05-08T12:14:18.311831Z",
            "yes_price": 12,
            "no_price": 88,
            "taker_side": "no"
        },
        {
            "trade_id": "2be27210-15ef-4705-887c-cd5b759eedbe",
            "ticker": "KXHIGHAUS-25MAY08-T83",
            "count": 17,
            "created_time": "2025-05-08T12:14:18.311831Z",
            "yes_price": 11,
            "no_price": 89,
            "taker_side": "no"
        },
        {
            "trade_id": "e9a72ba7-dc76-4451-9602-a12c9b43934a",
            "ticker": "KXHIGHAUS-25MAY08-T83",
            "count": 6,
            "created_time": "2025-05-08T12:08:01.302412Z",
            "yes_price": 15,
            "no_price": 85,
            "taker_side": "yes"
        },
        {
            "trade_id": "b60c1e90-43d6-49e5-9ea4-dd5fb9bcca8f",
            "ticker": "KXHIGHAUS-25MAY08-T83",
            "count": 50,
            "created_time": "2025-05-08T12:08:01.302412Z",
            "yes_price": 14,
            "no_price": 86,
            "taker_side": "yes"
        },
        {
            "trade_id": "45e61fea-d800-493d-bab6-2c40a0beb0e5",
            "ticker": "KXHIGHAUS-25MAY08-T83",
            "count": 20,
            "created_time": "2025-05-08T12:08:01.302412Z",
            "yes_price": 17,
            "no_price": 83,
            "taker_side": "yes"
        },
        {
            "trade_id": "05c99686-0fb5-4a8d-a664-470435bfe82c",
            "ticker": "KXHIGHAUS-25MAY08-T83",
            "count": 8,
            "created_time": "2025-05-08T12:08:01.302412Z",
            "yes_price": 16,
            "no_price": 84,
            "taker_side": "yes"
        },
        {
            "trade_id": "59b6db8f-d699-4fc0-bde2-b41ef0218e62",
            "ticker": "KXHIGHAUS-25MAY08-T83",
            "count": 5,
            "created_time": "2025-05-08T12:05:34.402409Z",
            "yes_price": 14,
            "no_price": 86,
            "taker_side": "yes"
        },
        {
            "trade_id": "e28798c2-0f30-4848-94c4-b64c242c62cb",
            "ticker": "KXHIGHAUS-25MAY08-T83",
            "count": 22,
            "created_time": "2025-05-08T06:30:35.884326Z",
            "yes_price": 9,
            "no_price": 91,
            "taker_side": "no"
        },
        {
            "trade_id": "fd975270-2008-40bc-9d98-0afe89b12c37",
            "ticker": "KXHIGHAUS-25MAY08-T83",
            "count": 61,
            "created_time": "2025-05-08T06:30:32.311062Z",
            "yes_price": 10,
            "no_price": 90,
            "taker_side": "yes"
        },
        {
            "trade_id": "fe017e4d-4f23-4eda-a652-c704dcd94f7c",
            "ticker": "KXHIGHAUS-25MAY08-T83",
            "count": 1,
            "created_time": "2025-05-08T06:30:20.894668Z",
            "yes_price": 8,
            "no_price": 92,
            "taker_side": "no"
        },
        {
            "trade_id": "b78e687a-ccc7-4fa7-a6b2-f17eb4761ae6",
            "ticker": "KXHIGHAUS-25MAY08-T83",
            "count": 9,
            "created_time": "2025-05-08T06:29:23.048547Z",
            "yes_price": 8,
            "no_price": 92,
            "taker_side": "yes"
        },
        {
            "trade_id": "6019bbaf-5535-4e28-ad00-95c2c0f79770",
            "ticker": "KXHIGHAUS-25MAY08-T83",
            "count": 7,
            "created_time": "2025-05-08T06:29:23.048547Z",
            "yes_price": 8,
            "no_price": 92,
            "taker_side": "yes"
        },
        {
            "trade_id": "57364380-ec16-451d-8350-c1eb4e6cb0a4",
            "ticker": "KXHIGHAUS-25MAY08-T83",
            "count": 43,
            "created_time": "2025-05-08T06:29:23.048547Z",
            "yes_price": 8,
            "no_price": 92,
            "taker_side": "yes"
        },
        {
            "trade_id": "18d0f20a-e992-4274-84d1-f274f7755d71",
            "ticker": "KXHIGHAUS-25MAY08-T83",
            "count": 500,
            "created_time": "2025-05-08T04:35:43.402622Z",
            "yes_price": 5,
            "no_price": 95,
            "taker_side": "no"
        },
        {
            "trade_id": "252f8b33-4b40-4dc3-8b00-c7edaae3368d",
            "ticker": "KXHIGHAUS-25MAY08-T83",
            "count": 100,
            "created_time": "2025-05-08T04:21:50.139384Z",
            "yes_price": 6,
            "no_price": 94,
            "taker_side": "no"
        },
        {
            "trade_id": "76867e12-cbd7-4d19-b1a8-52df48131ff7",
            "ticker": "KXHIGHAUS-25MAY08-T83",
            "count": 300,
            "created_time": "2025-05-08T04:18:53.479215Z",
            "yes_price": 7,
            "no_price": 93,
            "taker_side": "no"
        },
        {
            "trade_id": "59c9e0d0-1f2b-45f3-a81c-44e7b1729ecd",
            "ticker": "KXHIGHAUS-25MAY08-T83",
            "count": 47,
            "created_time": "2025-05-08T04:01:57.370366Z",
            "yes_price": 9,
            "no_price": 91,
            "taker_side": "yes"
        },
        {
            "trade_id": "2f145eef-b632-4605-bd75-6eda291b8e0d",
            "ticker": "KXHIGHAUS-25MAY08-T83",
            "count": 84,
            "created_time": "2025-05-08T02:48:25.796479Z",
            "yes_price": 9,
            "no_price": 91,
            "taker_side": "yes"
        },
        {
            "trade_id": "f7a66690-029d-456f-96c8-d77b9645dc02",
            "ticker": "KXHIGHAUS-25MAY08-T83",
            "count": 14,
            "created_time": "2025-05-08T02:04:45.420597Z",
            "yes_price": 10,
            "no_price": 90,
            "taker_side": "yes"
        },
        {
            "trade_id": "9c37587b-0b77-4894-9da7-a6bbf0cafe65",
            "ticker": "KXHIGHAUS-25MAY08-T83",
            "count": 98,
            "created_time": "2025-05-08T02:04:45.420597Z",
            "yes_price": 10,
            "no_price": 90,
            "taker_side": "yes"
        },
        {
            "trade_id": "32a5a958-9f7f-4851-bec2-b9f6f66557fc",
            "ticker": "KXHIGHAUS-25MAY08-T83",
            "count": 11,
            "created_time": "2025-05-08T02:04:45.420597Z",
            "yes_price": 8,
            "no_price": 92,
            "taker_side": "yes"
        },
        {
            "trade_id": "0227bb8f-a4ff-4bf7-8307-e0ce0e1f3be5",
            "ticker": "KXHIGHAUS-25MAY08-T83",
            "count": 95,
            "created_time": "2025-05-08T01:56:42.30824Z",
            "yes_price": 9,
            "no_price": 91,
            "taker_side": "yes"
        },
        {
            "trade_id": "fad4b14c-d830-48f4-ba88-7504c2e4ce06",
            "ticker": "KXHIGHAUS-25MAY08-T83",
            "count": 5,
            "created_time": "2025-05-08T01:55:40.834266Z",
            "yes_price": 8,
            "no_price": 92,
            "taker_side": "yes"
        },
        {
            "trade_id": "c310df49-25f2-47f1-ac29-c7645b306f80",
            "ticker": "KXHIGHAUS-25MAY08-T83",
            "count": 5,
            "created_time": "2025-05-07T23:54:18.584896Z",
            "yes_price": 12,
            "no_price": 88,
            "taker_side": "no"
        },
        {
            "trade_id": "f789e873-4ab3-45bb-a379-78dca1700afd",
            "ticker": "KXHIGHAUS-25MAY08-T83",
            "count": 5,
            "created_time": "2025-05-07T22:39:23.404922Z",
            "yes_price": 14,
            "no_price": 86,
            "taker_side": "no"
        },
        {
            "trade_id": "5aa89905-701d-4b81-af4e-543651d474c7",
            "ticker": "KXHIGHAUS-25MAY08-T83",
            "count": 5,
            "created_time": "2025-05-07T22:36:13.791189Z",
            "yes_price": 15,
            "no_price": 85,
            "taker_side": "yes"
        },
        {
            "trade_id": "b9d5bb0d-711e-41e4-b666-363e4d70d740",
            "ticker": "KXHIGHAUS-25MAY08-T83",
            "count": 1,
            "created_time": "2025-05-07T21:21:24.010925Z",
            "yes_price": 13,
            "no_price": 87,
            "taker_side": "no"
        },
        {
            "trade_id": "9c6ad2cd-150b-42a8-870e-eba2241f1fbc",
            "ticker": "KXHIGHAUS-25MAY08-T83",
            "count": 1,
            "created_time": "2025-05-07T21:20:18.465244Z",
            "yes_price": 13,
            "no_price": 87,
            "taker_side": "no"
        },
        {
            "trade_id": "b8e4d9f1-1d68-4365-b3ac-5fe13dc16af3",
            "ticker": "KXHIGHAUS-25MAY08-T83",
            "count": 6,
            "created_time": "2025-05-07T20:02:37.78817Z",
            "yes_price": 14,
            "no_price": 86,
            "taker_side": "no"
        },
        {
            "trade_id": "6934b178-ce24-432e-887b-eb1e0720d9f0",
            "ticker": "KXHIGHAUS-25MAY08-T83",
            "count": 4,
            "created_time": "2025-05-07T19:57:22.205148Z",
            "yes_price": 14,
            "no_price": 86,
            "taker_side": "yes"
        },
        {
            "trade_id": "4c1ac0b6-43e5-4e74-a6ac-f42eef5bc952",
            "ticker": "KXHIGHAUS-25MAY08-T83",
            "count": 5,
            "created_time": "2025-05-07T19:55:27.84552Z",
            "yes_price": 14,
            "no_price": 86,
            "taker_side": "no"
        },
        {
            "trade_id": "eb08622a-3c5a-4dba-a47b-35fc9543bf41",
            "ticker": "KXHIGHAUS-25MAY08-T83",
            "count": 9,
            "created_time": "2025-05-07T19:54:24.803903Z",
            "yes_price": 12,
            "no_price": 88,
            "taker_side": "yes"
        },
        {
            "trade_id": "4fb676c8-fcc4-4ceb-b686-413200b038ad",
            "ticker": "KXHIGHAUS-25MAY08-T83",
            "count": 11,
            "created_time": "2025-05-07T15:58:00.457678Z",
            "yes_price": 10,
            "no_price": 90,
            "taker_side": "no"
        },
        {
            "trade_id": "1c8c3b7b-499a-493e-9cc9-583ae9399793",
            "ticker": "KXHIGHAUS-25MAY08-T83",
            "count": 9,
            "created_time": "2025-05-07T14:15:28.066726Z",
            "yes_price": 10,
            "no_price": 90,
            "taker_side": "yes"
        }
    ],
    "KXHIGHAUS-25MAY08-B83.5": [
        {
            "trade_id": "b46671a4-80a4-4b6e-a1a9-9dc3a22b7b06",
            "ticker": "KXHIGHAUS-25MAY08-B83.5",
            "count": 50,
            "created_time": "2025-05-09T00:20:22.584824Z",
            "yes_price": 1,
            "no_price": 99,
            "taker_side": "yes"
        },
        {
            "trade_id": "3ce337b6-acba-4737-bee9-abbd1eb401f9",
            "ticker": "KXHIGHAUS-25MAY08-B83.5",
            "count": 93,
            "created_time": "2025-05-09T00:07:38.38483Z",
            "yes_price": 1,
            "no_price": 99,
            "taker_side": "yes"
        },
        {
            "trade_id": "17324262-aa8b-4378-ac74-03a743b4382f",
            "ticker": "KXHIGHAUS-25MAY08-B83.5",
            "count": 20,
            "created_time": "2025-05-08T22:29:08.599399Z",
            "yes_price": 1,
            "no_price": 99,
            "taker_side": "yes"
        },
        {
            "trade_id": "a11faa42-cefc-48df-beec-f1df5448023f",
            "ticker": "KXHIGHAUS-25MAY08-B83.5",
            "count": 2,
            "created_time": "2025-05-08T21:51:57.939745Z",
            "yes_price": 1,
            "no_price": 99,
            "taker_side": "yes"
        },
        {
            "trade_id": "9d103df3-9bd1-4e9b-9530-e82b3f395844",
            "ticker": "KXHIGHAUS-25MAY08-B83.5",
            "count": 467,
            "created_time": "2025-05-08T21:37:29.065531Z",
            "yes_price": 1,
            "no_price": 99,
            "taker_side": "yes"
        },
        {
            "trade_id": "b59233e4-3377-4b61-a371-c521fa08cdc0",
            "ticker": "KXHIGHAUS-25MAY08-B83.5",
            "count": 25,
            "created_time": "2025-05-08T21:31:27.483878Z",
            "yes_price": 1,
            "no_price": 99,
            "taker_side": "yes"
        },
        {
            "trade_id": "b07e81b9-61cb-479e-8f66-17abe51a0349",
            "ticker": "KXHIGHAUS-25MAY08-B83.5",
            "count": 4,
            "created_time": "2025-05-08T21:31:27.483878Z",
            "yes_price": 1,
            "no_price": 99,
            "taker_side": "yes"
        },
        {
            "trade_id": "6ced7d9d-a37a-4971-b8c9-f77107e2506c",
            "ticker": "KXHIGHAUS-25MAY08-B83.5",
            "count": 341,
            "created_time": "2025-05-08T21:31:27.483878Z",
            "yes_price": 1,
            "no_price": 99,
            "taker_side": "yes"
        },
        {
            "trade_id": "4d411e6d-c829-4d03-a6ca-fe630639e87f",
            "ticker": "KXHIGHAUS-25MAY08-B83.5",
            "count": 25,
            "created_time": "2025-05-08T21:31:27.483878Z",
            "yes_price": 1,
            "no_price": 99,
            "taker_side": "yes"
        },
        {
            "trade_id": "3c290f84-6190-4226-85bd-aeaa6f734277",
            "ticker": "KXHIGHAUS-25MAY08-B83.5",
            "count": 1,
            "created_time": "2025-05-08T21:31:27.483878Z",
            "yes_price": 1,
            "no_price": 99,
            "taker_side": "yes"
        },
        {
            "trade_id": "1fd164a9-9eb8-4ab2-b0a7-44741fc826f7",
            "ticker": "KXHIGHAUS-25MAY08-B83.5",
            "count": 67,
            "created_time": "2025-05-08T21:31:27.483878Z",
            "yes_price": 1,
            "no_price": 99,
            "taker_side": "yes"
        },
        {
            "trade_id": "0ef0beed-af15-46ca-9df0-6ac19131d13a",
            "ticker": "KXHIGHAUS-25MAY08-B83.5",
            "count": 1,
            "created_time": "2025-05-08T21:31:27.483878Z",
            "yes_price": 1,
            "no_price": 99,
            "taker_side": "yes"
        },
        {
            "trade_id": "6c6c469c-9da5-4c1b-b5d5-5c8ad8b4bb72",
            "ticker": "KXHIGHAUS-25MAY08-B83.5",
            "count": 2805,
            "created_time": "2025-05-08T21:26:00.044571Z",
            "yes_price": 1,
            "no_price": 99,
            "taker_side": "yes"
        },
        {
            "trade_id": "e83213eb-729f-4ae6-bb21-2cd42ca4f0d1",
            "ticker": "KXHIGHAUS-25MAY08-B83.5",
            "count": 9,
            "created_time": "2025-05-08T21:17:52.625066Z",
            "yes_price": 1,
            "no_price": 99,
            "taker_side": "yes"
        },
        {
            "trade_id": "3b435174-08e8-4c6d-b573-567d64994fdc",
            "ticker": "KXHIGHAUS-25MAY08-B83.5",
            "count": 4,
            "created_time": "2025-05-08T21:17:05.389476Z",
            "yes_price": 2,
            "no_price": 98,
            "taker_side": "yes"
        },
        {
            "trade_id": "fb4a642e-f1ba-4aa7-8d44-cf793fd09527",
            "ticker": "KXHIGHAUS-25MAY08-B83.5",
            "count": 25,
            "created_time": "2025-05-08T21:17:05.376663Z",
            "yes_price": 2,
            "no_price": 98,
            "taker_side": "yes"
        },
        {
            "trade_id": "ea91939c-7644-4e09-b1a0-e686be80938e",
            "ticker": "KXHIGHAUS-25MAY08-B83.5",
            "count": 200,
            "created_time": "2025-05-08T21:17:05.253808Z",
            "yes_price": 2,
            "no_price": 98,
            "taker_side": "no"
        },
        {
            "trade_id": "daebf04b-5a32-4070-8f45-bb5fe0323ab4",
            "ticker": "KXHIGHAUS-25MAY08-B83.5",
            "count": 10,
            "created_time": "2025-05-08T21:17:05.253808Z",
            "yes_price": 34,
            "no_price": 66,
            "taker_side": "no"
        },
        {
            "trade_id": "b5dcce8d-2441-4407-b769-eba8a1b5ba2b",
            "ticker": "KXHIGHAUS-25MAY08-B83.5",
            "count": 149,
            "created_time": "2025-05-08T21:17:05.253808Z",
            "yes_price": 33,
            "no_price": 67,
            "taker_side": "no"
        },
        {
            "trade_id": "b5c25ce9-b2da-42e1-b161-d6f654d956b4",
            "ticker": "KXHIGHAUS-25MAY08-B83.5",
            "count": 420,
            "created_time": "2025-05-08T21:17:05.253808Z",
            "yes_price": 2,
            "no_price": 98,
            "taker_side": "no"
        },
        {
            "trade_id": "a03ae409-cc92-46c9-98c5-ed19e7063d53",
            "ticker": "KXHIGHAUS-25MAY08-B83.5",
            "count": 50,
            "created_time": "2025-05-08T21:17:05.253808Z",
            "yes_price": 40,
            "no_price": 60,
            "taker_side": "no"
        },
        {
            "trade_id": "914ba726-93e2-49b3-bed0-b50c74bf0b86",
            "ticker": "KXHIGHAUS-25MAY08-B83.5",
            "count": 100,
            "created_time": "2025-05-08T21:17:05.253808Z",
            "yes_price": 12,
            "no_price": 88,
            "taker_side": "no"
        },
        {
            "trade_id": "462b084d-5282-4d53-9fe9-567b2ec632db",
            "ticker": "KXHIGHAUS-25MAY08-B83.5",
            "count": 11,
            "created_time": "2025-05-08T21:17:05.253808Z",
            "yes_price": 41,
            "no_price": 59,
            "taker_side": "no"
        },
        {
            "trade_id": "3aae0969-4841-4763-bbc1-ef2544ba2252",
            "ticker": "KXHIGHAUS-25MAY08-B83.5",
            "count": 23,
            "created_time": "2025-05-08T21:17:05.253808Z",
            "yes_price": 13,
            "no_price": 87,
            "taker_side": "no"
        },
        {
            "trade_id": "b69df714-616b-4c0b-9804-725b1b464647",
            "ticker": "KXHIGHAUS-25MAY08-B83.5",
            "count": 10,
            "created_time": "2025-05-08T21:17:03.983666Z",
            "yes_price": 41,
            "no_price": 59,
            "taker_side": "no"
        },
        {
            "trade_id": "d11ff534-dea6-4094-b7d0-8f1b40ee907e",
            "ticker": "KXHIGHAUS-25MAY08-B83.5",
            "count": 14,
            "created_time": "2025-05-08T21:16:12.515498Z",
            "yes_price": 50,
            "no_price": 50,
            "taker_side": "yes"
        },
        {
            "trade_id": "a88cb31f-b2a2-4115-a994-7d865e64554b",
            "ticker": "KXHIGHAUS-25MAY08-B83.5",
            "count": 4,
            "created_time": "2025-05-08T21:16:11.089585Z",
            "yes_price": 38,
            "no_price": 62,
            "taker_side": "no"
        },
        {
            "trade_id": "bb2925cb-e53e-4860-a3ac-79fc16b074cb",
            "ticker": "KXHIGHAUS-25MAY08-B83.5",
            "count": 1,
            "created_time": "2025-05-08T21:15:25.684655Z",
            "yes_price": 53,
            "no_price": 47,
            "taker_side": "yes"
        },
        {
            "trade_id": "7a014cbd-2048-4833-aa19-dfaf60262707",
            "ticker": "KXHIGHAUS-25MAY08-B83.5",
            "count": 4,
            "created_time": "2025-05-08T21:15:25.684655Z",
            "yes_price": 52,
            "no_price": 48,
            "taker_side": "yes"
        },
        {
            "trade_id": "45c249d6-e153-4115-b39b-2272dd3129b0",
            "ticker": "KXHIGHAUS-25MAY08-B83.5",
            "count": 15,
            "created_time": "2025-05-08T21:15:25.684655Z",
            "yes_price": 52,
            "no_price": 48,
            "taker_side": "yes"
        },
        {
            "trade_id": "0a0901ac-ba8a-41e8-9aec-c7b952ef76f2",
            "ticker": "KXHIGHAUS-25MAY08-B83.5",
            "count": 12,
            "created_time": "2025-05-08T21:15:25.684655Z",
            "yes_price": 45,
            "no_price": 55,
            "taker_side": "yes"
        },
        {
            "trade_id": "028a6af2-d5fd-492e-bb18-5fec99f16379",
            "ticker": "KXHIGHAUS-25MAY08-B83.5",
            "count": 6,
            "created_time": "2025-05-08T21:15:25.684655Z",
            "yes_price": 53,
            "no_price": 47,
            "taker_side": "yes"
        },
        {
            "trade_id": "7c72b0ce-eef5-497a-8f70-3f6b75c98e9e",
            "ticker": "KXHIGHAUS-25MAY08-B83.5",
            "count": 50,
            "created_time": "2025-05-08T21:14:52.043362Z",
            "yes_price": 45,
            "no_price": 55,
            "taker_side": "yes"
        },
        {
            "trade_id": "b243f671-bbd2-4b6f-aaee-fd558f9180ba",
            "ticker": "KXHIGHAUS-25MAY08-B83.5",
            "count": 5,
            "created_time": "2025-05-08T21:14:48.284727Z",
            "yes_price": 45,
            "no_price": 55,
            "taker_side": "yes"
        },
        {
            "trade_id": "ef936683-55f0-4bc4-b54c-b6584e31e489",
            "ticker": "KXHIGHAUS-25MAY08-B83.5",
            "count": 8,
            "created_time": "2025-05-08T21:14:21.538863Z",
            "yes_price": 45,
            "no_price": 55,
            "taker_side": "yes"
        },
        {
            "trade_id": "3b2c3f8f-1fdd-425e-b5bf-ac7eb46c37c6",
            "ticker": "KXHIGHAUS-25MAY08-B83.5",
            "count": 9,
            "created_time": "2025-05-08T21:14:21.538863Z",
            "yes_price": 44,
            "no_price": 56,
            "taker_side": "yes"
        },
        {
            "trade_id": "50f6448b-44c9-455e-a8ce-9511b8472401",
            "ticker": "KXHIGHAUS-25MAY08-B83.5",
            "count": 4,
            "created_time": "2025-05-08T21:13:15.329606Z",
            "yes_price": 33,
            "no_price": 67,
            "taker_side": "no"
        },
        {
            "trade_id": "86dd9733-7044-4b88-ad90-de7248f09033",
            "ticker": "KXHIGHAUS-25MAY08-B83.5",
            "count": 2,
            "created_time": "2025-05-08T21:13:15.313515Z",
            "yes_price": 34,
            "no_price": 66,
            "taker_side": "no"
        },
        {
            "trade_id": "dc21bdc5-7a2a-4d11-825e-cf34b1ef1311",
            "ticker": "KXHIGHAUS-25MAY08-B83.5",
            "count": 3,
            "created_time": "2025-05-08T21:12:33.530244Z",
            "yes_price": 33,
            "no_price": 67,
            "taker_side": "no"
        },
        {
            "trade_id": "00bf4732-7526-4037-863d-13da65bdb475",
            "ticker": "KXHIGHAUS-25MAY08-B83.5",
            "count": 6,
            "created_time": "2025-05-08T21:11:58.153969Z",
            "yes_price": 33,
            "no_price": 67,
            "taker_side": "no"
        },
        {
            "trade_id": "809b4d37-3108-4cd7-acfe-6eb0dc30de07",
            "ticker": "KXHIGHAUS-25MAY08-B83.5",
            "count": 25,
            "created_time": "2025-05-08T21:11:48.220142Z",
            "yes_price": 38,
            "no_price": 62,
            "taker_side": "no"
        },
        {
            "trade_id": "4f32c7dc-37a2-499a-95e5-fe320b33a70d",
            "ticker": "KXHIGHAUS-25MAY08-B83.5",
            "count": 12,
            "created_time": "2025-05-08T21:11:48.220142Z",
            "yes_price": 38,
            "no_price": 62,
            "taker_side": "no"
        },
        {
            "trade_id": "0989d4fb-db16-4fe7-8f5b-6ce1609178f1",
            "ticker": "KXHIGHAUS-25MAY08-B83.5",
            "count": 15,
            "created_time": "2025-05-08T21:11:48.220142Z",
            "yes_price": 38,
            "no_price": 62,
            "taker_side": "no"
        },
        {
            "trade_id": "8a77070f-fe7c-49e0-aa2e-91223e06c8e3",
            "ticker": "KXHIGHAUS-25MAY08-B83.5",
            "count": 23,
            "created_time": "2025-05-08T21:10:31.211609Z",
            "yes_price": 44,
            "no_price": 56,
            "taker_side": "yes"
        },
        {
            "trade_id": "79cca527-c1b9-40d6-999c-7c5602aca492",
            "ticker": "KXHIGHAUS-25MAY08-B83.5",
            "count": 101,
            "created_time": "2025-05-08T21:10:31.211609Z",
            "yes_price": 58,
            "no_price": 42,
            "taker_side": "yes"
        },
        {
            "trade_id": "4fa04569-a01f-4b2e-9124-74f31154d1e3",
            "ticker": "KXHIGHAUS-25MAY08-B83.5",
            "count": 8,
            "created_time": "2025-05-08T21:10:31.211609Z",
            "yes_price": 57,
            "no_price": 43,
            "taker_side": "yes"
        },
        {
            "trade_id": "47ae6920-01bf-4e5b-afe5-9bc7bf62b85d",
            "ticker": "KXHIGHAUS-25MAY08-B83.5",
            "count": 25,
            "created_time": "2025-05-08T21:10:31.211609Z",
            "yes_price": 57,
            "no_price": 43,
            "taker_side": "yes"
        },
        {
            "trade_id": "3ad41742-89c3-4a15-9984-09d14285e491",
            "ticker": "KXHIGHAUS-25MAY08-B83.5",
            "count": 6,
            "created_time": "2025-05-08T21:10:31.211609Z",
            "yes_price": 55,
            "no_price": 45,
            "taker_side": "yes"
        },
        {
            "trade_id": "169bd1fe-3d4a-468d-a3d8-97e789ec79cc",
            "ticker": "KXHIGHAUS-25MAY08-B83.5",
            "count": 10,
            "created_time": "2025-05-08T21:10:31.211609Z",
            "yes_price": 56,
            "no_price": 44,
            "taker_side": "yes"
        },
        {
            "trade_id": "f6d080d2-f2a9-474a-91a8-b1d14b011a47",
            "ticker": "KXHIGHAUS-25MAY08-B83.5",
            "count": 15,
            "created_time": "2025-05-08T21:08:11.69945Z",
            "yes_price": 43,
            "no_price": 57,
            "taker_side": "yes"
        },
        {
            "trade_id": "7d62ebf0-b88f-480d-9601-a3117391defa",
            "ticker": "KXHIGHAUS-25MAY08-B83.5",
            "count": 7,
            "created_time": "2025-05-08T21:08:11.69945Z",
            "yes_price": 44,
            "no_price": 56,
            "taker_side": "yes"
        },
        {
            "trade_id": "e66e7388-ee86-43c7-b6dd-22bd75911d1c",
            "ticker": "KXHIGHAUS-25MAY08-B83.5",
            "count": 20,
            "created_time": "2025-05-08T21:06:17.317004Z",
            "yes_price": 44,
            "no_price": 56,
            "taker_side": "yes"
        },
        {
            "trade_id": "ce99d432-491d-4b13-8257-2a2fec040b86",
            "ticker": "KXHIGHAUS-25MAY08-B83.5",
            "count": 7,
            "created_time": "2025-05-08T21:05:39.006775Z",
            "yes_price": 50,
            "no_price": 50,
            "taker_side": "yes"
        },
        {
            "trade_id": "84c7de71-a130-4e40-bc2c-0a6975362cb8",
            "ticker": "KXHIGHAUS-25MAY08-B83.5",
            "count": 2,
            "created_time": "2025-05-08T21:04:54.214559Z",
            "yes_price": 50,
            "no_price": 50,
            "taker_side": "yes"
        },
        {
            "trade_id": "2fae131f-cf19-465c-b59b-81be0aadaa11",
            "ticker": "KXHIGHAUS-25MAY08-B83.5",
            "count": 408,
            "created_time": "2025-05-08T21:03:15.963142Z",
            "yes_price": 35,
            "no_price": 65,
            "taker_side": "yes"
        },
        {
            "trade_id": "5597dcbd-59bd-4163-aa10-c2b6275b8b1a",
            "ticker": "KXHIGHAUS-25MAY08-B83.5",
            "count": 10,
            "created_time": "2025-05-08T21:00:50.24297Z",
            "yes_price": 35,
            "no_price": 65,
            "taker_side": "yes"
        },
        {
            "trade_id": "bf7cf139-dc58-4e82-b81c-9ec304532d5a",
            "ticker": "KXHIGHAUS-25MAY08-B83.5",
            "count": 2,
            "created_time": "2025-05-08T21:00:24.268833Z",
            "yes_price": 35,
            "no_price": 65,
            "taker_side": "yes"
        },
        {
            "trade_id": "8d60a304-2220-423b-a7b9-96f10dc4536d",
            "ticker": "KXHIGHAUS-25MAY08-B83.5",
            "count": 25,
            "created_time": "2025-05-08T21:00:24.268833Z",
            "yes_price": 34,
            "no_price": 66,
            "taker_side": "yes"
        },
        {
            "trade_id": "8bab7d2b-172d-463d-8f1d-2aeb73335a31",
            "ticker": "KXHIGHAUS-25MAY08-B83.5",
            "count": 15,
            "created_time": "2025-05-08T21:00:24.268833Z",
            "yes_price": 34,
            "no_price": 66,
            "taker_side": "yes"
        },
        {
            "trade_id": "6944e42b-d9db-4e0b-8b3c-6407610b847d",
            "ticker": "KXHIGHAUS-25MAY08-B83.5",
            "count": 10,
            "created_time": "2025-05-08T20:57:47.441395Z",
            "yes_price": 40,
            "no_price": 60,
            "taker_side": "yes"
        },
        {
            "trade_id": "e109c8fa-1f52-4229-a8ca-2bee3d0361de",
            "ticker": "KXHIGHAUS-25MAY08-B83.5",
            "count": 30,
            "created_time": "2025-05-08T20:51:24.688162Z",
            "yes_price": 48,
            "no_price": 52,
            "taker_side": "yes"
        },
        {
            "trade_id": "f9df72c8-f9b5-48f5-a762-dd4cb78a963e",
            "ticker": "KXHIGHAUS-25MAY08-B83.5",
            "count": 32,
            "created_time": "2025-05-08T20:51:21.513122Z",
            "yes_price": 26,
            "no_price": 74,
            "taker_side": "no"
        },
        {
            "trade_id": "ce8d6214-1bc4-428d-aa70-6d7e8243db5f",
            "ticker": "KXHIGHAUS-25MAY08-B83.5",
            "count": 50,
            "created_time": "2025-05-08T20:51:21.513122Z",
            "yes_price": 25,
            "no_price": 75,
            "taker_side": "no"
        },
        {
            "trade_id": "41347dc6-1730-425b-92ef-10a3dce3f624",
            "ticker": "KXHIGHAUS-25MAY08-B83.5",
            "count": 25,
            "created_time": "2025-05-08T20:51:21.513122Z",
            "yes_price": 26,
            "no_price": 74,
            "taker_side": "no"
        },
        {
            "trade_id": "2f270955-2953-471f-b9be-5ac5907ce7e0",
            "ticker": "KXHIGHAUS-25MAY08-B83.5",
            "count": 137,
            "created_time": "2025-05-08T20:51:21.513122Z",
            "yes_price": 25,
            "no_price": 75,
            "taker_side": "no"
        },
        {
            "trade_id": "141cc2ec-103d-41eb-8709-fded3b69b86c",
            "ticker": "KXHIGHAUS-25MAY08-B83.5",
            "count": 15,
            "created_time": "2025-05-08T20:51:21.513122Z",
            "yes_price": 27,
            "no_price": 73,
            "taker_side": "no"
        },
        {
            "trade_id": "963b5f3a-9419-419e-bd12-9e981a8220c0",
            "ticker": "KXHIGHAUS-25MAY08-B83.5",
            "count": 5,
            "created_time": "2025-05-08T20:50:59.270297Z",
            "yes_price": 35,
            "no_price": 65,
            "taker_side": "no"
        },
        {
            "trade_id": "d3da6bd4-b4e5-4c17-af17-426659535f8d",
            "ticker": "KXHIGHAUS-25MAY08-B83.5",
            "count": 413,
            "created_time": "2025-05-08T20:49:19.565048Z",
            "yes_price": 24,
            "no_price": 76,
            "taker_side": "yes"
        },
        {
            "trade_id": "cd72e7bd-fc5a-4511-9f6f-156c4eae6c2f",
            "ticker": "KXHIGHAUS-25MAY08-B83.5",
            "count": 50,
            "created_time": "2025-05-08T20:49:19.565048Z",
            "yes_price": 30,
            "no_price": 70,
            "taker_side": "yes"
        },
        {
            "trade_id": "b6e8fe5d-d3ea-4828-b525-215655863d02",
            "ticker": "KXHIGHAUS-25MAY08-B83.5",
            "count": 98,
            "created_time": "2025-05-08T20:49:19.565048Z",
            "yes_price": 48,
            "no_price": 52,
            "taker_side": "yes"
        },
        {
            "trade_id": "9e724984-daac-49ad-8e03-936eab57db19",
            "ticker": "KXHIGHAUS-25MAY08-B83.5",
            "count": 12,
            "created_time": "2025-05-08T20:49:19.565048Z",
            "yes_price": 32,
            "no_price": 68,
            "taker_side": "yes"
        },
        {
            "trade_id": "60509027-9c69-440d-9a2a-fd6cce533ff3",
            "ticker": "KXHIGHAUS-25MAY08-B83.5",
            "count": 41,
            "created_time": "2025-05-08T20:49:19.565048Z",
            "yes_price": 28,
            "no_price": 72,
            "taker_side": "yes"
        },
        {
            "trade_id": "5b97b9b2-0cc9-4c0e-aac6-746930822340",
            "ticker": "KXHIGHAUS-25MAY08-B83.5",
            "count": 100,
            "created_time": "2025-05-08T20:49:19.565048Z",
            "yes_price": 31,
            "no_price": 69,
            "taker_side": "yes"
        },
        {
            "trade_id": "3d30e1f7-1322-47ef-bf8a-cbe21f580bff",
            "ticker": "KXHIGHAUS-25MAY08-B83.5",
            "count": 149,
            "created_time": "2025-05-08T20:49:19.565048Z",
            "yes_price": 31,
            "no_price": 69,
            "taker_side": "yes"
        },
        {
            "trade_id": "0121605e-1ce7-4898-844a-8c709c59704b",
            "ticker": "KXHIGHAUS-25MAY08-B83.5",
            "count": 50,
            "created_time": "2025-05-08T20:49:19.565048Z",
            "yes_price": 25,
            "no_price": 75,
            "taker_side": "yes"
        },
        {
            "trade_id": "79dd9117-2dc0-47fe-a312-571fc127c239",
            "ticker": "KXHIGHAUS-25MAY08-B83.5",
            "count": 14,
            "created_time": "2025-05-08T20:49:10.523586Z",
            "yes_price": 22,
            "no_price": 78,
            "taker_side": "yes"
        },
        {
            "trade_id": "4a25546b-19ce-4291-b996-3888799524ea",
            "ticker": "KXHIGHAUS-25MAY08-B83.5",
            "count": 1,
            "created_time": "2025-05-08T20:46:30.42596Z",
            "yes_price": 26,
            "no_price": 74,
            "taker_side": "yes"
        },
        {
            "trade_id": "82548074-b17c-4019-a5f9-1bca101b430f",
            "ticker": "KXHIGHAUS-25MAY08-B83.5",
            "count": 25,
            "created_time": "2025-05-08T20:45:24.626754Z",
            "yes_price": 18,
            "no_price": 82,
            "taker_side": "no"
        },
        {
            "trade_id": "77e98e9a-7173-4c2f-8ba0-0888a3ebf1a3",
            "ticker": "KXHIGHAUS-25MAY08-B83.5",
            "count": 35,
            "created_time": "2025-05-08T20:45:24.626754Z",
            "yes_price": 18,
            "no_price": 82,
            "taker_side": "no"
        },
        {
            "trade_id": "c715d7af-a205-45ce-a46d-fe08bb7b0c8f",
            "ticker": "KXHIGHAUS-25MAY08-B83.5",
            "count": 87,
            "created_time": "2025-05-08T20:44:46.931798Z",
            "yes_price": 27,
            "no_price": 73,
            "taker_side": "yes"
        },
        {
            "trade_id": "a90dab83-f74d-4fe1-9081-5e184ce345c8",
            "ticker": "KXHIGHAUS-25MAY08-B83.5",
            "count": 9,
            "created_time": "2025-05-08T20:34:52.873018Z",
            "yes_price": 29,
            "no_price": 71,
            "taker_side": "yes"
        },
        {
            "trade_id": "a1d2026d-c415-4402-8452-471f7d75ee64",
            "ticker": "KXHIGHAUS-25MAY08-B83.5",
            "count": 27,
            "created_time": "2025-05-08T20:26:08.981909Z",
            "yes_price": 18,
            "no_price": 82,
            "taker_side": "no"
        },
        {
            "trade_id": "96bf0e62-a526-4d14-8b40-cdfe5bf375f7",
            "ticker": "KXHIGHAUS-25MAY08-B83.5",
            "count": 3,
            "created_time": "2025-05-08T20:26:08.981909Z",
            "yes_price": 18,
            "no_price": 82,
            "taker_side": "no"
        },
        {
            "trade_id": "b5c1015d-03e2-4e55-8c94-68852dd43f23",
            "ticker": "KXHIGHAUS-25MAY08-B83.5",
            "count": 1,
            "created_time": "2025-05-08T20:12:16.01067Z",
            "yes_price": 19,
            "no_price": 81,
            "taker_side": "no"
        },
        {
            "trade_id": "f0629dc9-5bd0-42f3-a6f6-23618a7c937a",
            "ticker": "KXHIGHAUS-25MAY08-B83.5",
            "count": 16,
            "created_time": "2025-05-08T20:11:18.966783Z",
            "yes_price": 25,
            "no_price": 75,
            "taker_side": "yes"
        },
        {
            "trade_id": "8224aa67-8976-4123-890c-b6997ceaaf55",
            "ticker": "KXHIGHAUS-25MAY08-B83.5",
            "count": 83,
            "created_time": "2025-05-08T20:11:18.966783Z",
            "yes_price": 27,
            "no_price": 73,
            "taker_side": "yes"
        },
        {
            "trade_id": "8f306301-f857-49e3-8590-5ae86ecfa403",
            "ticker": "KXHIGHAUS-25MAY08-B83.5",
            "count": 4,
            "created_time": "2025-05-08T20:10:29.778429Z",
            "yes_price": 25,
            "no_price": 75,
            "taker_side": "yes"
        },
        {
            "trade_id": "39f9a0c6-c9ea-42b0-b67e-bb69d42b68c4",
            "ticker": "KXHIGHAUS-25MAY08-B83.5",
            "count": 19,
            "created_time": "2025-05-08T20:08:47.28577Z",
            "yes_price": 25,
            "no_price": 75,
            "taker_side": "yes"
        },
        {
            "trade_id": "683d1889-dfc9-433c-a6b2-767fe9e09351",
            "ticker": "KXHIGHAUS-25MAY08-B83.5",
            "count": 1,
            "created_time": "2025-05-08T20:02:59.126695Z",
            "yes_price": 25,
            "no_price": 75,
            "taker_side": "yes"
        },
        {
            "trade_id": "4425b3e0-1414-4ebc-bbd9-14e9f8526ab5",
            "ticker": "KXHIGHAUS-25MAY08-B83.5",
            "count": 50,
            "created_time": "2025-05-08T20:02:26.819162Z",
            "yes_price": 20,
            "no_price": 80,
            "taker_side": "yes"
        },
        {
            "trade_id": "9bb64127-6633-4098-a07b-a7faee4fa762",
            "ticker": "KXHIGHAUS-25MAY08-B83.5",
            "count": 9,
            "created_time": "2025-05-08T20:02:14.540074Z",
            "yes_price": 19,
            "no_price": 81,
            "taker_side": "yes"
        },
        {
            "trade_id": "82ba7213-bc12-434c-9382-5e66447890af",
            "ticker": "KXHIGHAUS-25MAY08-B83.5",
            "count": 2,
            "created_time": "2025-05-08T19:59:42.565652Z",
            "yes_price": 13,
            "no_price": 87,
            "taker_side": "no"
        },
        {
            "trade_id": "0e94e71b-a6a7-4dd0-95b8-e27f9ea34072",
            "ticker": "KXHIGHAUS-25MAY08-B83.5",
            "count": 38,
            "created_time": "2025-05-08T19:56:27.217224Z",
            "yes_price": 19,
            "no_price": 81,
            "taker_side": "yes"
        },
        {
            "trade_id": "6ccb9a89-215b-441e-9d6f-30726820e58b",
            "ticker": "KXHIGHAUS-25MAY08-B83.5",
            "count": 26,
            "created_time": "2025-05-08T19:56:09.047121Z",
            "yes_price": 18,
            "no_price": 82,
            "taker_side": "yes"
        },
        {
            "trade_id": "6cc7ffc1-9d0a-46aa-ac23-9a79bd52152d",
            "ticker": "KXHIGHAUS-25MAY08-B83.5",
            "count": 9,
            "created_time": "2025-05-08T19:44:29.698138Z",
            "yes_price": 14,
            "no_price": 86,
            "taker_side": "no"
        },
        {
            "trade_id": "f17df397-a05e-446e-8617-3e33852a350c",
            "ticker": "KXHIGHAUS-25MAY08-B83.5",
            "count": 15,
            "created_time": "2025-05-08T19:35:22.208236Z",
            "yes_price": 30,
            "no_price": 70,
            "taker_side": "yes"
        },
        {
            "trade_id": "7e643c31-26ae-4cd0-80df-075d11e9364f",
            "ticker": "KXHIGHAUS-25MAY08-B83.5",
            "count": 100,
            "created_time": "2025-05-08T19:35:22.208236Z",
            "yes_price": 29,
            "no_price": 71,
            "taker_side": "yes"
        },
        {
            "trade_id": "36c443e7-f07c-4fca-8ca8-a67da76ca42f",
            "ticker": "KXHIGHAUS-25MAY08-B83.5",
            "count": 50,
            "created_time": "2025-05-08T19:35:22.208236Z",
            "yes_price": 28,
            "no_price": 72,
            "taker_side": "yes"
        },
        {
            "trade_id": "c301ea26-99d5-424f-a0a9-9c7af297dabc",
            "ticker": "KXHIGHAUS-25MAY08-B83.5",
            "count": 12,
            "created_time": "2025-05-08T19:29:43.8271Z",
            "yes_price": 31,
            "no_price": 69,
            "taker_side": "yes"
        },
        {
            "trade_id": "c17b61e6-b4f9-463a-aa0c-e5551750db08",
            "ticker": "KXHIGHAUS-25MAY08-B83.5",
            "count": 50,
            "created_time": "2025-05-08T19:29:43.8271Z",
            "yes_price": 28,
            "no_price": 72,
            "taker_side": "yes"
        },
        {
            "trade_id": "7caa8808-d93d-427c-8922-275f7724fe76",
            "ticker": "KXHIGHAUS-25MAY08-B83.5",
            "count": 11,
            "created_time": "2025-05-08T19:29:43.8271Z",
            "yes_price": 29,
            "no_price": 71,
            "taker_side": "yes"
        },
        {
            "trade_id": "bf640d39-59f0-4998-8933-0dedcc38929d",
            "ticker": "KXHIGHAUS-25MAY08-B83.5",
            "count": 81,
            "created_time": "2025-05-08T19:26:48.134599Z",
            "yes_price": 13,
            "no_price": 87,
            "taker_side": "yes"
        },
        {
            "trade_id": "e1d49307-c34f-4c44-965d-ca68d91d7de7",
            "ticker": "KXHIGHAUS-25MAY08-B83.5",
            "count": 11,
            "created_time": "2025-05-08T19:18:47.620716Z",
            "yes_price": 12,
            "no_price": 88,
            "taker_side": "no"
        },
        {
            "trade_id": "f280faed-1423-4522-ad45-febf274fc960",
            "ticker": "KXHIGHAUS-25MAY08-B83.5",
            "count": 7,
            "created_time": "2025-05-08T19:18:14.823158Z",
            "yes_price": 14,
            "no_price": 86,
            "taker_side": "no"
        },
        {
            "trade_id": "dbeb1875-80fe-4f8a-b729-dd6aef372f1b",
            "ticker": "KXHIGHAUS-25MAY08-B83.5",
            "count": 13,
            "created_time": "2025-05-08T19:15:07.011502Z",
            "yes_price": 24,
            "no_price": 76,
            "taker_side": "yes"
        },
        {
            "trade_id": "7fcc18f1-f4b3-413a-b92c-6f7c07a95ea0",
            "ticker": "KXHIGHAUS-25MAY08-B83.5",
            "count": 48,
            "created_time": "2025-05-08T19:15:07.011502Z",
            "yes_price": 18,
            "no_price": 82,
            "taker_side": "yes"
        },
        {
            "trade_id": "562a6acc-137c-45a4-aa6f-35f6daa4d7d0",
            "ticker": "KXHIGHAUS-25MAY08-B83.5",
            "count": 25,
            "created_time": "2025-05-08T19:15:07.011502Z",
            "yes_price": 19,
            "no_price": 81,
            "taker_side": "yes"
        },
        {
            "trade_id": "2815bbcc-a610-4296-8c49-76f28f8b0f25",
            "ticker": "KXHIGHAUS-25MAY08-B83.5",
            "count": 149,
            "created_time": "2025-05-08T19:15:07.011502Z",
            "yes_price": 25,
            "no_price": 75,
            "taker_side": "yes"
        },
        {
            "trade_id": "27bd5c72-e4fd-4501-9e25-a21af6664fbd",
            "ticker": "KXHIGHAUS-25MAY08-B83.5",
            "count": 220,
            "created_time": "2025-05-08T19:15:07.011502Z",
            "yes_price": 26,
            "no_price": 74,
            "taker_side": "yes"
        },
        {
            "trade_id": "24f01050-60cf-490f-8e6f-443138f39385",
            "ticker": "KXHIGHAUS-25MAY08-B83.5",
            "count": 2,
            "created_time": "2025-05-08T19:14:05.118308Z",
            "yes_price": 18,
            "no_price": 82,
            "taker_side": "yes"
        },
        {
            "trade_id": "5fb3c610-3d36-42a8-9e12-ed33b129fa89",
            "ticker": "KXHIGHAUS-25MAY08-B83.5",
            "count": 4,
            "created_time": "2025-05-08T19:13:38.4586Z",
            "yes_price": 17,
            "no_price": 83,
            "taker_side": "no"
        },
        {
            "trade_id": "4ea30bdc-9ac9-4d45-8863-91ea3b6a3b3e",
            "ticker": "KXHIGHAUS-25MAY08-B83.5",
            "count": 21,
            "created_time": "2025-05-08T19:13:37.774523Z",
            "yes_price": 14,
            "no_price": 86,
            "taker_side": "yes"
        },
        {
            "trade_id": "c1adb300-02ed-4326-b266-72287deafa0e",
            "ticker": "KXHIGHAUS-25MAY08-B83.5",
            "count": 28,
            "created_time": "2025-05-08T19:13:06.495574Z",
            "yes_price": 11,
            "no_price": 89,
            "taker_side": "no"
        },
        {
            "trade_id": "c2e44033-7293-4d53-809e-a3b56189871c",
            "ticker": "KXHIGHAUS-25MAY08-B83.5",
            "count": 22,
            "created_time": "2025-05-08T19:13:02.867333Z",
            "yes_price": 10,
            "no_price": 90,
            "taker_side": "yes"
        },
        {
            "trade_id": "0410b273-499e-4875-b6ba-b2297ef49246",
            "ticker": "KXHIGHAUS-25MAY08-B83.5",
            "count": 28,
            "created_time": "2025-05-08T19:12:57.116884Z",
            "yes_price": 10,
            "no_price": 90,
            "taker_side": "yes"
        },
        {
            "trade_id": "94499249-4c58-4972-b632-2552476ce6d7",
            "ticker": "KXHIGHAUS-25MAY08-B83.5",
            "count": 124,
            "created_time": "2025-05-08T19:12:32.564645Z",
            "yes_price": 14,
            "no_price": 86,
            "taker_side": "yes"
        },
        {
            "trade_id": "2cb7423e-5188-4833-9c06-c6eeb87240d6",
            "ticker": "KXHIGHAUS-25MAY08-B83.5",
            "count": 50,
            "created_time": "2025-05-08T19:12:32.564645Z",
            "yes_price": 13,
            "no_price": 87,
            "taker_side": "yes"
        },
        {
            "trade_id": "ec5c098d-d020-4823-8c89-a91554fb0995",
            "ticker": "KXHIGHAUS-25MAY08-B83.5",
            "count": 5,
            "created_time": "2025-05-08T19:07:31.090534Z",
            "yes_price": 14,
            "no_price": 86,
            "taker_side": "yes"
        },
        {
            "trade_id": "dde7f174-a568-4b8d-b152-e4c623cb7927",
            "ticker": "KXHIGHAUS-25MAY08-B83.5",
            "count": 26,
            "created_time": "2025-05-08T19:07:31.090534Z",
            "yes_price": 12,
            "no_price": 88,
            "taker_side": "yes"
        },
        {
            "trade_id": "10de5c58-0f15-4506-bda8-4a0c75b759ae",
            "ticker": "KXHIGHAUS-25MAY08-B83.5",
            "count": 50,
            "created_time": "2025-05-08T19:07:31.090534Z",
            "yes_price": 11,
            "no_price": 89,
            "taker_side": "yes"
        },
        {
            "trade_id": "74cd0f83-2e91-480f-910a-a5c39859579c",
            "ticker": "KXHIGHAUS-25MAY08-B83.5",
            "count": 17,
            "created_time": "2025-05-08T18:51:43.645209Z",
            "yes_price": 13,
            "no_price": 87,
            "taker_side": "yes"
        },
        {
            "trade_id": "0964873e-ee6c-48fe-b1a7-9a2a7297d488",
            "ticker": "KXHIGHAUS-25MAY08-B83.5",
            "count": 38,
            "created_time": "2025-05-08T18:51:43.645209Z",
            "yes_price": 13,
            "no_price": 87,
            "taker_side": "yes"
        },
        {
            "trade_id": "f5899b99-0855-4b90-83ce-2fbf692739eb",
            "ticker": "KXHIGHAUS-25MAY08-B83.5",
            "count": 26,
            "created_time": "2025-05-08T18:45:24.624146Z",
            "yes_price": 13,
            "no_price": 87,
            "taker_side": "yes"
        },
        {
            "trade_id": "fa7b51ec-4aa1-43cd-bde6-0d1c3feea650",
            "ticker": "KXHIGHAUS-25MAY08-B83.5",
            "count": 35,
            "created_time": "2025-05-08T18:44:17.396923Z",
            "yes_price": 13,
            "no_price": 87,
            "taker_side": "yes"
        },
        {
            "trade_id": "2c757d22-2ef6-48c6-937d-74cb15b792aa",
            "ticker": "KXHIGHAUS-25MAY08-B83.5",
            "count": 150,
            "created_time": "2025-05-08T18:42:27.179635Z",
            "yes_price": 16,
            "no_price": 84,
            "taker_side": "no"
        },
        {
            "trade_id": "be7f6ceb-b290-46c0-87a5-9c3265e52b34",
            "ticker": "KXHIGHAUS-25MAY08-B83.5",
            "count": 50,
            "created_time": "2025-05-08T18:38:41.433111Z",
            "yes_price": 17,
            "no_price": 83,
            "taker_side": "no"
        },
        {
            "trade_id": "7ca67168-1a09-417c-89fe-29ccf70d8d37",
            "ticker": "KXHIGHAUS-25MAY08-B83.5",
            "count": 50,
            "created_time": "2025-05-08T18:34:01.851495Z",
            "yes_price": 16,
            "no_price": 84,
            "taker_side": "no"
        },
        {
            "trade_id": "1f1715b1-5aee-4cbf-9abf-aba3af28106f",
            "ticker": "KXHIGHAUS-25MAY08-B83.5",
            "count": 5,
            "created_time": "2025-05-08T18:28:00.392406Z",
            "yes_price": 27,
            "no_price": 73,
            "taker_side": "yes"
        },
        {
            "trade_id": "99636293-2222-42c0-9608-6b853ac77b67",
            "ticker": "KXHIGHAUS-25MAY08-B83.5",
            "count": 15,
            "created_time": "2025-05-08T18:19:43.08353Z",
            "yes_price": 14,
            "no_price": 86,
            "taker_side": "yes"
        },
        {
            "trade_id": "447352de-1f73-41c2-ba03-b07c39ad7c64",
            "ticker": "KXHIGHAUS-25MAY08-B83.5",
            "count": 14,
            "created_time": "2025-05-08T18:19:43.08353Z",
            "yes_price": 14,
            "no_price": 86,
            "taker_side": "yes"
        },
        {
            "trade_id": "e13b37a1-6474-49ec-8b12-cc901c6669b6",
            "ticker": "KXHIGHAUS-25MAY08-B83.5",
            "count": 24,
            "created_time": "2025-05-08T18:14:07.820032Z",
            "yes_price": 12,
            "no_price": 88,
            "taker_side": "no"
        },
        {
            "trade_id": "9ec98fa6-efc2-4de1-9637-baa4d7856ca6",
            "ticker": "KXHIGHAUS-25MAY08-B83.5",
            "count": 50,
            "created_time": "2025-05-08T18:14:07.820032Z",
            "yes_price": 13,
            "no_price": 87,
            "taker_side": "no"
        },
        {
            "trade_id": "df90a930-b02f-4824-a378-baef03ecada1",
            "ticker": "KXHIGHAUS-25MAY08-B83.5",
            "count": 15,
            "created_time": "2025-05-08T18:12:25.068727Z",
            "yes_price": 17,
            "no_price": 83,
            "taker_side": "no"
        },
        {
            "trade_id": "ccaa429a-2c5a-4d9f-9cd2-ba7a95164d8e",
            "ticker": "KXHIGHAUS-25MAY08-B83.5",
            "count": 15,
            "created_time": "2025-05-08T18:12:25.068727Z",
            "yes_price": 18,
            "no_price": 82,
            "taker_side": "no"
        },
        {
            "trade_id": "b51f33ca-a7d1-4845-a40f-6d872fcba87c",
            "ticker": "KXHIGHAUS-25MAY08-B83.5",
            "count": 7,
            "created_time": "2025-05-08T18:12:25.068727Z",
            "yes_price": 11,
            "no_price": 89,
            "taker_side": "no"
        },
        {
            "trade_id": "b179dc3b-00b0-460d-9775-a72971332a16",
            "ticker": "KXHIGHAUS-25MAY08-B83.5",
            "count": 12,
            "created_time": "2025-05-08T18:12:25.068727Z",
            "yes_price": 19,
            "no_price": 81,
            "taker_side": "no"
        },
        {
            "trade_id": "9df51b07-eb34-4474-866b-d1d31c6d8934",
            "ticker": "KXHIGHAUS-25MAY08-B83.5",
            "count": 62,
            "created_time": "2025-05-08T18:12:25.068727Z",
            "yes_price": 10,
            "no_price": 90,
            "taker_side": "no"
        },
        {
            "trade_id": "864933c2-00be-43d6-b87e-42e5e185d87b",
            "ticker": "KXHIGHAUS-25MAY08-B83.5",
            "count": 7,
            "created_time": "2025-05-08T18:12:25.068727Z",
            "yes_price": 13,
            "no_price": 87,
            "taker_side": "no"
        },
        {
            "trade_id": "7f8ae388-5525-43a4-9169-fa18607398b5",
            "ticker": "KXHIGHAUS-25MAY08-B83.5",
            "count": 29,
            "created_time": "2025-05-08T18:12:25.068727Z",
            "yes_price": 20,
            "no_price": 80,
            "taker_side": "no"
        },
        {
            "trade_id": "1c410657-dc23-4406-a431-50ee4d86828f",
            "ticker": "KXHIGHAUS-25MAY08-B83.5",
            "count": 3,
            "created_time": "2025-05-08T18:12:25.068727Z",
            "yes_price": 12,
            "no_price": 88,
            "taker_side": "no"
        },
        {
            "trade_id": "157cfd43-1664-476b-a206-e260d53f06d0",
            "ticker": "KXHIGHAUS-25MAY08-B83.5",
            "count": 50,
            "created_time": "2025-05-08T18:12:25.068727Z",
            "yes_price": 10,
            "no_price": 90,
            "taker_side": "no"
        },
        {
            "trade_id": "fa62d0cb-eac7-4734-a87b-e6104ad10227",
            "ticker": "KXHIGHAUS-25MAY08-B83.5",
            "count": 17,
            "created_time": "2025-05-08T18:11:57.351732Z",
            "yes_price": 22,
            "no_price": 78,
            "taker_side": "no"
        },
        {
            "trade_id": "4c359db7-ae67-42a1-b2dd-f7c33dd9aee3",
            "ticker": "KXHIGHAUS-25MAY08-B83.5",
            "count": 33,
            "created_time": "2025-05-08T18:11:57.351732Z",
            "yes_price": 23,
            "no_price": 77,
            "taker_side": "no"
        },
        {
            "trade_id": "0b6fad96-f7b4-4245-b7c6-55b05750b50b",
            "ticker": "KXHIGHAUS-25MAY08-B83.5",
            "count": 14,
            "created_time": "2025-05-08T18:04:13.632341Z",
            "yes_price": 22,
            "no_price": 78,
            "taker_side": "no"
        },
        {
            "trade_id": "40a98290-9ae8-491e-95f2-ce9fda5e5043",
            "ticker": "KXHIGHAUS-25MAY08-B83.5",
            "count": 1,
            "created_time": "2025-05-08T17:53:51.80218Z",
            "yes_price": 22,
            "no_price": 78,
            "taker_side": "no"
        },
        {
            "trade_id": "4b2a2c03-4efc-44e6-8df1-03d2e0e33783",
            "ticker": "KXHIGHAUS-25MAY08-B83.5",
            "count": 27,
            "created_time": "2025-05-08T17:53:25.055059Z",
            "yes_price": 24,
            "no_price": 76,
            "taker_side": "yes"
        },
        {
            "trade_id": "3754c70a-feb6-406c-8ba0-b64096dd225d",
            "ticker": "KXHIGHAUS-25MAY08-B83.5",
            "count": 23,
            "created_time": "2025-05-08T17:53:25.055059Z",
            "yes_price": 24,
            "no_price": 76,
            "taker_side": "yes"
        },
        {
            "trade_id": "b109b247-f60e-4ea1-98fb-b66bfbf93e87",
            "ticker": "KXHIGHAUS-25MAY08-B83.5",
            "count": 3,
            "created_time": "2025-05-08T17:52:57.26705Z",
            "yes_price": 26,
            "no_price": 74,
            "taker_side": "yes"
        },
        {
            "trade_id": "37e4853a-706b-46b8-af1b-cb5928b1d629",
            "ticker": "KXHIGHAUS-25MAY08-B83.5",
            "count": 18,
            "created_time": "2025-05-08T17:50:36.593306Z",
            "yes_price": 26,
            "no_price": 74,
            "taker_side": "yes"
        },
        {
            "trade_id": "0971b5dc-dbaf-4ea9-b915-5ceb34af4dc2",
            "ticker": "KXHIGHAUS-25MAY08-B83.5",
            "count": 18,
            "created_time": "2025-05-08T17:45:51.489899Z",
            "yes_price": 26,
            "no_price": 74,
            "taker_side": "yes"
        },
        {
            "trade_id": "d76cb1c1-94fd-481a-b886-95719d62929a",
            "ticker": "KXHIGHAUS-25MAY08-B83.5",
            "count": 3,
            "created_time": "2025-05-08T17:45:24.642495Z",
            "yes_price": 22,
            "no_price": 78,
            "taker_side": "no"
        },
        {
            "trade_id": "ad2f96c1-37b9-43d5-9ae6-514e5cb0bc3d",
            "ticker": "KXHIGHAUS-25MAY08-B83.5",
            "count": 15,
            "created_time": "2025-05-08T17:37:38.490982Z",
            "yes_price": 22,
            "no_price": 78,
            "taker_side": "no"
        },
        {
            "trade_id": "b7a3b63b-e715-4262-abd3-30e4eb430e5f",
            "ticker": "KXHIGHAUS-25MAY08-B83.5",
            "count": 347,
            "created_time": "2025-05-08T16:52:10.49213Z",
            "yes_price": 30,
            "no_price": 70,
            "taker_side": "yes"
        },
        {
            "trade_id": "866f098b-409a-405e-bfd6-d596dcd98d33",
            "ticker": "KXHIGHAUS-25MAY08-B83.5",
            "count": 3,
            "created_time": "2025-05-08T16:51:02.341376Z",
            "yes_price": 30,
            "no_price": 70,
            "taker_side": "no"
        },
        {
            "trade_id": "ec78f16f-1604-4907-a3ec-c47ab66501d8",
            "ticker": "KXHIGHAUS-25MAY08-B83.5",
            "count": 5,
            "created_time": "2025-05-08T16:35:49.861059Z",
            "yes_price": 30,
            "no_price": 70,
            "taker_side": "no"
        },
        {
            "trade_id": "eb23dafa-5dee-4cd0-aafc-6af1290ddfec",
            "ticker": "KXHIGHAUS-25MAY08-B83.5",
            "count": 1,
            "created_time": "2025-05-08T16:35:49.861059Z",
            "yes_price": 31,
            "no_price": 69,
            "taker_side": "no"
        },
        {
            "trade_id": "c76522d5-453c-4142-9a1b-866256fd76f7",
            "ticker": "KXHIGHAUS-25MAY08-B83.5",
            "count": 50,
            "created_time": "2025-05-08T16:35:49.861059Z",
            "yes_price": 30,
            "no_price": 70,
            "taker_side": "no"
        },
        {
            "trade_id": "69884b4f-7a79-4a51-a4d5-0f5b73ca0dc8",
            "ticker": "KXHIGHAUS-25MAY08-B83.5",
            "count": 6,
            "created_time": "2025-05-08T16:34:59.342554Z",
            "yes_price": 31,
            "no_price": 69,
            "taker_side": "no"
        },
        {
            "trade_id": "2ec4ac69-30fb-4424-92ea-2f6ef704b4e6",
            "ticker": "KXHIGHAUS-25MAY08-B83.5",
            "count": 24,
            "created_time": "2025-05-08T16:34:14.361176Z",
            "yes_price": 32,
            "no_price": 68,
            "taker_side": "no"
        },
        {
            "trade_id": "36b5106b-bafe-4380-8047-44c53c5d7f24",
            "ticker": "KXHIGHAUS-25MAY08-B83.5",
            "count": 1,
            "created_time": "2025-05-08T16:31:24.694442Z",
            "yes_price": 32,
            "no_price": 68,
            "taker_side": "yes"
        },
        {
            "trade_id": "25985805-4e1a-467e-907e-3c82a35ce1a8",
            "ticker": "KXHIGHAUS-25MAY08-B83.5",
            "count": 112,
            "created_time": "2025-05-08T16:31:24.694442Z",
            "yes_price": 32,
            "no_price": 68,
            "taker_side": "yes"
        },
        {
            "trade_id": "f113cadf-51d1-4ba4-a734-4a1f8c6ba859",
            "ticker": "KXHIGHAUS-25MAY08-B83.5",
            "count": 161,
            "created_time": "2025-05-08T16:17:19.232785Z",
            "yes_price": 32,
            "no_price": 68,
            "taker_side": "yes"
        },
        {
            "trade_id": "7642b4f3-c14a-43b8-88fb-3d2b86fd9d64",
            "ticker": "KXHIGHAUS-25MAY08-B83.5",
            "count": 27,
            "created_time": "2025-05-08T15:40:28.851221Z",
            "yes_price": 31,
            "no_price": 69,
            "taker_side": "no"
        },
        {
            "trade_id": "61d78ac1-222e-4a8c-897c-f23bf059c99c",
            "ticker": "KXHIGHAUS-25MAY08-B83.5",
            "count": 94,
            "created_time": "2025-05-08T15:33:52.140548Z",
            "yes_price": 30,
            "no_price": 70,
            "taker_side": "no"
        },
        {
            "trade_id": "003860d6-4b34-4b1a-be38-bec26a2df9fd",
            "ticker": "KXHIGHAUS-25MAY08-B83.5",
            "count": 24,
            "created_time": "2025-05-08T15:33:52.140548Z",
            "yes_price": 31,
            "no_price": 69,
            "taker_side": "no"
        },
        {
            "trade_id": "8af9dee2-6c04-48bb-b90a-bbe39921e28f",
            "ticker": "KXHIGHAUS-25MAY08-B83.5",
            "count": 98,
            "created_time": "2025-05-08T15:33:24.832135Z",
            "yes_price": 31,
            "no_price": 69,
            "taker_side": "no"
        },
        {
            "trade_id": "526e07f5-4099-46b3-92c4-aa47666e5a0b",
            "ticker": "KXHIGHAUS-25MAY08-B83.5",
            "count": 1,
            "created_time": "2025-05-08T15:33:24.832135Z",
            "yes_price": 31,
            "no_price": 69,
            "taker_side": "no"
        },
        {
            "trade_id": "6e34a9f5-94ae-4a3d-bc66-212d7c64b5fc",
            "ticker": "KXHIGHAUS-25MAY08-B83.5",
            "count": 16,
            "created_time": "2025-05-08T15:30:36.372741Z",
            "yes_price": 32,
            "no_price": 68,
            "taker_side": "yes"
        },
        {
            "trade_id": "3066b72b-5250-4e95-9e09-082df1d23726",
            "ticker": "KXHIGHAUS-25MAY08-B83.5",
            "count": 20,
            "created_time": "2025-05-08T15:30:18.954066Z",
            "yes_price": 31,
            "no_price": 69,
            "taker_side": "yes"
        },
        {
            "trade_id": "140866ed-eca5-47b3-9a60-f4be32eca137",
            "ticker": "KXHIGHAUS-25MAY08-B83.5",
            "count": 18,
            "created_time": "2025-05-08T15:30:13.3532Z",
            "yes_price": 32,
            "no_price": 68,
            "taker_side": "yes"
        },
        {
            "trade_id": "79f1946c-e0f0-4210-b126-2e71b263c43e",
            "ticker": "KXHIGHAUS-25MAY08-B83.5",
            "count": 5,
            "created_time": "2025-05-08T15:14:42.245236Z",
            "yes_price": 31,
            "no_price": 69,
            "taker_side": "no"
        },
        {
            "trade_id": "1213fc82-600b-4efb-ae1b-524320e55617",
            "ticker": "KXHIGHAUS-25MAY08-B83.5",
            "count": 99,
            "created_time": "2025-05-08T15:14:42.245236Z",
            "yes_price": 31,
            "no_price": 69,
            "taker_side": "no"
        },
        {
            "trade_id": "07031bb6-b2e5-4c38-aa82-d65c8a9be639",
            "ticker": "KXHIGHAUS-25MAY08-B83.5",
            "count": 58,
            "created_time": "2025-05-08T15:13:57.052414Z",
            "yes_price": 32,
            "no_price": 68,
            "taker_side": "yes"
        },
        {
            "trade_id": "148d8b4f-5016-421d-bac4-cea971582463",
            "ticker": "KXHIGHAUS-25MAY08-B83.5",
            "count": 50,
            "created_time": "2025-05-08T15:13:49.957861Z",
            "yes_price": 32,
            "no_price": 68,
            "taker_side": "yes"
        },
        {
            "trade_id": "65f82516-f7f0-48fa-a6d7-ba43202bff58",
            "ticker": "KXHIGHAUS-25MAY08-B83.5",
            "count": 40,
            "created_time": "2025-05-08T15:13:49.8725Z",
            "yes_price": 31,
            "no_price": 69,
            "taker_side": "yes"
        },
        {
            "trade_id": "fb1963d8-f7d7-4992-9dcc-8834368161e8",
            "ticker": "KXHIGHAUS-25MAY08-B83.5",
            "count": 3,
            "created_time": "2025-05-08T15:13:42.025152Z",
            "yes_price": 33,
            "no_price": 67,
            "taker_side": "no"
        },
        {
            "trade_id": "99cb8e2b-ec2e-49c4-9d2e-0e9c227409f3",
            "ticker": "KXHIGHAUS-25MAY08-B83.5",
            "count": 11,
            "created_time": "2025-05-08T15:13:42.025152Z",
            "yes_price": 33,
            "no_price": 67,
            "taker_side": "no"
        },
        {
            "trade_id": "3ccfc95d-1cf0-49e1-8f90-4d424f59e987",
            "ticker": "KXHIGHAUS-25MAY08-B83.5",
