{
    "KXHIGHAUS-25MAR10-T71": [
        {
            "trade_id": "5d480ec8-b497-4e3a-a2db-ef0be3ef1da7",
            "ticker": "KXHIGHAUS-25MAR10-T71",
            "count": 1,
            "created_time": "2025-03-10T05:04:12.022057Z",
            "yes_price": 1,
            "no_price": 99,
            "taker_side": "no"
        },
        {
            "trade_id": "ffbbb9a1-56d2-44da-9119-8b2e619de095",
            "ticker": "KXHIGHAUS-25MAR10-T71",
            "count": 1150,
            "created_time": "2025-03-10T04:27:06.907034Z",
            "yes_price": 4,
            "no_price": 96,
            "taker_side": "yes"
        },
        {
            "trade_id": "b5bb3870-8b2a-4342-9ecb-8d40b92ca4b5",
            "ticker": "KXHIGHAUS-25MAR10-T71",
            "count": 10,
            "created_time": "2025-03-10T04:27:06.907034Z",
            "yes_price": 2,
            "no_price": 98,
            "taker_side": "yes"
        },
        {
            "trade_id": "6a63fde9-f032-4ba4-9f9c-8c1bc01351d2",
            "ticker": "KXHIGHAUS-25MAR10-T71",
            "count": 20,
            "created_time": "2025-03-10T04:27:06.907034Z",
            "yes_price": 3,
            "no_price": 97,
            "taker_side": "yes"
        },
        {
            "trade_id": "102d0cc9-31ad-43b3-a873-ecf03c723bee",
            "ticker": "KXHIGHAUS-25MAR10-T71",
            "count": 1,
            "created_time": "2025-03-10T04:27:06.907034Z",
            "yes_price": 2,
            "no_price": 98,
            "taker_side": "yes"
        }
    ],
    "KXHIGHAUS-25MAR10-B71.5": [],
    "KXHIGHAUS-25MAR10-B73.5": [
        {
            "trade_id": "b65b322e-3465-43e1-bba2-f9ffb0748c4f",
            "ticker": "KXHIGHAUS-25MAR10-B73.5",
            "count": 4,
            "created_time": "2025-03-10T13:42:37.672105Z",
            "yes_price": 3,
            "no_price": 97,
            "taker_side": "yes"
        },
        {
            "trade_id": "6ab6d8f0-8598-4cc3-a3ab-e5b00bc0e086",
            "ticker": "KXHIGHAUS-25MAR10-B73.5",
            "count": 70,
            "created_time": "2025-03-10T13:42:37.672105Z",
            "yes_price": 3,
            "no_price": 97,
            "taker_side": "yes"
        },
        {
            "trade_id": "69b587ff-a314-45e0-a74c-22473e671448",
            "ticker": "KXHIGHAUS-25MAR10-B73.5",
            "count": 925,
            "created_time": "2025-03-10T05:38:34.742547Z",
            "yes_price": 2,
            "no_price": 98,
            "taker_side": "no"
        },
        {
            "trade_id": "b192e8f1-bd7b-4543-8036-3ea319b42705",
            "ticker": "KXHIGHAUS-25MAR10-B73.5",
            "count": 75,
            "created_time": "2025-03-10T05:11:56.613303Z",
            "yes_price": 2,
            "no_price": 98,
            "taker_side": "no"
        },
        {
            "trade_id": "ac25d60b-6eaf-487a-b6d0-195fbbbf16b2",
            "ticker": "KXHIGHAUS-25MAR10-B73.5",
            "count": 25,
            "created_time": "2025-03-10T05:11:56.613303Z",
            "yes_price": 2,
            "no_price": 98,
            "taker_side": "no"
        },
        {
            "trade_id": "fa74a571-89cc-41c2-a2ed-1303f5373a50",
            "ticker": "KXHIGHAUS-25MAR10-B73.5",
            "count": 109,
            "created_time": "2025-03-10T05:05:13.310424Z",
            "yes_price": 2,
            "no_price": 98,
            "taker_side": "no"
        },
        {
            "trade_id": "2a4bf539-bfa7-41e7-ae4d-d408d9124172",
            "ticker": "KXHIGHAUS-25MAR10-B73.5",
            "count": 41,
            "created_time": "2025-03-10T05:04:12.009223Z",
            "yes_price": 2,
            "no_price": 98,
            "taker_side": "no"
        },
        {
            "trade_id": "7da7c893-4961-4797-9d54-88e9f56d06aa",
            "ticker": "KXHIGHAUS-25MAR10-B73.5",
            "count": 25,
            "created_time": "2025-03-10T05:00:33.489628Z",
            "yes_price": 2,
            "no_price": 98,
            "taker_side": "no"
        },
        {
            "trade_id": "9590460b-8066-410b-bf0b-0a2835e3e91c",
            "ticker": "KXHIGHAUS-25MAR10-B73.5",
            "count": 1,
            "created_time": "2025-03-10T04:47:07.910172Z",
            "yes_price": 3,
            "no_price": 97,
            "taker_side": "no"
        },
        {
            "trade_id": "034ccbc3-3b2d-4741-abaa-e76393da0ff2",
            "ticker": "KXHIGHAUS-25MAR10-B73.5",
            "count": 18,
            "created_time": "2025-03-10T03:51:43.304017Z",
            "yes_price": 3,
            "no_price": 97,
            "taker_side": "yes"
        },
        {
            "trade_id": "348a9f2d-cd06-4acc-9957-172ac1076432",
            "ticker": "KXHIGHAUS-25MAR10-B73.5",
            "count": 25,
            "created_time": "2025-03-10T03:50:14.589026Z",
            "yes_price": 3,
            "no_price": 97,
            "taker_side": "yes"
        },
        {
            "trade_id": "fc1ba905-6c02-406f-8795-a3a44851b89e",
            "ticker": "KXHIGHAUS-25MAR10-B73.5",
            "count": 100,
            "created_time": "2025-03-10T03:04:35.257342Z",
            "yes_price": 2,
            "no_price": 98,
            "taker_side": "no"
        },
        {
            "trade_id": "945d097d-fec9-45c9-808d-8db974db98ff",
            "ticker": "KXHIGHAUS-25MAR10-B73.5",
            "count": 10,
            "created_time": "2025-03-10T01:45:38.76914Z",
            "yes_price": 6,
            "no_price": 94,
            "taker_side": "yes"
        },
        {
            "trade_id": "18c2de51-76a3-4235-8b3c-244fbc90d80f",
            "ticker": "KXHIGHAUS-25MAR10-B73.5",
            "count": 1,
            "created_time": "2025-03-10T01:45:38.76914Z",
            "yes_price": 5,
            "no_price": 95,
            "taker_side": "yes"
        },
        {
            "trade_id": "4ad9fc25-ef80-418a-b104-2cc5d395117c",
            "ticker": "KXHIGHAUS-25MAR10-B73.5",
            "count": 5,
            "created_time": "2025-03-09T22:36:59.805847Z",
            "yes_price": 2,
            "no_price": 98,
            "taker_side": "no"
        },
        {
            "trade_id": "11bad7de-8f1d-4e80-9e1d-1c3750519303",
            "ticker": "KXHIGHAUS-25MAR10-B73.5",
            "count": 5,
            "created_time": "2025-03-09T15:10:27.00281Z",
            "yes_price": 7,
            "no_price": 93,
            "taker_side": "no"
        }
    ],
    "KXHIGHAUS-25MAR10-B75.5": [
        {
            "trade_id": "331aa5ee-2e75-4167-991f-00faae5d7b36",
            "ticker": "KXHIGHAUS-25MAR10-B75.5",
            "count": 250,
            "created_time": "2025-03-11T03:35:47.243546Z",
            "yes_price": 1,
            "no_price": 99,
            "taker_side": "yes"
        },
        {
            "trade_id": "d8518f41-d411-43c4-a96d-d52f8393afe7",
            "ticker": "KXHIGHAUS-25MAR10-B75.5",
            "count": 467,
            "created_time": "2025-03-10T21:57:00.311323Z",
            "yes_price": 1,
            "no_price": 99,
            "taker_side": "yes"
        },
        {
            "trade_id": "eefc15c4-0c7f-42a4-97e7-7a7413a4e121",
            "ticker": "KXHIGHAUS-25MAR10-B75.5",
            "count": 467,
            "created_time": "2025-03-10T21:30:27.181207Z",
            "yes_price": 1,
            "no_price": 99,
            "taker_side": "yes"
        },
        {
            "trade_id": "8a7bc5ce-53a8-4da3-a2c4-3195a75fe19d",
            "ticker": "KXHIGHAUS-25MAR10-B75.5",
            "count": 250,
            "created_time": "2025-03-10T20:50:47.266683Z",
            "yes_price": 1,
            "no_price": 99,
            "taker_side": "yes"
        },
        {
            "trade_id": "e63d47d8-dc05-4cb5-aa19-a1c05ecf5148",
            "ticker": "KXHIGHAUS-25MAR10-B75.5",
            "count": 250,
            "created_time": "2025-03-10T20:50:22.68303Z",
            "yes_price": 1,
            "no_price": 99,
            "taker_side": "yes"
        },
        {
            "trade_id": "ea199779-d749-4f99-8884-cfaaff982e14",
            "ticker": "KXHIGHAUS-25MAR10-B75.5",
            "count": 99,
            "created_time": "2025-03-10T20:48:32.00232Z",
            "yes_price": 1,
            "no_price": 99,
            "taker_side": "yes"
        },
        {
            "trade_id": "b4045dd6-68fe-481e-ac69-ebccaec87570",
            "ticker": "KXHIGHAUS-25MAR10-B75.5",
            "count": 99,
            "created_time": "2025-03-10T20:44:29.82948Z",
            "yes_price": 1,
            "no_price": 99,
            "taker_side": "yes"
        },
        {
            "trade_id": "8a7982d8-514c-41e8-a808-5c6e1533643d",
            "ticker": "KXHIGHAUS-25MAR10-B75.5",
            "count": 510,
            "created_time": "2025-03-10T20:42:26.98959Z",
            "yes_price": 1,
            "no_price": 99,
            "taker_side": "yes"
        },
        {
            "trade_id": "ec22cb5f-fb84-4022-acce-415b96065b0a",
            "ticker": "KXHIGHAUS-25MAR10-B75.5",
            "count": 100,
            "created_time": "2025-03-10T20:42:08.595502Z",
            "yes_price": 1,
            "no_price": 99,
            "taker_side": "no"
        },
        {
            "trade_id": "9da63517-772a-427c-be2a-4340942a9ab7",
            "ticker": "KXHIGHAUS-25MAR10-B75.5",
            "count": 529,
            "created_time": "2025-03-10T20:42:08.595502Z",
            "yes_price": 2,
            "no_price": 98,
            "taker_side": "no"
        },
        {
            "trade_id": "72031ed7-417c-4a8a-a73c-6e456a949e96",
            "ticker": "KXHIGHAUS-25MAR10-B75.5",
            "count": 300,
            "created_time": "2025-03-10T20:42:08.595502Z",
            "yes_price": 2,
            "no_price": 98,
            "taker_side": "no"
        },
        {
            "trade_id": "6ff8866e-f991-466c-83e0-7855a79f17f1",
            "ticker": "KXHIGHAUS-25MAR10-B75.5",
            "count": 150,
            "created_time": "2025-03-10T20:42:08.595502Z",
            "yes_price": 1,
            "no_price": 99,
            "taker_side": "no"
        },
        {
            "trade_id": "6f9eedd1-1968-4d39-9f4f-f2886be21794",
            "ticker": "KXHIGHAUS-25MAR10-B75.5",
            "count": 524,
            "created_time": "2025-03-10T20:42:08.595502Z",
            "yes_price": 1,
            "no_price": 99,
            "taker_side": "no"
        },
        {
            "trade_id": "5e267275-c99f-4839-9560-19b6c9f249f9",
            "ticker": "KXHIGHAUS-25MAR10-B75.5",
            "count": 420,
            "created_time": "2025-03-10T20:42:08.595502Z",
            "yes_price": 1,
            "no_price": 99,
            "taker_side": "no"
        },
        {
            "trade_id": "58d4f7a1-c354-4d65-92a0-a052100a83e5",
            "ticker": "KXHIGHAUS-25MAR10-B75.5",
            "count": 50,
            "created_time": "2025-03-10T20:42:08.595502Z",
            "yes_price": 3,
            "no_price": 97,
            "taker_side": "no"
        },
        {
            "trade_id": "d9beb855-3370-49ab-b4e0-7ccf4fc724d1",
            "ticker": "KXHIGHAUS-25MAR10-B75.5",
            "count": 430,
            "created_time": "2025-03-10T20:34:24.798439Z",
            "yes_price": 2,
            "no_price": 98,
            "taker_side": "no"
        },
        {
            "trade_id": "8fabf182-13dc-4424-a34b-51a0c154e458",
            "ticker": "KXHIGHAUS-25MAR10-B75.5",
            "count": 80,
            "created_time": "2025-03-10T20:34:24.798439Z",
            "yes_price": 3,
            "no_price": 97,
            "taker_side": "no"
        },
        {
            "trade_id": "ea19a58a-ab4a-4cbc-83e1-a7cfffd32b9a",
            "ticker": "KXHIGHAUS-25MAR10-B75.5",
            "count": 1,
            "created_time": "2025-03-10T20:22:48.734207Z",
            "yes_price": 3,
            "no_price": 97,
            "taker_side": "no"
        },
        {
            "trade_id": "602ae279-9c65-4bd0-9b87-1c3cbca2f5b9",
            "ticker": "KXHIGHAUS-25MAR10-B75.5",
            "count": 23,
            "created_time": "2025-03-10T20:17:19.209086Z",
            "yes_price": 4,
            "no_price": 96,
            "taker_side": "yes"
        },
        {
            "trade_id": "31f3439b-edf4-4b2e-91c9-fbbd94253e5e",
            "ticker": "KXHIGHAUS-25MAR10-B75.5",
            "count": 5,
            "created_time": "2025-03-10T20:16:14.259303Z",
            "yes_price": 3,
            "no_price": 97,
            "taker_side": "no"
        },
        {
            "trade_id": "cd5e1019-5d23-42da-8804-881d23c2fd54",
            "ticker": "KXHIGHAUS-25MAR10-B75.5",
            "count": 4,
            "created_time": "2025-03-10T20:15:43.752504Z",
            "yes_price": 3,
            "no_price": 97,
            "taker_side": "no"
        },
        {
            "trade_id": "d7d795c8-312f-4421-a328-cbcdc8fdc628",
            "ticker": "KXHIGHAUS-25MAR10-B75.5",
            "count": 26,
            "created_time": "2025-03-10T20:08:47.656178Z",
            "yes_price": 5,
            "no_price": 95,
            "taker_side": "no"
        },
        {
            "trade_id": "4ed56a32-725c-4baf-8570-b6a7f269b24a",
            "ticker": "KXHIGHAUS-25MAR10-B75.5",
            "count": 50,
            "created_time": "2025-03-10T20:08:22.747492Z",
            "yes_price": 6,
            "no_price": 94,
            "taker_side": "yes"
        },
        {
            "trade_id": "be5c3388-ef9b-4f51-8a7c-59febde0f269",
            "ticker": "KXHIGHAUS-25MAR10-B75.5",
            "count": 50,
            "created_time": "2025-03-10T20:02:16.955252Z",
            "yes_price": 3,
            "no_price": 97,
            "taker_side": "no"
        },
        {
            "trade_id": "ec6272eb-8ef9-47f2-a9b4-9ed6dbf7f917",
            "ticker": "KXHIGHAUS-25MAR10-B75.5",
            "count": 85,
            "created_time": "2025-03-10T20:02:09.481146Z",
            "yes_price": 4,
            "no_price": 96,
            "taker_side": "yes"
        },
        {
            "trade_id": "b66f412b-7311-400e-b7ef-d827492fa671",
            "ticker": "KXHIGHAUS-25MAR10-B75.5",
            "count": 20,
            "created_time": "2025-03-10T20:02:09.481146Z",
            "yes_price": 4,
            "no_price": 96,
            "taker_side": "yes"
        },
        {
            "trade_id": "178ae597-ffd6-45bd-8db5-596513820dea",
            "ticker": "KXHIGHAUS-25MAR10-B75.5",
            "count": 100,
            "created_time": "2025-03-10T20:02:09.481146Z",
            "yes_price": 4,
            "no_price": 96,
            "taker_side": "yes"
        },
        {
            "trade_id": "860881b7-27c2-44c2-8ea0-11650273865f",
            "ticker": "KXHIGHAUS-25MAR10-B75.5",
            "count": 50,
            "created_time": "2025-03-10T19:58:36.168257Z",
            "yes_price": 3,
            "no_price": 97,
            "taker_side": "no"
        },
        {
            "trade_id": "f4334c5d-e156-486f-9260-299bfbb09553",
            "ticker": "KXHIGHAUS-25MAR10-B75.5",
            "count": 10,
            "created_time": "2025-03-10T19:58:25.653888Z",
            "yes_price": 3,
            "no_price": 97,
            "taker_side": "no"
        },
        {
            "trade_id": "1086767a-7c34-483d-8a83-bf4069f308a5",
            "ticker": "KXHIGHAUS-25MAR10-B75.5",
            "count": 23,
            "created_time": "2025-03-10T19:44:21.404189Z",
            "yes_price": 4,
            "no_price": 96,
            "taker_side": "yes"
        },
        {
            "trade_id": "528736d8-e384-49f3-95b1-8afa7bf48935",
            "ticker": "KXHIGHAUS-25MAR10-B75.5",
            "count": 18,
            "created_time": "2025-03-10T19:43:05.464897Z",
            "yes_price": 5,
            "no_price": 95,
            "taker_side": "yes"
        },
        {
            "trade_id": "9896cc81-427c-44cc-9c23-78ce4953c989",
            "ticker": "KXHIGHAUS-25MAR10-B75.5",
            "count": 70,
            "created_time": "2025-03-10T19:18:19.979588Z",
            "yes_price": 8,
            "no_price": 92,
            "taker_side": "yes"
        },
        {
            "trade_id": "3f3653be-f8f1-4a54-ad45-82375fc66984",
            "ticker": "KXHIGHAUS-25MAR10-B75.5",
            "count": 30,
            "created_time": "2025-03-10T19:04:36.345894Z",
            "yes_price": 9,
            "no_price": 91,
            "taker_side": "yes"
        },
        {
            "trade_id": "a3aa27df-07f3-49f9-b499-9dae3e5a88e9",
            "ticker": "KXHIGHAUS-25MAR10-B75.5",
            "count": 6,
            "created_time": "2025-03-10T18:49:13.019228Z",
            "yes_price": 8,
            "no_price": 92,
            "taker_side": "yes"
        },
        {
            "trade_id": "0be6d1fd-ec96-4d04-8387-e7e784c95c02",
            "ticker": "KXHIGHAUS-25MAR10-B75.5",
            "count": 20,
            "created_time": "2025-03-10T18:47:39.773088Z",
            "yes_price": 8,
            "no_price": 92,
            "taker_side": "yes"
        },
        {
            "trade_id": "6c45651f-2253-4ecb-8fb2-2841015a8d66",
            "ticker": "KXHIGHAUS-25MAR10-B75.5",
            "count": 11,
            "created_time": "2025-03-10T18:46:55.954768Z",
            "yes_price": 8,
            "no_price": 92,
            "taker_side": "yes"
        },
        {
            "trade_id": "9c8a6b0f-510c-4fbd-96cb-ca8a730e2bae",
            "ticker": "KXHIGHAUS-25MAR10-B75.5",
            "count": 14,
            "created_time": "2025-03-10T18:40:34.631053Z",
            "yes_price": 9,
            "no_price": 91,
            "taker_side": "yes"
        },
        {
            "trade_id": "4d868eb4-8e25-4412-b527-7ddf1004b3cc",
            "ticker": "KXHIGHAUS-25MAR10-B75.5",
            "count": 100,
            "created_time": "2025-03-10T18:40:34.631053Z",
            "yes_price": 8,
            "no_price": 92,
            "taker_side": "yes"
        },
        {
            "trade_id": "15593448-cf02-414c-a8cf-42754404f0ec",
            "ticker": "KXHIGHAUS-25MAR10-B75.5",
            "count": 168,
            "created_time": "2025-03-10T18:34:32.3128Z",
            "yes_price": 9,
            "no_price": 91,
            "taker_side": "yes"
        },
        {
            "trade_id": "bab75f38-958e-4416-9a7f-9cf1e7c0524b",
            "ticker": "KXHIGHAUS-25MAR10-B75.5",
            "count": 203,
            "created_time": "2025-03-10T18:28:15.27938Z",
            "yes_price": 9,
            "no_price": 91,
            "taker_side": "yes"
        },
        {
            "trade_id": "49dc9676-2f42-4eea-bc88-a3fd8ceaaae8",
            "ticker": "KXHIGHAUS-25MAR10-B75.5",
            "count": 20,
            "created_time": "2025-03-10T18:19:26.516041Z",
            "yes_price": 2,
            "no_price": 98,
            "taker_side": "no"
        },
        {
            "trade_id": "098b9eac-3ebb-45eb-9c9d-91047f8238c0",
            "ticker": "KXHIGHAUS-25MAR10-B75.5",
            "count": 56,
            "created_time": "2025-03-10T18:15:20.533565Z",
            "yes_price": 9,
            "no_price": 91,
            "taker_side": "yes"
        },
        {
            "trade_id": "9270e396-e125-4ef5-95b0-ee65e1c65686",
            "ticker": "KXHIGHAUS-25MAR10-B75.5",
            "count": 5,
            "created_time": "2025-03-10T18:11:51.837757Z",
            "yes_price": 2,
            "no_price": 98,
            "taker_side": "no"
        },
        {
            "trade_id": "7c5748d4-be62-4928-b539-c729b3b42183",
            "ticker": "KXHIGHAUS-25MAR10-B75.5",
            "count": 51,
            "created_time": "2025-03-10T18:11:24.187983Z",
            "yes_price": 2,
            "no_price": 98,
            "taker_side": "no"
        },
        {
            "trade_id": "07f973fe-2b10-41bd-b74e-364b802cba91",
            "ticker": "KXHIGHAUS-25MAR10-B75.5",
            "count": 20,
            "created_time": "2025-03-10T17:51:10.758094Z",
            "yes_price": 8,
            "no_price": 92,
            "taker_side": "yes"
        },
        {
            "trade_id": "f171ae63-1267-41c0-98d3-953129c970a3",
            "ticker": "KXHIGHAUS-25MAR10-B75.5",
            "count": 20,
            "created_time": "2025-03-10T17:40:16.684022Z",
            "yes_price": 9,
            "no_price": 91,
            "taker_side": "yes"
        },
        {
            "trade_id": "18a8c677-0a7f-4a41-88b6-2e40ea0ec227",
            "ticker": "KXHIGHAUS-25MAR10-B75.5",
            "count": 200,
            "created_time": "2025-03-10T17:30:32.864764Z",
            "yes_price": 4,
            "no_price": 96,
            "taker_side": "no"
        },
        {
            "trade_id": "1d42dace-f1c3-495c-bad6-aafffa5f6f06",
            "ticker": "KXHIGHAUS-25MAR10-B75.5",
            "count": 100,
            "created_time": "2025-03-10T17:14:26.389759Z",
            "yes_price": 3,
            "no_price": 97,
            "taker_side": "no"
        },
        {
            "trade_id": "9380f3f4-2cf2-474e-b4f8-5ee7170db84e",
            "ticker": "KXHIGHAUS-25MAR10-B75.5",
            "count": 10,
            "created_time": "2025-03-10T17:10:13.336184Z",
            "yes_price": 4,
            "no_price": 96,
            "taker_side": "no"
        },
        {
            "trade_id": "9d2b8331-a1bf-4502-915a-720c49c84590",
            "ticker": "KXHIGHAUS-25MAR10-B75.5",
            "count": 10,
            "created_time": "2025-03-10T16:48:14.405885Z",
            "yes_price": 9,
            "no_price": 91,
            "taker_side": "yes"
        },
        {
            "trade_id": "14120f21-ec3d-4aa1-95d8-0dc3910206bd",
            "ticker": "KXHIGHAUS-25MAR10-B75.5",
            "count": 39,
            "created_time": "2025-03-10T16:44:37.593904Z",
            "yes_price": 9,
            "no_price": 91,
            "taker_side": "yes"
        },
        {
            "trade_id": "6198e15c-b250-4435-9d0b-3fdf79d4a13c",
            "ticker": "KXHIGHAUS-25MAR10-B75.5",
            "count": 11,
            "created_time": "2025-03-10T16:44:28.949924Z",
            "yes_price": 8,
            "no_price": 92,
            "taker_side": "yes"
        },
        {
            "trade_id": "1a3aab60-a9ae-4e95-a565-44d8ba3f9b5d",
            "ticker": "KXHIGHAUS-25MAR10-B75.5",
            "count": 50,
            "created_time": "2025-03-10T16:44:28.949924Z",
            "yes_price": 8,
            "no_price": 92,
            "taker_side": "yes"
        },
        {
            "trade_id": "460634a3-8b58-485f-9756-801c4b848ab7",
            "ticker": "KXHIGHAUS-25MAR10-B75.5",
            "count": 29,
            "created_time": "2025-03-10T15:38:20.065805Z",
            "yes_price": 9,
            "no_price": 91,
            "taker_side": "yes"
        },
        {
            "trade_id": "399bfc3b-91ec-4acd-b3f3-c122ee913505",
            "ticker": "KXHIGHAUS-25MAR10-B75.5",
            "count": 22,
            "created_time": "2025-03-10T15:38:20.065805Z",
            "yes_price": 10,
            "no_price": 90,
            "taker_side": "yes"
        },
        {
            "trade_id": "df8253ab-de30-4c11-8042-59e72879c92c",
            "ticker": "KXHIGHAUS-25MAR10-B75.5",
            "count": 57,
            "created_time": "2025-03-10T15:33:15.509675Z",
            "yes_price": 9,
            "no_price": 91,
            "taker_side": "yes"
        },
        {
            "trade_id": "d5ad80ce-4881-447a-b121-e0684179abba",
            "ticker": "KXHIGHAUS-25MAR10-B75.5",
            "count": 28,
            "created_time": "2025-03-10T15:33:15.509675Z",
            "yes_price": 9,
            "no_price": 91,
            "taker_side": "yes"
        },
        {
            "trade_id": "7560304e-26b0-408d-b08f-e0ffc928bf0a",
            "ticker": "KXHIGHAUS-25MAR10-B75.5",
            "count": 24,
            "created_time": "2025-03-10T15:33:15.509675Z",
            "yes_price": 7,
            "no_price": 93,
            "taker_side": "yes"
        },
        {
            "trade_id": "e2bdd42c-791e-48ef-9385-9f814e516fc6",
            "ticker": "KXHIGHAUS-25MAR10-B75.5",
            "count": 76,
            "created_time": "2025-03-10T15:31:37.977225Z",
            "yes_price": 7,
            "no_price": 93,
            "taker_side": "yes"
        },
        {
            "trade_id": "4d70f163-9fe5-4d1e-a948-72ae6e116bfc",
            "ticker": "KXHIGHAUS-25MAR10-B75.5",
            "count": 50,
            "created_time": "2025-03-10T15:31:37.977225Z",
            "yes_price": 7,
            "no_price": 93,
            "taker_side": "yes"
        },
        {
            "trade_id": "03cbae22-4da1-4557-bb16-437f987d7c07",
            "ticker": "KXHIGHAUS-25MAR10-B75.5",
            "count": 40,
            "created_time": "2025-03-10T15:04:54.191224Z",
            "yes_price": 7,
            "no_price": 93,
            "taker_side": "yes"
        },
        {
            "trade_id": "6b88dce1-14ec-49dd-9eb0-97024b0968c7",
            "ticker": "KXHIGHAUS-25MAR10-B75.5",
            "count": 2,
            "created_time": "2025-03-10T14:42:30.279331Z",
            "yes_price": 6,
            "no_price": 94,
            "taker_side": "no"
        },
        {
            "trade_id": "c0851aa1-5fb0-42ed-81ae-f57f109d5619",
            "ticker": "KXHIGHAUS-25MAR10-B75.5",
            "count": 10,
            "created_time": "2025-03-10T14:39:06.222894Z",
            "yes_price": 7,
            "no_price": 93,
            "taker_side": "no"
        },
        {
            "trade_id": "a7e26519-2cb3-4d81-82e5-c5b2a0c9a874",
            "ticker": "KXHIGHAUS-25MAR10-B75.5",
            "count": 5,
            "created_time": "2025-03-10T14:15:50.292713Z",
            "yes_price": 9,
            "no_price": 91,
            "taker_side": "yes"
        },
        {
            "trade_id": "2181f207-d7c1-4147-a303-e55139233ebf",
            "ticker": "KXHIGHAUS-25MAR10-B75.5",
            "count": 12,
            "created_time": "2025-03-10T14:14:41.878783Z",
            "yes_price": 9,
            "no_price": 91,
            "taker_side": "yes"
        },
        {
            "trade_id": "85388d81-c9b2-47a6-9c13-415dba41dea9",
            "ticker": "KXHIGHAUS-25MAR10-B75.5",
            "count": 100,
            "created_time": "2025-03-10T14:07:32.639398Z",
            "yes_price": 8,
            "no_price": 92,
            "taker_side": "no"
        },
        {
            "trade_id": "ae7963ef-b33f-4a61-930f-0ebb561c196c",
            "ticker": "KXHIGHAUS-25MAR10-B75.5",
            "count": 1,
            "created_time": "2025-03-10T14:06:28.933341Z",
            "yes_price": 9,
            "no_price": 91,
            "taker_side": "yes"
        },
        {
            "trade_id": "8ffb1cd8-94d1-4ad8-ab5b-bb5a8ae4c8e2",
            "ticker": "KXHIGHAUS-25MAR10-B75.5",
            "count": 13,
            "created_time": "2025-03-10T14:06:28.542536Z",
            "yes_price": 8,
            "no_price": 92,
            "taker_side": "no"
        },
        {
            "trade_id": "acdcb5c1-282e-48ed-b226-1812a0be3462",
            "ticker": "KXHIGHAUS-25MAR10-B75.5",
            "count": 13,
            "created_time": "2025-03-10T14:04:35.256836Z",
            "yes_price": 9,
            "no_price": 91,
            "taker_side": "yes"
        },
        {
            "trade_id": "0a91dd68-13fb-46bd-a57b-83e058afd430",
            "ticker": "KXHIGHAUS-25MAR10-B75.5",
            "count": 34,
            "created_time": "2025-03-10T14:03:30.434086Z",
            "yes_price": 9,
            "no_price": 91,
            "taker_side": "yes"
        },
        {
            "trade_id": "3508f787-31b8-4806-b8e7-be309cfcfbb6",
            "ticker": "KXHIGHAUS-25MAR10-B75.5",
            "count": 76,
            "created_time": "2025-03-10T14:00:48.172775Z",
            "yes_price": 9,
            "no_price": 91,
            "taker_side": "yes"
        },
        {
            "trade_id": "0ac574a5-649c-4b72-b5b9-68c3e908e4f9",
            "ticker": "KXHIGHAUS-25MAR10-B75.5",
            "count": 43,
            "created_time": "2025-03-10T14:00:48.172775Z",
            "yes_price": 8,
            "no_price": 92,
            "taker_side": "yes"
        },
        {
            "trade_id": "91d3180f-f3c1-4367-b18c-7e508aac53af",
            "ticker": "KXHIGHAUS-25MAR10-B75.5",
            "count": 24,
            "created_time": "2025-03-10T14:00:42.12429Z",
            "yes_price": 9,
            "no_price": 91,
            "taker_side": "yes"
        },
        {
            "trade_id": "6d7135bd-af49-464f-a003-d21030ef9cb5",
            "ticker": "KXHIGHAUS-25MAR10-B75.5",
            "count": 29,
            "created_time": "2025-03-10T13:42:25.104613Z",
            "yes_price": 9,
            "no_price": 91,
            "taker_side": "yes"
        },
        {
            "trade_id": "c7c12af6-06b2-467f-8e88-98e9868de8fd",
            "ticker": "KXHIGHAUS-25MAR10-B75.5",
            "count": 119,
            "created_time": "2025-03-10T13:37:06.164421Z",
            "yes_price": 7,
            "no_price": 93,
            "taker_side": "no"
        },
        {
            "trade_id": "b2bd2700-9a3a-4875-8668-9f929029c8e2",
            "ticker": "KXHIGHAUS-25MAR10-B75.5",
            "count": 22,
            "created_time": "2025-03-10T13:36:23.844159Z",
            "yes_price": 8,
            "no_price": 92,
            "taker_side": "yes"
        },
        {
            "trade_id": "a39762db-b953-46ab-a82e-a0058ee1f671",
            "ticker": "KXHIGHAUS-25MAR10-B75.5",
            "count": 22,
            "created_time": "2025-03-10T13:34:08.695141Z",
            "yes_price": 6,
            "no_price": 94,
            "taker_side": "no"
        },
        {
            "trade_id": "9581144e-5894-4ab1-bf94-03ee739c2992",
            "ticker": "KXHIGHAUS-25MAR10-B75.5",
            "count": 49,
            "created_time": "2025-03-10T12:39:57.003544Z",
            "yes_price": 9,
            "no_price": 91,
            "taker_side": "yes"
        },
        {
            "trade_id": "f45f5454-537a-490c-91c9-f13de0968571",
            "ticker": "KXHIGHAUS-25MAR10-B75.5",
            "count": 20,
            "created_time": "2025-03-10T12:08:03.773873Z",
            "yes_price": 7,
            "no_price": 93,
            "taker_side": "no"
        },
        {
            "trade_id": "53da4f1c-259b-4e5a-8d10-bf7fe8a2617a",
            "ticker": "KXHIGHAUS-25MAR10-B75.5",
            "count": 117,
            "created_time": "2025-03-10T12:04:19.390644Z",
            "yes_price": 7,
            "no_price": 93,
            "taker_side": "no"
        },
        {
            "trade_id": "b5ac0332-e91a-4af3-ad99-ab8599e260f5",
            "ticker": "KXHIGHAUS-25MAR10-B75.5",
            "count": 25,
            "created_time": "2025-03-10T12:03:41.141699Z",
            "yes_price": 8,
            "no_price": 92,
            "taker_side": "no"
        },
        {
            "trade_id": "02bbf5c2-c4ef-471e-92e1-661e331913b3",
            "ticker": "KXHIGHAUS-25MAR10-B75.5",
            "count": 109,
            "created_time": "2025-03-10T12:03:32.14256Z",
            "yes_price": 8,
            "no_price": 92,
            "taker_side": "no"
        },
        {
            "trade_id": "bdcc6105-fd77-48d0-be44-c52f662060ff",
            "ticker": "KXHIGHAUS-25MAR10-B75.5",
            "count": 2,
            "created_time": "2025-03-10T12:03:15.018853Z",
            "yes_price": 8,
            "no_price": 92,
            "taker_side": "no"
        },
        {
            "trade_id": "7b0499d3-5ab5-40eb-922e-eff2c1975aab",
            "ticker": "KXHIGHAUS-25MAR10-B75.5",
            "count": 110,
            "created_time": "2025-03-10T12:03:15.018853Z",
            "yes_price": 8,
            "no_price": 92,
            "taker_side": "no"
        },
        {
            "trade_id": "825a80b3-5aae-4ba3-bac9-26dbd9c70c55",
            "ticker": "KXHIGHAUS-25MAR10-B75.5",
            "count": 61,
            "created_time": "2025-03-10T05:56:11.161552Z",
            "yes_price": 3,
            "no_price": 97,
            "taker_side": "no"
        },
        {
            "trade_id": "c344ca30-eba1-43d7-b2b1-94d0159d4278",
            "ticker": "KXHIGHAUS-25MAR10-B75.5",
            "count": 30,
            "created_time": "2025-03-10T05:13:56.103052Z",
            "yes_price": 4,
            "no_price": 96,
            "taker_side": "no"
        },
        {
            "trade_id": "f18a2e48-0e04-409d-a314-098eb0f6dad5",
            "ticker": "KXHIGHAUS-25MAR10-B75.5",
            "count": 15,
            "created_time": "2025-03-10T05:11:56.612448Z",
            "yes_price": 5,
            "no_price": 95,
            "taker_side": "no"
        },
        {
            "trade_id": "12e0a4b2-65fa-4e14-9d47-be1feb66aaa0",
            "ticker": "KXHIGHAUS-25MAR10-B75.5",
            "count": 85,
            "created_time": "2025-03-10T05:11:56.612448Z",
            "yes_price": 4,
            "no_price": 96,
            "taker_side": "no"
        },
        {
            "trade_id": "ee181dff-0e37-43eb-9635-3b3ddfc598cc",
            "ticker": "KXHIGHAUS-25MAR10-B75.5",
            "count": 109,
            "created_time": "2025-03-10T05:05:13.317209Z",
            "yes_price": 6,
            "no_price": 94,
            "taker_side": "no"
        },
        {
            "trade_id": "bee30310-b146-4237-bbb1-2b88eb402554",
            "ticker": "KXHIGHAUS-25MAR10-B75.5",
            "count": 41,
            "created_time": "2025-03-10T05:04:12.020203Z",
            "yes_price": 6,
            "no_price": 94,
            "taker_side": "no"
        },
        {
            "trade_id": "ae4dbe52-20cd-4526-af5a-eb54b81adee0",
            "ticker": "KXHIGHAUS-25MAR10-B75.5",
            "count": 4,
            "created_time": "2025-03-10T05:03:24.804954Z",
            "yes_price": 7,
            "no_price": 93,
            "taker_side": "no"
        },
        {
            "trade_id": "2a775d5e-5360-4b1b-b462-8a222390c5c3",
            "ticker": "KXHIGHAUS-25MAR10-B75.5",
            "count": 1,
            "created_time": "2025-03-10T05:01:54.993348Z",
            "yes_price": 7,
            "no_price": 93,
            "taker_side": "no"
        },
        {
            "trade_id": "c585d1b7-e987-4009-93ab-7e10734f3288",
            "ticker": "KXHIGHAUS-25MAR10-B75.5",
            "count": 16,
            "created_time": "2025-03-10T05:01:51.007842Z",
            "yes_price": 7,
            "no_price": 93,
            "taker_side": "no"
        },
        {
            "trade_id": "df4d2360-d214-4569-a970-2bdab7a1799a",
            "ticker": "KXHIGHAUS-25MAR10-B75.5",
            "count": 54,
            "created_time": "2025-03-10T05:00:33.490064Z",
            "yes_price": 7,
            "no_price": 93,
            "taker_side": "no"
        },
        {
            "trade_id": "2cb0b999-4e11-4014-b88e-bb14b78c77d6",
            "ticker": "KXHIGHAUS-25MAR10-B75.5",
            "count": 25,
            "created_time": "2025-03-10T05:00:33.453686Z",
            "yes_price": 7,
            "no_price": 93,
            "taker_side": "no"
        },
        {
            "trade_id": "dde2f663-f698-45c1-bae1-221e141c3182",
            "ticker": "KXHIGHAUS-25MAR10-B75.5",
            "count": 100,
            "created_time": "2025-03-10T04:47:08.81655Z",
            "yes_price": 8,
            "no_price": 92,
            "taker_side": "no"
        },
        {
            "trade_id": "6236162d-7dd3-4d3f-85e9-7c2330b86716",
            "ticker": "KXHIGHAUS-25MAR10-B75.5",
            "count": 185,
            "created_time": "2025-03-10T04:47:08.81655Z",
            "yes_price": 8,
            "no_price": 92,
            "taker_side": "no"
        },
        {
            "trade_id": "fd937128-3061-4993-aa32-038a7941e433",
            "ticker": "KXHIGHAUS-25MAR10-B75.5",
            "count": 5,
            "created_time": "2025-03-10T04:46:55.571445Z",
            "yes_price": 8,
            "no_price": 92,
            "taker_side": "no"
        },
        {
            "trade_id": "f0bfd867-df9b-4e87-9ae5-cd2e8fcdbb90",
            "ticker": "KXHIGHAUS-25MAR10-B75.5",
            "count": 10,
            "created_time": "2025-03-10T04:44:20.818513Z",
            "yes_price": 8,
            "no_price": 92,
            "taker_side": "no"
        },
        {
            "trade_id": "5eca8352-7dc4-464d-9755-f402780ad4d2",
            "ticker": "KXHIGHAUS-25MAR10-B75.5",
            "count": 72,
            "created_time": "2025-03-10T04:33:34.615469Z",
            "yes_price": 10,
            "no_price": 90,
            "taker_side": "no"
        },
        {
            "trade_id": "3abd15ff-dcaf-4616-8a1c-f60362b40a75",
            "ticker": "KXHIGHAUS-25MAR10-B75.5",
            "count": 28,
            "created_time": "2025-03-10T04:33:29.203809Z",
            "yes_price": 10,
            "no_price": 90,
            "taker_side": "no"
        },
        {
            "trade_id": "a474911f-1d2a-4107-b6e3-4c853040b816",
            "ticker": "KXHIGHAUS-25MAR10-B75.5",
            "count": 54,
            "created_time": "2025-03-10T03:56:26.368511Z",
            "yes_price": 10,
            "no_price": 90,
            "taker_side": "yes"
        },
        {
            "trade_id": "621b1c5a-27de-48f4-b0cf-2121a0ea2fac",
            "ticker": "KXHIGHAUS-25MAR10-B75.5",
            "count": 61,
            "created_time": "2025-03-10T03:50:24.741591Z",
            "yes_price": 12,
            "no_price": 88,
            "taker_side": "yes"
        },
        {
            "trade_id": "5455b769-4e1a-4cdb-8610-3b258e3d32c8",
            "ticker": "KXHIGHAUS-25MAR10-B75.5",
            "count": 11,
            "created_time": "2025-03-10T03:00:31.194109Z",
            "yes_price": 9,
            "no_price": 91,
            "taker_side": "yes"
        },
        {
            "trade_id": "ceb1801f-c57c-44a7-9792-c3906797ddce",
            "ticker": "KXHIGHAUS-25MAR10-B75.5",
            "count": 99,
            "created_time": "2025-03-10T02:57:51.690076Z",
            "yes_price": 9,
            "no_price": 91,
            "taker_side": "no"
        },
        {
            "trade_id": "96afc0db-75dc-4440-9ffd-eeac0f3be2d5",
            "ticker": "KXHIGHAUS-25MAR10-B75.5",
            "count": 49,
            "created_time": "2025-03-10T02:57:51.690076Z",
            "yes_price": 9,
            "no_price": 91,
            "taker_side": "no"
        },
        {
            "trade_id": "7ca8236e-97b7-46d7-a6d6-50fa62fc4b08",
            "ticker": "KXHIGHAUS-25MAR10-B75.5",
            "count": 2,
            "created_time": "2025-03-10T02:57:51.690076Z",
            "yes_price": 9,
            "no_price": 91,
            "taker_side": "no"
        },
        {
            "trade_id": "10167cff-a8e8-424a-852e-5733174cd81e",
            "ticker": "KXHIGHAUS-25MAR10-B75.5",
            "count": 1,
            "created_time": "2025-03-10T02:57:51.690076Z",
            "yes_price": 9,
            "no_price": 91,
            "taker_side": "no"
        },
        {
            "trade_id": "4dff205a-c342-465e-8173-82bb76ad6dc4",
            "ticker": "KXHIGHAUS-25MAR10-B75.5",
            "count": 12,
            "created_time": "2025-03-10T02:54:25.741675Z",
            "yes_price": 10,
            "no_price": 90,
            "taker_side": "yes"
        },
        {
            "trade_id": "cfd8fedc-8715-4bf6-a475-9576c84c16e8",
            "ticker": "KXHIGHAUS-25MAR10-B75.5",
            "count": 26,
            "created_time": "2025-03-10T02:53:17.022464Z",
            "yes_price": 10,
            "no_price": 90,
            "taker_side": "no"
        },
        {
            "trade_id": "b22eafbd-c914-40ee-8ff0-180e6ca103d7",
            "ticker": "KXHIGHAUS-25MAR10-B75.5",
            "count": 18,
            "created_time": "2025-03-10T02:53:17.022464Z",
            "yes_price": 10,
            "no_price": 90,
            "taker_side": "no"
        },
        {
            "trade_id": "8e37f187-7e22-4ad3-a85c-ef66336a0234",
            "ticker": "KXHIGHAUS-25MAR10-B75.5",
            "count": 9,
            "created_time": "2025-03-10T02:53:17.022464Z",
            "yes_price": 10,
            "no_price": 90,
            "taker_side": "no"
        },
        {
            "trade_id": "25d4e13e-8ab4-4fa5-b562-4bcc15df075b",
            "ticker": "KXHIGHAUS-25MAR10-B75.5",
            "count": 4,
            "created_time": "2025-03-10T02:53:17.022464Z",
            "yes_price": 10,
            "no_price": 90,
            "taker_side": "no"
        },
        {
            "trade_id": "bb6e90b4-1a59-46ac-b110-cb51ceb0518c",
            "ticker": "KXHIGHAUS-25MAR10-B75.5",
            "count": 2,
            "created_time": "2025-03-10T02:51:46.91363Z",
            "yes_price": 10,
            "no_price": 90,
            "taker_side": "no"
        },
        {
            "trade_id": "e3e277e6-8044-4c14-b5ec-d8279a1dbed5",
            "ticker": "KXHIGHAUS-25MAR10-B75.5",
            "count": 1,
            "created_time": "2025-03-10T02:49:47.510481Z",
            "yes_price": 12,
            "no_price": 88,
            "taker_side": "yes"
        },
        {
            "trade_id": "05370db7-3a60-4c42-9f53-84a1e7603f5c",
            "ticker": "KXHIGHAUS-25MAR10-B75.5",
            "count": 22,
            "created_time": "2025-03-10T02:48:00.123648Z",
            "yes_price": 10,
            "no_price": 90,
            "taker_side": "no"
        },
        {
            "trade_id": "0d22f9d0-b8c2-4d9e-9f5e-222b63943891",
            "ticker": "KXHIGHAUS-25MAR10-B75.5",
            "count": 118,
            "created_time": "2025-03-10T02:46:33.45857Z",
            "yes_price": 11,
            "no_price": 89,
            "taker_side": "no"
        },
        {
            "trade_id": "c225516a-a15d-45cf-bd76-3eaeb629b88d",
            "ticker": "KXHIGHAUS-25MAR10-B75.5",
            "count": 117,
            "created_time": "2025-03-10T02:46:23.215011Z",
            "yes_price": 12,
            "no_price": 88,
            "taker_side": "no"
        },
        {
            "trade_id": "fa91763b-d959-4231-92fb-ddf00bf12c7c",
            "ticker": "KXHIGHAUS-25MAR10-B75.5",
            "count": 117,
            "created_time": "2025-03-10T02:46:11.48418Z",
            "yes_price": 13,
            "no_price": 87,
            "taker_side": "yes"
        },
        {
            "trade_id": "7d7ee3a4-cf83-4a21-8f93-f5647e114c26",
            "ticker": "KXHIGHAUS-25MAR10-B75.5",
            "count": 111,
            "created_time": "2025-03-10T02:46:07.977798Z",
            "yes_price": 13,
            "no_price": 87,
            "taker_side": "no"
        },
        {
            "trade_id": "4389ae64-0554-46e4-9635-332c946a731b",
            "ticker": "KXHIGHAUS-25MAR10-B75.5",
            "count": 125,
            "created_time": "2025-03-10T02:46:07.977798Z",
            "yes_price": 13,
            "no_price": 87,
            "taker_side": "no"
        },
        {
            "trade_id": "0582a1f0-9d38-4f43-84e6-5232f9e15cc3",
            "ticker": "KXHIGHAUS-25MAR10-B75.5",
            "count": 35,
            "created_time": "2025-03-10T02:45:54.817775Z",
            "yes_price": 14,
            "no_price": 86,
            "taker_side": "no"
        },
        {
            "trade_id": "612434be-06f6-4319-b132-7aa1e2b4f10f",
            "ticker": "KXHIGHAUS-25MAR10-B75.5",
            "count": 53,
            "created_time": "2025-03-10T02:31:01.686892Z",
            "yes_price": 16,
            "no_price": 84,
            "taker_side": "yes"
        },
        {
            "trade_id": "894c33e5-f9a8-478f-89fa-31807c5cb411",
            "ticker": "KXHIGHAUS-25MAR10-B75.5",
            "count": 23,
            "created_time": "2025-03-10T02:24:55.616348Z",
            "yes_price": 16,
            "no_price": 84,
            "taker_side": "yes"
        },
        {
            "trade_id": "764e9617-7020-4914-af4a-c79319888c83",
            "ticker": "KXHIGHAUS-25MAR10-B75.5",
            "count": 150,
            "created_time": "2025-03-10T02:15:56.918768Z",
            "yes_price": 16,
            "no_price": 84,
            "taker_side": "yes"
        },
        {
            "trade_id": "0e6a2036-5af7-4dd9-8da2-6d1c4ecaaed5",
            "ticker": "KXHIGHAUS-25MAR10-B75.5",
            "count": 3,
            "created_time": "2025-03-10T02:02:35.71248Z",
            "yes_price": 15,
            "no_price": 85,
            "taker_side": "no"
        },
        {
            "trade_id": "b7bc7a8a-08dd-45d8-a894-4835ea22ed97",
            "ticker": "KXHIGHAUS-25MAR10-B75.5",
            "count": 27,
            "created_time": "2025-03-10T01:45:08.20931Z",
            "yes_price": 17,
            "no_price": 83,
            "taker_side": "yes"
        },
        {
            "trade_id": "d0c0fcc7-78b1-4419-8936-3ea1ecbffa35",
            "ticker": "KXHIGHAUS-25MAR10-B75.5",
            "count": 2,
            "created_time": "2025-03-10T00:35:57.958432Z",
            "yes_price": 17,
            "no_price": 83,
            "taker_side": "yes"
        },
        {
            "trade_id": "66442a8f-449e-4d79-a028-e0b440ed52a1",
            "ticker": "KXHIGHAUS-25MAR10-B75.5",
            "count": 5,
            "created_time": "2025-03-10T00:33:50.390574Z",
            "yes_price": 17,
            "no_price": 83,
            "taker_side": "yes"
        },
        {
            "trade_id": "38b76f7d-c685-435b-ba7c-705386a98e85",
            "ticker": "KXHIGHAUS-25MAR10-B75.5",
            "count": 25,
            "created_time": "2025-03-09T23:38:31.095439Z",
            "yes_price": 18,
            "no_price": 82,
            "taker_side": "yes"
        },
        {
            "trade_id": "7d247e50-e86c-44b0-a5b8-14315083788d",
            "ticker": "KXHIGHAUS-25MAR10-B75.5",
            "count": 25,
            "created_time": "2025-03-09T23:38:12.323504Z",
            "yes_price": 17,
            "no_price": 83,
            "taker_side": "yes"
        },
        {
            "trade_id": "eda39bf5-4324-484e-bfa5-1c38765b2e6f",
            "ticker": "KXHIGHAUS-25MAR10-B75.5",
            "count": 68,
            "created_time": "2025-03-09T23:22:03.361406Z",
            "yes_price": 13,
            "no_price": 87,
            "taker_side": "no"
        },
        {
            "trade_id": "de427e7f-3a81-42d8-9b09-f09886253808",
            "ticker": "KXHIGHAUS-25MAR10-B75.5",
            "count": 8,
            "created_time": "2025-03-09T22:55:04.023212Z",
            "yes_price": 13,
            "no_price": 87,
            "taker_side": "no"
        },
        {
            "trade_id": "d323afa8-885c-406c-bd1f-902fa7d5c5c6",
            "ticker": "KXHIGHAUS-25MAR10-B75.5",
            "count": 5,
            "created_time": "2025-03-09T21:43:57.292544Z",
            "yes_price": 13,
            "no_price": 87,
            "taker_side": "no"
        },
        {
            "trade_id": "cff85aaf-4686-42a8-98fa-0980457e5349",
            "ticker": "KXHIGHAUS-25MAR10-B75.5",
            "count": 95,
            "created_time": "2025-03-09T21:43:57.292544Z",
            "yes_price": 13,
            "no_price": 87,
            "taker_side": "no"
        },
        {
            "trade_id": "cf6d8ac7-0cf6-4fd9-8d75-e5c02e951b46",
            "ticker": "KXHIGHAUS-25MAR10-B75.5",
            "count": 1,
            "created_time": "2025-03-09T17:30:23.254745Z",
            "yes_price": 22,
            "no_price": 78,
            "taker_side": "no"
        }
    ],
    "KXHIGHAUS-25MAR10-B77.5": [
        {
            "trade_id": "6d64ad2e-eb10-421c-9389-6af0a5fbaba3",
            "ticker": "KXHIGHAUS-25MAR10-B77.5",
            "count": 9,
            "created_time": "2025-03-11T04:36:43.417798Z",
            "yes_price": 99,
            "no_price": 1,
            "taker_side": "no"
        },
        {
            "trade_id": "3c7beea6-79ab-4fb2-af59-2b2b77cd17ec",
            "ticker": "KXHIGHAUS-25MAR10-B77.5",
            "count": 563,
            "created_time": "2025-03-11T04:36:19.726304Z",
            "yes_price": 99,
            "no_price": 1,
            "taker_side": "no"
        },
        {
            "trade_id": "6907ac9b-9104-4a6a-94b5-b00cfbab2777",
            "ticker": "KXHIGHAUS-25MAR10-B77.5",
            "count": 50,
            "created_time": "2025-03-11T02:31:40.759021Z",
            "yes_price": 99,
            "no_price": 1,
            "taker_side": "no"
        },
        {
            "trade_id": "4142e0e5-ea0a-452d-b484-95116f31393b",
            "ticker": "KXHIGHAUS-25MAR10-B77.5",
            "count": 100,
            "created_time": "2025-03-11T02:30:22.349055Z",
            "yes_price": 99,
            "no_price": 1,
            "taker_side": "no"
        },
        {
            "trade_id": "74ba7647-b9ae-439d-9e4d-9b3d14b731d7",
            "ticker": "KXHIGHAUS-25MAR10-B77.5",
            "count": 100,
            "created_time": "2025-03-11T02:16:21.477665Z",
            "yes_price": 99,
            "no_price": 1,
            "taker_side": "no"
        },
        {
            "trade_id": "0ab424aa-846f-4267-a236-ee55fb4fa476",
            "ticker": "KXHIGHAUS-25MAR10-B77.5",
            "count": 1,
            "created_time": "2025-03-11T01:36:33.94805Z",
            "yes_price": 99,
            "no_price": 1,
            "taker_side": "no"
        },
        {
            "trade_id": "fc5766c2-3a2b-43e1-8928-9af2f487d73f",
            "ticker": "KXHIGHAUS-25MAR10-B77.5",
            "count": 22,
            "created_time": "2025-03-11T00:59:50.065732Z",
            "yes_price": 99,
            "no_price": 1,
            "taker_side": "no"
        },
        {
            "trade_id": "c00432ab-a8e1-495a-ba3a-f909befac38f",
            "ticker": "KXHIGHAUS-25MAR10-B77.5",
            "count": 25,
            "created_time": "2025-03-11T00:48:33.482686Z",
            "yes_price": 99,
            "no_price": 1,
            "taker_side": "no"
        },
        {
            "trade_id": "033e97fd-5cc7-4047-85cb-e74cfa5fd818",
            "ticker": "KXHIGHAUS-25MAR10-B77.5",
            "count": 140,
            "created_time": "2025-03-11T00:45:35.921795Z",
            "yes_price": 99,
            "no_price": 1,
            "taker_side": "no"
        },
        {
            "trade_id": "6f7c8a11-e6cd-4958-b11a-b09cfb7831b7",
            "ticker": "KXHIGHAUS-25MAR10-B77.5",
            "count": 87,
            "created_time": "2025-03-11T00:44:30.784029Z",
            "yes_price": 99,
            "no_price": 1,
            "taker_side": "no"
        },
        {
            "trade_id": "aca86e3b-6f72-4c2b-a1e8-b31f7fb94f2e",
            "ticker": "KXHIGHAUS-25MAR10-B77.5",
            "count": 3,
            "created_time": "2025-03-11T00:34:51.211927Z",
            "yes_price": 99,
            "no_price": 1,
            "taker_side": "no"
        },
        {
            "trade_id": "91f9653b-5e88-480c-8f47-2114a0f5f3b9",
            "ticker": "KXHIGHAUS-25MAR10-B77.5",
            "count": 236,
            "created_time": "2025-03-11T00:26:29.011902Z",
            "yes_price": 99,
            "no_price": 1,
            "taker_side": "no"
        },
        {
            "trade_id": "bf8e58dd-6427-4709-a6f0-2da8c21cca57",
            "ticker": "KXHIGHAUS-25MAR10-B77.5",
            "count": 39,
            "created_time": "2025-03-11T00:23:44.250633Z",
            "yes_price": 99,
            "no_price": 1,
            "taker_side": "no"
        },
        {
            "trade_id": "0b3b34da-fcec-4baa-9d85-7509489b7bd7",
            "ticker": "KXHIGHAUS-25MAR10-B77.5",
            "count": 28,
            "created_time": "2025-03-11T00:21:37.786569Z",
            "yes_price": 99,
            "no_price": 1,
            "taker_side": "no"
        },
        {
            "trade_id": "7e5f8ef8-dc9a-4586-8845-e122c144d32a",
            "ticker": "KXHIGHAUS-25MAR10-B77.5",
            "count": 24,
            "created_time": "2025-03-11T00:20:34.05273Z",
            "yes_price": 99,
            "no_price": 1,
            "taker_side": "no"
        },
        {
            "trade_id": "c0260551-e54e-4384-bb30-6943fdb9901a",
            "ticker": "KXHIGHAUS-25MAR10-B77.5",
            "count": 451,
            "created_time": "2025-03-11T00:09:06.290091Z",
            "yes_price": 99,
            "no_price": 1,
            "taker_side": "no"
        },
        {
            "trade_id": "b6e79787-8105-4add-84b0-937ac666ef3c",
            "ticker": "KXHIGHAUS-25MAR10-B77.5",
            "count": 290,
            "created_time": "2025-03-11T00:08:26.084834Z",
            "yes_price": 99,
            "no_price": 1,
            "taker_side": "no"
        },
        {
            "trade_id": "2d59823d-816b-40e7-aeed-c9b0a056510d",
            "ticker": "KXHIGHAUS-25MAR10-B77.5",
            "count": 574,
            "created_time": "2025-03-11T00:07:32.321391Z",
            "yes_price": 99,
            "no_price": 1,
            "taker_side": "no"
        },
        {
            "trade_id": "65049950-e8e8-414e-a6e9-d683aabd6b5b",
            "ticker": "KXHIGHAUS-25MAR10-B77.5",
            "count": 38,
            "created_time": "2025-03-11T00:06:54.618779Z",
            "yes_price": 99,
            "no_price": 1,
            "taker_side": "no"
        },
        {
            "trade_id": "7fd0791e-bf7f-479b-beb7-0d6ad7241c31",
            "ticker": "KXHIGHAUS-25MAR10-B77.5",
            "count": 54,
            "created_time": "2025-03-11T00:06:01.688215Z",
            "yes_price": 99,
            "no_price": 1,
            "taker_side": "no"
        },
        {
            "trade_id": "10cfc9f4-fc1e-4112-9dfe-1ca54621c405",
            "ticker": "KXHIGHAUS-25MAR10-B77.5",
            "count": 184,
            "created_time": "2025-03-11T00:03:30.109227Z",
            "yes_price": 99,
            "no_price": 1,
            "taker_side": "no"
        },
        {
            "trade_id": "b5a0f2f0-5bb3-4c23-900d-51a2a3358e9d",
            "ticker": "KXHIGHAUS-25MAR10-B77.5",
            "count": 731,
            "created_time": "2025-03-11T00:03:18.952737Z",
            "yes_price": 99,
            "no_price": 1,
            "taker_side": "no"
        },
        {
            "trade_id": "14559715-f3cf-4787-852b-a6978ab2fd3e",
            "ticker": "KXHIGHAUS-25MAR10-B77.5",
            "count": 45,
            "created_time": "2025-03-11T00:01:39.180085Z",
            "yes_price": 99,
            "no_price": 1,
            "taker_side": "no"
        },
        {
            "trade_id": "ee4159b6-ae46-45ef-8173-b52bb9212757",
            "ticker": "KXHIGHAUS-25MAR10-B77.5",
            "count": 250,
            "created_time": "2025-03-11T00:01:27.905439Z",
            "yes_price": 99,
            "no_price": 1,
            "taker_side": "no"
        },
        {
            "trade_id": "5232b606-2325-4e5a-a6ef-7bdaadf5439a",
            "ticker": "KXHIGHAUS-25MAR10-B77.5",
            "count": 2,
            "created_time": "2025-03-11T00:00:28.257059Z",
            "yes_price": 99,
            "no_price": 1,
            "taker_side": "no"
        },
        {
            "trade_id": "c48aa2f3-c3cf-4587-bcb7-c05f898051ad",
            "ticker": "KXHIGHAUS-25MAR10-B77.5",
            "count": 22,
            "created_time": "2025-03-10T23:58:38.059153Z",
            "yes_price": 99,
            "no_price": 1,
            "taker_side": "no"
        },
        {
            "trade_id": "9f9e03a8-7b72-45b9-8a04-fa163f28167c",
            "ticker": "KXHIGHAUS-25MAR10-B77.5",
            "count": 298,
            "created_time": "2025-03-10T23:57:18.467844Z",
            "yes_price": 99,
            "no_price": 1,
            "taker_side": "no"
        },
        {
            "trade_id": "791a160a-d491-4400-9144-da9e8f61f5d7",
            "ticker": "KXHIGHAUS-25MAR10-B77.5",
            "count": 35,
            "created_time": "2025-03-10T23:57:02.182313Z",
            "yes_price": 99,
            "no_price": 1,
            "taker_side": "no"
        },
        {
            "trade_id": "c53d9ea2-0aa7-47cb-ae76-f34f31a0f64b",
            "ticker": "KXHIGHAUS-25MAR10-B77.5",
            "count": 81,
            "created_time": "2025-03-10T23:56:20.300944Z",
            "yes_price": 99,
            "no_price": 1,
            "taker_side": "no"
        },
        {
            "trade_id": "2f612607-65d4-4d5c-8bc3-309863bab11c",
            "ticker": "KXHIGHAUS-25MAR10-B77.5",
            "count": 939,
            "created_time": "2025-03-10T23:55:58.825555Z",
            "yes_price": 99,
            "no_price": 1,
            "taker_side": "no"
        },
        {
            "trade_id": "a388c7ab-ec86-4fa5-820b-493f210966ef",
            "ticker": "KXHIGHAUS-25MAR10-B77.5",
            "count": 1000,
            "created_time": "2025-03-10T23:55:41.162396Z",
            "yes_price": 99,
            "no_price": 1,
            "taker_side": "yes"
        },
        {
            "trade_id": "4b0feddf-a7f7-4ef8-97da-7c6b64609555",
            "ticker": "KXHIGHAUS-25MAR10-B77.5",
            "count": 14,
            "created_time": "2025-03-10T23:55:41.162396Z",
            "yes_price": 99,
            "no_price": 1,
            "taker_side": "yes"
        },
        {
            "trade_id": "3efa0397-a671-4e62-9ae2-74c210ba6928",
            "ticker": "KXHIGHAUS-25MAR10-B77.5",
            "count": 150,
            "created_time": "2025-03-10T23:55:41.162396Z",
            "yes_price": 99,
            "no_price": 1,
            "taker_side": "yes"
        },
        {
            "trade_id": "0da98ef0-afe0-4d86-bae0-4358ba478f2c",
            "ticker": "KXHIGHAUS-25MAR10-B77.5",
            "count": 213,
            "created_time": "2025-03-10T23:55:41.162396Z",
            "yes_price": 99,
            "no_price": 1,
            "taker_side": "yes"
        },
        {
            "trade_id": "d1fff3b8-55bf-4fd5-acb2-cbbe9808ad8d",
            "ticker": "KXHIGHAUS-25MAR10-B77.5",
            "count": 100,
            "created_time": "2025-03-10T23:55:37.845101Z",
            "yes_price": 98,
            "no_price": 2,
            "taker_side": "yes"
        },
        {
            "trade_id": "b3e3aa41-f650-40bb-8851-7fe2b4d5548d",
            "ticker": "KXHIGHAUS-25MAR10-B77.5",
            "count": 2414,
            "created_time": "2025-03-10T23:55:37.845101Z",
            "yes_price": 98,
            "no_price": 2,
            "taker_side": "yes"
        },
        {
            "trade_id": "00f211e2-223d-4b50-a0c4-a6ba95c6d686",
            "ticker": "KXHIGHAUS-25MAR10-B77.5",
            "count": 300,
            "created_time": "2025-03-10T23:55:02.856152Z",
            "yes_price": 95,
            "no_price": 5,
            "taker_side": "no"
        },
        {
            "trade_id": "313183a7-fb37-41fe-ac75-e142f01c3834",
            "ticker": "KXHIGHAUS-25MAR10-B77.5",
            "count": 28,
            "created_time": "2025-03-10T23:55:02.655407Z",
            "yes_price": 95,
            "no_price": 5,
            "taker_side": "no"
        },
        {
            "trade_id": "655363ce-d919-4e20-85a4-60bc70280146",
            "ticker": "KXHIGHAUS-25MAR10-B77.5",
            "count": 28,
            "created_time": "2025-03-10T23:55:02.523476Z",
            "yes_price": 95,
            "no_price": 5,
            "taker_side": "no"
        },
        {
            "trade_id": "83b832da-f417-41be-af41-0b2b2d5b8f9a",
            "ticker": "KXHIGHAUS-25MAR10-B77.5",
            "count": 200,
            "created_time": "2025-03-10T23:55:02.382027Z",
            "yes_price": 95,
            "no_price": 5,
            "taker_side": "no"
        },
        {
            "trade_id": "4eb1443e-0e25-40f9-b8cc-9cf5e53a595a",
            "ticker": "KXHIGHAUS-25MAR10-B77.5",
            "count": 125,
            "created_time": "2025-03-10T23:55:02.014589Z",
            "yes_price": 95,
            "no_price": 5,
            "taker_side": "no"
        },
        {
            "trade_id": "03e43872-78db-4c48-9754-71aebb5e52df",
            "ticker": "KXHIGHAUS-25MAR10-B77.5",
            "count": 50,
            "created_time": "2025-03-10T23:55:01.96177Z",
            "yes_price": 77,
            "no_price": 23,
            "taker_side": "yes"
        },
        {
            "trade_id": "4876323a-50d6-474e-8e6c-2d143ad99f27",
            "ticker": "KXHIGHAUS-25MAR10-B77.5",
            "count": 20,
            "created_time": "2025-03-10T23:52:49.034801Z",
            "yes_price": 74,
            "no_price": 26,
            "taker_side": "no"
        },
        {
            "trade_id": "e1d04048-cabc-474d-b575-571964979a11",
            "ticker": "KXHIGHAUS-25MAR10-B77.5",
            "count": 150,
            "created_time": "2025-03-10T23:51:30.551498Z",
            "yes_price": 77,
            "no_price": 23,
            "taker_side": "yes"
        },
        {
            "trade_id": "3829f93a-62be-4c91-8730-9b40c0ed10ae",
            "ticker": "KXHIGHAUS-25MAR10-B77.5",
            "count": 50,
            "created_time": "2025-03-10T23:51:24.38587Z",
            "yes_price": 77,
            "no_price": 23,
            "taker_side": "yes"
        },
        {
            "trade_id": "cd148a67-5232-4924-b318-a21670203448",
            "ticker": "KXHIGHAUS-25MAR10-B77.5",
            "count": 81,
            "created_time": "2025-03-10T23:46:49.736619Z",
            "yes_price": 76,
            "no_price": 24,
            "taker_side": "yes"
        },
        {
            "trade_id": "1c3fed31-65b4-46b0-a234-1680f96aeab4",
            "ticker": "KXHIGHAUS-25MAR10-B77.5",
            "count": 314,
            "created_time": "2025-03-10T23:46:49.736619Z",
            "yes_price": 77,
            "no_price": 23,
            "taker_side": "yes"
        },
        {
            "trade_id": "b97f4824-c020-424c-9f1c-0b0fa33ff0a1",
            "ticker": "KXHIGHAUS-25MAR10-B77.5",
            "count": 79,
            "created_time": "2025-03-10T23:45:46.400955Z",
            "yes_price": 76,
            "no_price": 24,
            "taker_side": "yes"
        },
        {
            "trade_id": "9edbd9e9-9f7f-4dae-af00-690847c23cdb",
            "ticker": "KXHIGHAUS-25MAR10-B77.5",
            "count": 50,
            "created_time": "2025-03-10T23:45:46.400955Z",
            "yes_price": 75,
            "no_price": 25,
            "taker_side": "yes"
        },
        {
            "trade_id": "00ae6bf8-e0a5-4097-a911-12d172af627f",
            "ticker": "KXHIGHAUS-25MAR10-B77.5",
            "count": 1,
            "created_time": "2025-03-10T23:45:02.608183Z",
            "yes_price": 74,
            "no_price": 26,
            "taker_side": "yes"
        },
        {
            "trade_id": "4b96800e-a793-46b4-9fe0-2952df476e8d",
            "ticker": "KXHIGHAUS-25MAR10-B77.5",
            "count": 35,
            "created_time": "2025-03-10T23:43:47.166064Z",
            "yes_price": 73,
            "no_price": 27,
            "taker_side": "yes"
        },
        {
            "trade_id": "f8431eb0-6b37-4483-8438-be2a500b484c",
            "ticker": "KXHIGHAUS-25MAR10-B77.5",
            "count": 100,
            "created_time": "2025-03-10T23:43:09.021246Z",
            "yes_price": 65,
            "no_price": 35,
            "taker_side": "no"
        },
        {
            "trade_id": "f3cd916b-a499-4e5c-aa7a-455cb2f0430f",
            "ticker": "KXHIGHAUS-25MAR10-B77.5",
            "count": 50,
            "created_time": "2025-03-10T23:43:09.021246Z",
            "yes_price": 65,
            "no_price": 35,
            "taker_side": "no"
        },
        {
            "trade_id": "e7b0fac2-78f6-4f2e-aa5a-cfe8c0f93c5d",
            "ticker": "KXHIGHAUS-25MAR10-B77.5",
            "count": 118,
            "created_time": "2025-03-10T23:42:54.637073Z",
            "yes_price": 75,
            "no_price": 25,
            "taker_side": "yes"
        },
        {
            "trade_id": "f5672e2e-cd4d-4da5-94cf-3e2c6f9a9a63",
            "ticker": "KXHIGHAUS-25MAR10-B77.5",
            "count": 47,
            "created_time": "2025-03-10T23:42:07.201551Z",
            "yes_price": 70,
            "no_price": 30,
            "taker_side": "no"
        },
        {
            "trade_id": "c0ae4a51-88b4-46f0-a1b7-2b71a01a28b1",
            "ticker": "KXHIGHAUS-25MAR10-B77.5",
            "count": 153,
            "created_time": "2025-03-10T23:41:44.259955Z",
            "yes_price": 70,
            "no_price": 30,
            "taker_side": "no"
        },
        {
            "trade_id": "ba8fed4f-dd83-4b86-bcfe-e1374d86860a",
            "ticker": "KXHIGHAUS-25MAR10-B77.5",
            "count": 1,
            "created_time": "2025-03-10T23:41:44.259955Z",
            "yes_price": 70,
            "no_price": 30,
            "taker_side": "no"
        },
        {
            "trade_id": "3489bc16-3f38-4ba4-9883-57a0d3588e33",
            "ticker": "KXHIGHAUS-25MAR10-B77.5",
            "count": 46,
            "created_time": "2025-03-10T23:41:44.259955Z",
            "yes_price": 74,
            "no_price": 26,
            "taker_side": "no"
        },
        {
            "trade_id": "e444b6eb-910a-450b-b92a-d6fff490698a",
            "ticker": "KXHIGHAUS-25MAR10-B77.5",
            "count": 50,
            "created_time": "2025-03-10T23:41:04.084402Z",
            "yes_price": 76,
            "no_price": 24,
            "taker_side": "yes"
        },
        {
            "trade_id": "9442b5e3-cd87-47cd-b124-881f353f6f04",
            "ticker": "KXHIGHAUS-25MAR10-B77.5",
            "count": 54,
            "created_time": "2025-03-10T23:40:24.14588Z",
            "yes_price": 74,
            "no_price": 26,
            "taker_side": "no"
        },
        {
            "trade_id": "220d7a34-ee3d-4f8c-8026-0f2beb6dbaef",
            "ticker": "KXHIGHAUS-25MAR10-B77.5",
            "count": 200,
            "created_time": "2025-03-10T23:40:04.040506Z",
            "yes_price": 74,
            "no_price": 26,
            "taker_side": "yes"
        },
        {
            "trade_id": "355b0c74-9953-4ff5-a7a1-53d71a60578e",
            "ticker": "KXHIGHAUS-25MAR10-B77.5",
            "count": 100,
            "created_time": "2025-03-10T23:40:00.703046Z",
            "yes_price": 74,
            "no_price": 26,
            "taker_side": "yes"
        },
        {
            "trade_id": "2a50615d-ecfc-4f5a-aacc-810f74bc56c9",
            "ticker": "KXHIGHAUS-25MAR10-B77.5",
            "count": 16,
            "created_time": "2025-03-10T23:39:51.917102Z",
            "yes_price": 73,
            "no_price": 27,
            "taker_side": "yes"
        },
        {
            "trade_id": "f9dcfc7e-81cf-4064-8b66-7a1c37f60eaf",
            "ticker": "KXHIGHAUS-25MAR10-B77.5",
            "count": 255,
            "created_time": "2025-03-10T23:39:35.948637Z",
            "yes_price": 73,
            "no_price": 27,
            "taker_side": "yes"
        },
        {
            "trade_id": "ca85a603-3a2b-4d6f-92a6-6c797cfa8cd3",
            "ticker": "KXHIGHAUS-25MAR10-B77.5",
            "count": 50,
            "created_time": "2025-03-10T23:39:27.059415Z",
            "yes_price": 73,
            "no_price": 27,
            "taker_side": "yes"
        },
        {
            "trade_id": "2cfd9645-3be0-4c0c-ae84-f33c65951242",
            "ticker": "KXHIGHAUS-25MAR10-B77.5",
            "count": 50,
            "created_time": "2025-03-10T23:39:16.422908Z",
            "yes_price": 73,
            "no_price": 27,
            "taker_side": "yes"
        },
        {
            "trade_id": "9abbe1be-b903-4897-8acf-37644e856ce4",
            "ticker": "KXHIGHAUS-25MAR10-B77.5",
            "count": 118,
            "created_time": "2025-03-10T23:38:58.487422Z",
            "yes_price": 72,
            "no_price": 28,
            "taker_side": "no"
        },
        {
            "trade_id": "cc2672a3-5628-4de3-abe0-e9154ad76dec",
            "ticker": "KXHIGHAUS-25MAR10-B77.5",
            "count": 200,
            "created_time": "2025-03-10T23:38:45.507047Z",
            "yes_price": 72,
            "no_price": 28,
            "taker_side": "yes"
        },
        {
            "trade_id": "b15514d2-4d6a-479e-b2b9-5338afdc04ac",
            "ticker": "KXHIGHAUS-25MAR10-B77.5",
            "count": 117,
            "created_time": "2025-03-10T23:38:08.190067Z",
            "yes_price": 65,
            "no_price": 35,
            "taker_side": "yes"
        },
        {
            "trade_id": "e646b309-7449-4110-b6a4-afc05107eab1",
            "ticker": "KXHIGHAUS-25MAR10-B77.5",
            "count": 125,
            "created_time": "2025-03-10T23:37:14.002685Z",
            "yes_price": 72,
            "no_price": 28,
            "taker_side": "yes"
        },
        {
            "trade_id": "8efaa03a-440b-4554-af92-254f0af04010",
            "ticker": "KXHIGHAUS-25MAR10-B77.5",
            "count": 11,
            "created_time": "2025-03-10T23:37:14.002685Z",
            "yes_price": 73,
            "no_price": 27,
            "taker_side": "yes"
        },
        {
            "trade_id": "5923da6c-d6bc-41e0-8ceb-b5c746442488",
            "ticker": "KXHIGHAUS-25MAR10-B77.5",
            "count": 100,
            "created_time": "2025-03-10T23:37:14.002685Z",
            "yes_price": 72,
            "no_price": 28,
            "taker_side": "yes"
        },
        {
            "trade_id": "77a24336-f206-4920-a290-dba0eff531b2",
            "ticker": "KXHIGHAUS-25MAR10-B77.5",
            "count": 7,
            "created_time": "2025-03-10T23:36:38.981852Z",
            "yes_price": 72,
            "no_price": 28,
            "taker_side": "yes"
        },
        {
            "trade_id": "2b3e49a5-e974-46fd-9576-0f60d5c04af9",
            "ticker": "KXHIGHAUS-25MAR10-B77.5",
            "count": 1,
            "created_time": "2025-03-10T23:35:52.698232Z",
            "yes_price": 73,
            "no_price": 27,
            "taker_side": "yes"
        },
        {
            "trade_id": "ff169a5a-80a9-4930-b366-ded8d92bb8f4",
            "ticker": "KXHIGHAUS-25MAR10-B77.5",
            "count": 39,
            "created_time": "2025-03-10T23:35:37.267716Z",
            "yes_price": 63,
            "no_price": 37,
            "taker_side": "yes"
        },
        {
            "trade_id": "cb339832-4a82-4df9-8268-9a0be71c648f",
            "ticker": "KXHIGHAUS-25MAR10-B77.5",
            "count": 6,
            "created_time": "2025-03-10T23:35:25.898296Z",
            "yes_price": 61,
            "no_price": 39,
            "taker_side": "no"
        },
        {
            "trade_id": "baddacb4-c581-4aa1-86f2-5c232261b514",
            "ticker": "KXHIGHAUS-25MAR10-B77.5",
            "count": 12,
            "created_time": "2025-03-10T23:35:25.898296Z",
            "yes_price": 61,
            "no_price": 39,
            "taker_side": "no"
        },
        {
            "trade_id": "45678b2d-a12c-4862-8331-77a81e381b73",
            "ticker": "KXHIGHAUS-25MAR10-B77.5",
            "count": 200,
            "created_time": "2025-03-10T23:35:25.898296Z",
            "yes_price": 60,
            "no_price": 40,
            "taker_side": "no"
        },
        {
            "trade_id": "43448c9b-22b9-4f6e-9a65-fd2472ad93ac",
            "ticker": "KXHIGHAUS-25MAR10-B77.5",
            "count": 25,
            "created_time": "2025-03-10T23:35:25.898296Z",
            "yes_price": 61,
            "no_price": 39,
            "taker_side": "no"
        },
        {
            "trade_id": "28c0d3cf-c967-40be-bffd-a7c425c14d33",
            "ticker": "KXHIGHAUS-25MAR10-B77.5",
            "count": 20,
            "created_time": "2025-03-10T23:34:40.642167Z",
            "yes_price": 63,
            "no_price": 37,
            "taker_side": "yes"
        },
        {
            "trade_id": "a5200893-5d85-4f7e-8ce6-3d97c16e1bb0",
            "ticker": "KXHIGHAUS-25MAR10-B77.5",
            "count": 25,
            "created_time": "2025-03-10T23:34:23.101714Z",
            "yes_price": 63,
            "no_price": 37,
            "taker_side": "yes"
        },
        {
            "trade_id": "ee1b5a60-05d3-4ace-888a-3d11b62a6fe5",
            "ticker": "KXHIGHAUS-25MAR10-B77.5",
            "count": 200,
            "created_time": "2025-03-10T23:34:12.60331Z",
            "yes_price": 63,
            "no_price": 37,
            "taker_side": "no"
        },
        {
            "trade_id": "66515bf0-839a-4846-8fd7-3c1e60428aac",
            "ticker": "KXHIGHAUS-25MAR10-B77.5",
            "count": 16,
            "created_time": "2025-03-10T23:34:12.60331Z",
            "yes_price": 64,
            "no_price": 36,
            "taker_side": "no"
        },
        {
            "trade_id": "a37c7734-383b-49e5-b2b0-64ccef91c5e8",
            "ticker": "KXHIGHAUS-25MAR10-B77.5",
            "count": 1,
            "created_time": "2025-03-10T23:33:41.295579Z",
            "yes_price": 64,
            "no_price": 36,
            "taker_side": "no"
        },
        {
            "trade_id": "1c148a71-6242-46e9-8838-e21583bae6da",
            "ticker": "KXHIGHAUS-25MAR10-B77.5",
            "count": 32,
            "created_time": "2025-03-10T23:33:36.569812Z",
            "yes_price": 64,
            "no_price": 36,
            "taker_side": "no"
        },
        {
            "trade_id": "3b366fb5-3ac0-4433-ab2a-30a50aa49d3f",
            "ticker": "KXHIGHAUS-25MAR10-B77.5",
            "count": 1,
            "created_time": "2025-03-10T23:33:19.5711Z",
            "yes_price": 64,
            "no_price": 36,
            "taker_side": "no"
        },
        {
            "trade_id": "cee03454-1d74-4b7e-bb49-65266ea8e911",
            "ticker": "KXHIGHAUS-25MAR10-B77.5",
            "count": 300,
            "created_time": "2025-03-10T23:29:27.353392Z",
            "yes_price": 75,
            "no_price": 25,
            "taker_side": "no"
        },
        {
            "trade_id": "9d6ef90d-f03c-4ff0-a7b0-302ec4d1cb04",
            "ticker": "KXHIGHAUS-25MAR10-B77.5",
            "count": 17,
            "created_time": "2025-03-10T23:29:27.353392Z",
            "yes_price": 77,
            "no_price": 23,
            "taker_side": "no"
        },
        {
            "trade_id": "2d671bea-1c84-4c7b-a5f4-363369b7bea5",
            "ticker": "KXHIGHAUS-25MAR10-B77.5",
            "count": 300,
            "created_time": "2025-03-10T23:29:27.353392Z",
            "yes_price": 77,
            "no_price": 23,
            "taker_side": "no"
        },
        {
            "trade_id": "66c44937-7277-4a97-b44f-75019aa3b226",
            "ticker": "KXHIGHAUS-25MAR10-B77.5",
            "count": 353,
            "created_time": "2025-03-10T23:28:50.346835Z",
            "yes_price": 77,
            "no_price": 23,
            "taker_side": "yes"
        },
        {
            "trade_id": "2db18f4a-43e6-46a7-8c88-e97001b57039",
            "ticker": "KXHIGHAUS-25MAR10-B77.5",
            "count": 17,
            "created_time": "2025-03-10T23:28:44.407218Z",
            "yes_price": 77,
            "no_price": 23,
            "taker_side": "yes"
        },
        {
            "trade_id": "d217155e-0599-4862-b470-0037193c57fc",
            "ticker": "KXHIGHAUS-25MAR10-B77.5",
            "count": 130,
            "created_time": "2025-03-10T23:28:25.918538Z",
            "yes_price": 77,
            "no_price": 23,
            "taker_side": "yes"
        },
        {
            "trade_id": "b40387fd-e26d-4c89-8516-e22ac22e6aa9",
            "ticker": "KXHIGHAUS-25MAR10-B77.5",
            "count": 30,
            "created_time": "2025-03-10T23:28:25.918538Z",
            "yes_price": 77,
            "no_price": 23,
            "taker_side": "yes"
        },
        {
            "trade_id": "699998d6-dd34-4dd1-af78-fa0c845c44e0",
            "ticker": "KXHIGHAUS-25MAR10-B77.5",
            "count": 14,
            "created_time": "2025-03-10T23:24:34.917592Z",
            "yes_price": 77,
            "no_price": 23,
            "taker_side": "yes"
        },
        {
            "trade_id": "11e20645-4c7f-4d18-bac3-2a87e30c8a09",
            "ticker": "KXHIGHAUS-25MAR10-B77.5",
            "count": 3,
            "created_time": "2025-03-10T23:24:31.018935Z",
            "yes_price": 77,
            "no_price": 23,
            "taker_side": "yes"
        },
        {
            "trade_id": "5181fb19-5740-4b70-a2ab-057824807be2",
            "ticker": "KXHIGHAUS-25MAR10-B77.5",
            "count": 15,
            "created_time": "2025-03-10T23:23:51.719857Z",
            "yes_price": 53,
            "no_price": 47,
            "taker_side": "no"
        },
        {
            "trade_id": "38c3d60d-fcb4-4d3e-86f6-1b95e81476df",
            "ticker": "KXHIGHAUS-25MAR10-B77.5",
            "count": 9,
            "created_time": "2025-03-10T23:21:48.64886Z",
            "yes_price": 51,
            "no_price": 49,
            "taker_side": "no"
        },
        {
            "trade_id": "ee6b9419-f62a-4fcd-94e4-720226dc48ce",
            "ticker": "KXHIGHAUS-25MAR10-B77.5",
            "count": 1,
            "created_time": "2025-03-10T23:21:38.027108Z",
            "yes_price": 74,
            "no_price": 26,
            "taker_side": "yes"
        },
        {
            "trade_id": "50d45f64-3442-4ae2-b251-184275dbec15",
            "ticker": "KXHIGHAUS-25MAR10-B77.5",
            "count": 100,
            "created_time": "2025-03-10T23:21:38.027108Z",
            "yes_price": 75,
            "no_price": 25,
            "taker_side": "yes"
        },
        {
            "trade_id": "4f23c3b9-689b-47e1-a705-b9d540f1aacd",
            "ticker": "KXHIGHAUS-25MAR10-B77.5",
            "count": 125,
            "created_time": "2025-03-10T23:21:38.027108Z",
            "yes_price": 78,
            "no_price": 22,
            "taker_side": "yes"
        },
        {
            "trade_id": "25409c5b-8e12-4f9d-be30-19329a879244",
            "ticker": "KXHIGHAUS-25MAR10-B77.5",
            "count": 72,
            "created_time": "2025-03-10T23:21:38.027108Z",
            "yes_price": 79,
            "no_price": 21,
            "taker_side": "yes"
        },
        {
            "trade_id": "30ece860-2a91-4709-9183-c0196ff26d75",
            "ticker": "KXHIGHAUS-25MAR10-B77.5",
            "count": 3,
            "created_time": "2025-03-10T23:18:24.965687Z",
            "yes_price": 64,
            "no_price": 36,
            "taker_side": "no"
        },
        {
            "trade_id": "772cb420-63d4-4c70-bcef-bca62db3bf0c",
            "ticker": "KXHIGHAUS-25MAR10-B77.5",
            "count": 3,
            "created_time": "2025-03-10T23:18:03.49206Z",
            "yes_price": 75,
            "no_price": 25,
            "taker_side": "no"
        },
        {
            "trade_id": "343cc76b-0ef0-434a-a2c2-21f429730355",
            "ticker": "KXHIGHAUS-25MAR10-B77.5",
            "count": 2,
            "created_time": "2025-03-10T23:18:00.814166Z",
            "yes_price": 75,
            "no_price": 25,
            "taker_side": "yes"
        },
        {
            "trade_id": "24eaa18e-748e-487f-a101-d5af7250560c",
            "ticker": "KXHIGHAUS-25MAR10-B77.5",
            "count": 54,
            "created_time": "2025-03-10T23:16:30.279233Z",
            "yes_price": 64,
            "no_price": 36,
            "taker_side": "yes"
        },
        {
            "trade_id": "cdbf304d-6bc4-42d8-9d0a-2494e1f9fec5",
            "ticker": "KXHIGHAUS-25MAR10-B77.5",
            "count": 15,
            "created_time": "2025-03-10T23:16:28.651213Z",
            "yes_price": 64,
            "no_price": 36,
            "taker_side": "yes"
        },
        {
            "trade_id": "5cb4f253-c4c8-4c10-88d9-5638b36cf2d1",
            "ticker": "KXHIGHAUS-25MAR10-B77.5",
            "count": 158,
            "created_time": "2025-03-10T23:15:47.360759Z",
            "yes_price": 54,
            "no_price": 46,
            "taker_side": "yes"
        },
        {
            "trade_id": "57e37380-f0c8-43ba-a8de-48a1caadd1a8",
            "ticker": "KXHIGHAUS-25MAR10-B77.5",
            "count": 500,
            "created_time": "2025-03-10T23:15:47.360759Z",
            "yes_price": 55,
            "no_price": 45,
            "taker_side": "yes"
        },
        {
            "trade_id": "d38ff444-9cf6-458b-ba20-c831d03b1762",
            "ticker": "KXHIGHAUS-25MAR10-B77.5",
            "count": 17,
            "created_time": "2025-03-10T23:15:45.272552Z",
            "yes_price": 54,
            "no_price": 46,
            "taker_side": "yes"
        },
        {
            "trade_id": "a756dc5a-60b4-4f49-b8b5-e4e7d61404d3",
            "ticker": "KXHIGHAUS-25MAR10-B77.5",
            "count": 1,
            "created_time": "2025-03-10T23:15:06.357086Z",
            "yes_price": 54,
            "no_price": 46,
            "taker_side": "no"
        },
        {
            "trade_id": "c856e133-3efb-4a03-8f82-b90aa2768398",
            "ticker": "KXHIGHAUS-25MAR10-B77.5",
            "count": 558,
            "created_time": "2025-03-10T23:14:18.540067Z",
            "yes_price": 40,
            "no_price": 60,
            "taker_side": "no"
        },
        {
            "trade_id": "94c8deff-f46e-41c3-8a28-7ee2c9e8216b",
            "ticker": "KXHIGHAUS-25MAR10-B77.5",
            "count": 17,
            "created_time": "2025-03-10T23:14:18.540067Z",
            "yes_price": 38,
            "no_price": 62,
            "taker_side": "no"
        },
        {
            "trade_id": "7cd6c117-7c95-40ff-a48d-11747b5bc8cc",
            "ticker": "KXHIGHAUS-25MAR10-B77.5",
            "count": 75,
            "created_time": "2025-03-10T23:14:18.540067Z",
            "yes_price": 41,
            "no_price": 59,
            "taker_side": "no"
        },
        {
            "trade_id": "e852daa0-de4a-4337-851f-83652d253313",
            "ticker": "KXHIGHAUS-25MAR10-B77.5",
            "count": 25,
            "created_time": "2025-03-10T23:12:07.597047Z",
            "yes_price": 55,
            "no_price": 45,
            "taker_side": "yes"
        },
        {
            "trade_id": "7b9c2d98-07f2-42c4-80ab-67a1b025acb9",
            "ticker": "KXHIGHAUS-25MAR10-B77.5",
            "count": 489,
            "created_time": "2025-03-10T23:10:06.178796Z",
            "yes_price": 51,
            "no_price": 49,
            "taker_side": "yes"
        },
        {
            "trade_id": "7bfbd167-d152-4f88-8a2c-86f527ca639e",
            "ticker": "KXHIGHAUS-25MAR10-B77.5",
            "count": 8,
            "created_time": "2025-03-10T23:06:29.358025Z",
            "yes_price": 41,
            "no_price": 59,
            "taker_side": "no"
        },
        {
            "trade_id": "27407b4c-e02f-4bf5-b2cc-8e5e4a4b5b63",
            "ticker": "KXHIGHAUS-25MAR10-B77.5",
            "count": 33,
            "created_time": "2025-03-10T23:06:29.358025Z",
            "yes_price": 41,
            "no_price": 59,
            "taker_side": "no"
        },
        {
            "trade_id": "43a3b17f-8c6b-46d3-946a-d8a70f704aa9",
            "ticker": "KXHIGHAUS-25MAR10-B77.5",
            "count": 100,
            "created_time": "2025-03-10T23:06:08.966898Z",
            "yes_price": 63,
            "no_price": 37,
            "taker_side": "yes"
        },
        {
            "trade_id": "8d1290e4-8dfb-489f-a995-b43773676e1c",
            "ticker": "KXHIGHAUS-25MAR10-B77.5",
            "count": 125,
            "created_time": "2025-03-10T23:05:55.643747Z",
            "yes_price": 62,
            "no_price": 38,
            "taker_side": "yes"
        },
        {
            "trade_id": "80cca323-27b1-4e49-999b-8391b15bed0b",
            "ticker": "KXHIGHAUS-25MAR10-B77.5",
            "count": 34,
            "created_time": "2025-03-10T23:05:10.797798Z",
            "yes_price": 64,
            "no_price": 36,
            "taker_side": "yes"
        },
        {
            "trade_id": "23984b89-bfd8-4700-944a-3ee2b8330e61",
            "ticker": "KXHIGHAUS-25MAR10-B77.5",
            "count": 1,
            "created_time": "2025-03-10T23:05:10.797798Z",
            "yes_price": 50,
            "no_price": 50,
            "taker_side": "yes"
        },
        {
            "trade_id": "81f942d4-85f6-401c-9a55-8b59dd0c9658",
            "ticker": "KXHIGHAUS-25MAR10-B77.5",
            "count": 21,
            "created_time": "2025-03-10T23:04:42.931235Z",
            "yes_price": 50,
            "no_price": 50,
            "taker_side": "yes"
        },
        {
            "trade_id": "67a2c53b-6f60-4c19-9060-f800e5bbe047",
            "ticker": "KXHIGHAUS-25MAR10-B77.5",
            "count": 38,
            "created_time": "2025-03-10T23:04:41.819126Z",
            "yes_price": 50,
            "no_price": 50,
            "taker_side": "yes"
        },
        {
            "trade_id": "de8d79ca-fe1d-4017-9c00-91f27e178404",
            "ticker": "KXHIGHAUS-25MAR10-B77.5",
            "count": 113,
            "created_time": "2025-03-10T23:03:56.368164Z",
            "yes_price": 50,
            "no_price": 50,
            "taker_side": "yes"
        },
        {
            "trade_id": "044d5e6e-d18a-45be-9296-a9d1637935dc",
            "ticker": "KXHIGHAUS-25MAR10-B77.5",
            "count": 30,
            "created_time": "2025-03-10T23:03:19.586045Z",
            "yes_price": 50,
            "no_price": 50,
            "taker_side": "yes"
        },
        {
            "trade_id": "69676944-c6d8-46d4-a6ba-54eb64a0b0cd",
            "ticker": "KXHIGHAUS-25MAR10-B77.5",
            "count": 32,
            "created_time": "2025-03-10T23:03:01.374517Z",
            "yes_price": 50,
            "no_price": 50,
            "taker_side": "yes"
        },
        {
            "trade_id": "af7033ee-8b4d-497a-a0a0-5edcae47246f",
            "ticker": "KXHIGHAUS-25MAR10-B77.5",
            "count": 40,
            "created_time": "2025-03-10T23:01:34.58831Z",
            "yes_price": 50,
            "no_price": 50,
            "taker_side": "yes"
        },
        {
            "trade_id": "388bcccd-6ee1-48b9-98c0-a844c586cfa0",
            "ticker": "KXHIGHAUS-25MAR10-B77.5",
            "count": 100,
            "created_time": "2025-03-10T23:01:23.695512Z",
            "yes_price": 50,
            "no_price": 50,
            "taker_side": "yes"
        },
        {
            "trade_id": "81b87754-f237-473f-9bf0-00ee9fb9db96",
            "ticker": "KXHIGHAUS-25MAR10-B77.5",
            "count": 50,
            "created_time": "2025-03-10T23:00:54.232534Z",
            "yes_price": 49,
            "no_price": 51,
            "taker_side": "yes"
        },
        {
            "trade_id": "2b05ed1e-217b-4a13-a77a-3d94b4d54b98",
            "ticker": "KXHIGHAUS-25MAR10-B77.5",
            "count": 9,
            "created_time": "2025-03-10T23:00:25.372409Z",
            "yes_price": 40,
            "no_price": 60,
            "taker_side": "no"
        },
        {
            "trade_id": "e24c67f7-6f81-4a95-9ff4-5d031b61f760",
            "ticker": "KXHIGHAUS-25MAR10-B77.5",
            "count": 20,
            "created_time": "2025-03-10T22:59:55.07316Z",
            "yes_price": 48,
            "no_price": 52,
            "taker_side": "yes"
        },
        {
            "trade_id": "4521febe-cf91-463d-9bbf-2ae49508017b",
            "ticker": "KXHIGHAUS-25MAR10-B77.5",
            "count": 2,
            "created_time": "2025-03-10T22:59:38.441614Z",
            "yes_price": 46,
            "no_price": 54,
            "taker_side": "yes"
        },
        {
            "trade_id": "711c9e9b-8e86-4796-8e8a-4f203bcdbcc1",
            "ticker": "KXHIGHAUS-25MAR10-B77.5",
            "count": 9,
            "created_time": "2025-03-10T22:56:12.623315Z",
            "yes_price": 35,
            "no_price": 65,
            "taker_side": "yes"
        },
        {
            "trade_id": "66ba2c39-b469-4044-8893-ed159b92d396",
            "ticker": "KXHIGHAUS-25MAR10-B77.5",
            "count": 50,
            "created_time": "2025-03-10T22:56:12.623315Z",
            "yes_price": 39,
            "no_price": 61,
            "taker_side": "yes"
        },
        {
            "trade_id": "4caf091c-349e-4465-b27e-7d584b7d0961",
            "ticker": "KXHIGHAUS-25MAR10-B77.5",
            "count": 16,
            "created_time": "2025-03-10T22:56:12.623315Z",
            "yes_price": 40,
            "no_price": 60,
            "taker_side": "yes"
        },
        {
            "trade_id": "02fe8249-6350-45bb-bc36-e5f9ccc108d8",
            "ticker": "KXHIGHAUS-25MAR10-B77.5",
            "count": 125,
            "created_time": "2025-03-10T22:56:12.623315Z",
            "yes_price": 40,
            "no_price": 60,
            "taker_side": "yes"
        },
        {
            "trade_id": "831ad58f-74d0-41e1-969b-c2142b833f49",
            "ticker": "KXHIGHAUS-25MAR10-B77.5",
            "count": 10,
            "created_time": "2025-03-10T22:52:31.521446Z",
            "yes_price": 31,
            "no_price": 69,
            "taker_side": "no"
        },
        {
            "trade_id": "73fe8dc7-a788-45a6-b650-8de07cf87f9b",
            "ticker": "KXHIGHAUS-25MAR10-B77.5",
            "count": 41,
            "created_time": "2025-03-10T22:52:19.070818Z",
            "yes_price": 35,
            "no_price": 65,
            "taker_side": "yes"
        },
        {
            "trade_id": "9859d6fd-0ac0-4aa4-8a46-1bdccc2c08ab",
            "ticker": "KXHIGHAUS-25MAR10-B77.5",
            "count": 25,
            "created_time": "2025-03-10T22:52:07.262013Z",
            "yes_price": 34,
            "no_price": 66,
            "taker_side": "no"
        },
        {
            "trade_id": "884989ec-9ae3-4f61-8f5c-fdb85e0ba1b6",
            "ticker": "KXHIGHAUS-25MAR10-B77.5",
            "count": 50,
            "created_time": "2025-03-10T22:52:07.262013Z",
            "yes_price": 35,
            "no_price": 65,
            "taker_side": "no"
        },
        {
            "trade_id": "9051277b-9b41-4fc9-b0ce-a295b22c36ad",
            "ticker": "KXHIGHAUS-25MAR10-B77.5",
            "count": 23,
            "created_time": "2025-03-10T22:51:39.334942Z",
            "yes_price": 49,
            "no_price": 51,
            "taker_side": "yes"
        },
        {
            "trade_id": "05b7e16e-4b67-40fc-9153-1c8acb39ab1a",
            "ticker": "KXHIGHAUS-25MAR10-B77.5",
            "count": 35,
            "created_time": "2025-03-10T22:51:39.334942Z",
            "yes_price": 50,
            "no_price": 50,
            "taker_side": "yes"
        },
        {
            "trade_id": "aa1c7038-b3e9-4c5e-ae37-95991c98d53b",
            "ticker": "KXHIGHAUS-25MAR10-B77.5",
            "count": 22,
            "created_time": "2025-03-10T22:51:24.593754Z",
            "yes_price": 49,
            "no_price": 51,
            "taker_side": "yes"
        },
        {
            "trade_id": "edd3af43-d406-4858-affe-6de5771783fb",
            "ticker": "KXHIGHAUS-25MAR10-B77.5",
            "count": 4,
            "created_time": "2025-03-10T22:50:40.757419Z",
            "yes_price": 49,
            "no_price": 51,
            "taker_side": "yes"
        },
        {
            "trade_id": "c427edd4-b69b-4dea-906d-a7b58f36898d",
            "ticker": "KXHIGHAUS-25MAR10-B77.5",
            "count": 50,
            "created_time": "2025-03-10T22:50:26.959298Z",
            "yes_price": 45,
            "no_price": 55,
            "taker_side": "yes"
        },
        {
            "trade_id": "302c68c5-2e02-4793-b528-e78562076f4e",
            "ticker": "KXHIGHAUS-25MAR10-B77.5",
            "count": 42,
            "created_time": "2025-03-10T22:50:26.959298Z",
            "yes_price": 46,
            "no_price": 54,
            "taker_side": "yes"
        },
        {
            "trade_id": "1129e9cb-7298-4f84-935f-246b5403f449",
            "ticker": "KXHIGHAUS-25MAR10-B77.5",
            "count": 67,
            "created_time": "2025-03-10T22:50:26.959298Z",
            "yes_price": 48,
            "no_price": 52,
            "taker_side": "yes"
        },
        {
            "trade_id": "188df21e-4824-4ad2-93c7-4cd64e0f9346",
            "ticker": "KXHIGHAUS-25MAR10-B77.5",
            "count": 4,
            "created_time": "2025-03-10T22:50:13.223374Z",
            "yes_price": 38,
            "no_price": 62,
            "taker_side": "yes"
        },
        {
            "trade_id": "f07c06e7-5f76-434b-8ff9-b96f7a1f90a5",
            "ticker": "KXHIGHAUS-25MAR10-B77.5",
            "count": 4,
            "created_time": "2025-03-10T22:47:57.736903Z",
            "yes_price": 31,
            "no_price": 69,
            "taker_side": "yes"
        },
        {
            "trade_id": "dc92416e-4936-4792-8514-c56cfa533561",
            "ticker": "KXHIGHAUS-25MAR10-B77.5",
            "count": 56,
            "created_time": "2025-03-10T22:47:57.736903Z",
            "yes_price": 48,
            "no_price": 52,
            "taker_side": "yes"
        },
        {
            "trade_id": "b9c97b95-9da5-4abf-a206-abc5f5a824d2",
            "ticker": "KXHIGHAUS-25MAR10-B77.5",
            "count": 50,
            "created_time": "2025-03-10T22:47:57.736903Z",
            "yes_price": 31,
            "no_price": 69,
            "taker_side": "yes"
        },
        {
            "trade_id": "5d96b542-e8e6-4056-aa41-0310c916526e",
            "ticker": "KXHIGHAUS-25MAR10-B77.5",
            "count": 10,
            "created_time": "2025-03-10T22:47:57.736903Z",
            "yes_price": 32,
            "no_price": 68,
            "taker_side": "yes"
        },
        {
            "trade_id": "3a03fe01-33ed-4c18-a27c-437ec4d20a57",
            "ticker": "KXHIGHAUS-25MAR10-B77.5",
            "count": 35,
            "created_time": "2025-03-10T22:43:12.282424Z",
            "yes_price": 24,
            "no_price": 76,
            "taker_side": "no"
        },
        {
            "trade_id": "7135d69e-5591-4ac2-8022-28d6f8174593",
            "ticker": "KXHIGHAUS-25MAR10-B77.5",
            "count": 59,
            "created_time": "2025-03-10T22:42:46.8598Z",
            "yes_price": 49,
            "no_price": 51,
            "taker_side": "yes"
        },
        {
            "trade_id": "e141544f-3866-4681-9f51-7224431f246f",
            "ticker": "KXHIGHAUS-25MAR10-B77.5",
            "count": 2,
            "created_time": "2025-03-10T22:42:46.831855Z",
            "yes_price": 49,
            "no_price": 51,
            "taker_side": "yes"
        },
        {
            "trade_id": "facff9ae-0fa1-4ecb-aff6-bf1aa321afa7",
            "ticker": "KXHIGHAUS-25MAR10-B77.5",
            "count": 21,
            "created_time": "2025-03-10T22:42:34.549549Z",
            "yes_price": 35,
            "no_price": 65,
            "taker_side": "yes"
        },
        {
            "trade_id": "a28c86c2-49ef-48d6-abe4-4502183ff8d9",
            "ticker": "KXHIGHAUS-25MAR10-B77.5",
            "count": 10,
            "created_time": "2025-03-10T22:42:34.549549Z",
            "yes_price": 34,
            "no_price": 66,
            "taker_side": "yes"
        },
        {
            "trade_id": "3dd158e2-5f7f-46c4-9f20-5d8e008272a5",
            "ticker": "KXHIGHAUS-25MAR10-B77.5",
            "count": 50,
            "created_time": "2025-03-10T22:42:34.549549Z",
            "yes_price": 33,
            "no_price": 67,
            "taker_side": "yes"
        },
        {
            "trade_id": "b61eb2b4-9353-448d-905c-ca47e91caeea",
            "ticker": "KXHIGHAUS-25MAR10-B77.5",
            "count": 121,
            "created_time": "2025-03-10T22:42:06.846308Z",
            "yes_price": 35,
            "no_price": 65,
            "taker_side": "no"
        },
        {
            "trade_id": "738a4b33-2c06-4fd3-809b-5d50ec338d38",
            "ticker": "KXHIGHAUS-25MAR10-B77.5",
            "count": 193,
            "created_time": "2025-03-10T22:42:06.846308Z",
            "yes_price": 35,
            "no_price": 65,
            "taker_side": "no"
        },
        {
            "trade_id": "0e1ae25d-e1ba-4927-9c13-8f57d57b593b",
            "ticker": "KXHIGHAUS-25MAR10-B77.5",
            "count": 7,
            "created_time": "2025-03-10T22:41:47.173373Z",
            "yes_price": 35,
            "no_price": 65,
            "taker_side": "no"
        },
        {
            "trade_id": "33c57352-f25d-4442-8279-dc0979736c02",
            "ticker": "KXHIGHAUS-25MAR10-B77.5",
            "count": 50,
            "created_time": "2025-03-10T22:41:31.703629Z",
            "yes_price": 36,
            "no_price": 64,
            "taker_side": "no"
        },
        {
            "trade_id": "0dada78c-7e66-40d9-b565-79b5b2238b19",
            "ticker": "KXHIGHAUS-25MAR10-B77.5",
            "count": 300,
            "created_time": "2025-03-10T22:41:31.703629Z",
            "yes_price": 36,
            "no_price": 64,
            "taker_side": "no"
        },
        {
            "trade_id": "e32f6992-4586-48bb-9a06-472fea73e87b",
            "ticker": "KXHIGHAUS-25MAR10-B77.5",
            "count": 75,
            "created_time": "2025-03-10T22:41:17.173586Z",
            "yes_price": 48,
            "no_price": 52,
            "taker_side": "no"
        },
        {
            "trade_id": "495ee82e-1de9-4bf7-a9fa-d424d10116fe",
            "ticker": "KXHIGHAUS-25MAR10-B77.5",
            "count": 24,
            "created_time": "2025-03-10T22:41:16.648497Z",
            "yes_price": 48,
            "no_price": 52,
            "taker_side": "yes"
        },
        {
            "trade_id": "fc5ca4f7-0c1a-4d30-be56-19d6900c90c5",
            "ticker": "KXHIGHAUS-25MAR10-B77.5",
            "count": 1,
            "created_time": "2025-03-10T22:40:17.747401Z",
            "yes_price": 48,
            "no_price": 52,
            "taker_side": "no"
        },
        {
            "trade_id": "a1d69333-5978-402e-9cff-ff22570d8ef3",
            "ticker": "KXHIGHAUS-25MAR10-B77.5",
            "count": 35,
            "created_time": "2025-03-10T22:40:07.302754Z",
            "yes_price": 50,
            "no_price": 50,
            "taker_side": "yes"
        },
        {
            "trade_id": "1f8a3e49-4702-4bd5-bf96-14d19999b9d7",
            "ticker": "KXHIGHAUS-25MAR10-B77.5",
            "count": 196,
            "created_time": "2025-03-10T22:40:01.559824Z",
            "yes_price": 50,
            "no_price": 50,
            "taker_side": "yes"
        },
        {
            "trade_id": "848291d5-d8f8-4455-b012-c9a0dd27c88a",
            "ticker": "KXHIGHAUS-25MAR10-B77.5",
            "count": 250,
            "created_time": "2025-03-10T22:39:56.496901Z",
            "yes_price": 49,
            "no_price": 51,
            "taker_side": "no"
        },
        {
