{
    "KXHIGHAUS-25MAR21-T76": [
        {
            "trade_id": "a0865fdf-7942-4c43-a176-79c39d485381",
            "ticker": "KXHIGHAUS-25MAR21-T76",
            "count": 200,
            "created_time": "2025-03-21T12:06:55.944858Z",
            "yes_price": 1,
            "no_price": 99,
            "taker_side": "no"
        }
    ],
    "KXHIGHAUS-25MAR21-B76.5": [
        {
            "trade_id": "544c2c03-81b5-4f43-adc2-4ea413ef9313",
            "ticker": "KXHIGHAUS-25MAR21-B76.5",
            "count": 10,
            "created_time": "2025-03-22T00:49:22.806776Z",
            "yes_price": 1,
            "no_price": 99,
            "taker_side": "yes"
        },
        {
            "trade_id": "8868599a-0276-402c-86e0-8b3eb1eface8",
            "ticker": "KXHIGHAUS-25MAR21-B76.5",
            "count": 700,
            "created_time": "2025-03-21T20:52:04.424223Z",
            "yes_price": 1,
            "no_price": 99,
            "taker_side": "yes"
        },
        {
            "trade_id": "b70f3ecc-1883-42a4-9bc9-44268b990633",
            "ticker": "KXHIGHAUS-25MAR21-B76.5",
            "count": 251,
            "created_time": "2025-03-21T20:34:10.016504Z",
            "yes_price": 1,
            "no_price": 99,
            "taker_side": "yes"
        },
        {
            "trade_id": "5ffd4ce3-e3cb-4770-b5e0-c82decb43136",
            "ticker": "KXHIGHAUS-25MAR21-B76.5",
            "count": 1,
            "created_time": "2025-03-21T20:12:08.624061Z",
            "yes_price": 1,
            "no_price": 99,
            "taker_side": "no"
        },
        {
            "trade_id": "1623bb7d-5992-410a-ac36-ab019f67a757",
            "ticker": "KXHIGHAUS-25MAR21-B76.5",
            "count": 241,
            "created_time": "2025-03-21T20:12:08.624061Z",
            "yes_price": 1,
            "no_price": 99,
            "taker_side": "no"
        },
        {
            "trade_id": "3a2d0195-1207-4b05-8e27-b431ad5d2dd5",
            "ticker": "KXHIGHAUS-25MAR21-B76.5",
            "count": 59,
            "created_time": "2025-03-21T19:51:09.847901Z",
            "yes_price": 1,
            "no_price": 99,
            "taker_side": "no"
        },
        {
            "trade_id": "07c5f6fd-ea7e-48cc-9ed3-74200bbb2d4a",
            "ticker": "KXHIGHAUS-25MAR21-B76.5",
            "count": 1,
            "created_time": "2025-03-21T19:37:55.861988Z",
            "yes_price": 3,
            "no_price": 97,
            "taker_side": "no"
        },
        {
            "trade_id": "082ae0e4-4523-4127-b7dc-57004c74a247",
            "ticker": "KXHIGHAUS-25MAR21-B76.5",
            "count": 200,
            "created_time": "2025-03-21T18:08:02.338955Z",
            "yes_price": 2,
            "no_price": 98,
            "taker_side": "no"
        },
        {
            "trade_id": "07ff921a-b6c6-40a1-b1ab-38070355640a",
            "ticker": "KXHIGHAUS-25MAR21-B76.5",
            "count": 1,
            "created_time": "2025-03-21T18:08:02.338955Z",
            "yes_price": 2,
            "no_price": 98,
            "taker_side": "no"
        },
        {
            "trade_id": "e50b420e-ab5c-4ce6-8ee3-ad21b5614045",
            "ticker": "KXHIGHAUS-25MAR21-B76.5",
            "count": 2,
            "created_time": "2025-03-21T18:07:02.277857Z",
            "yes_price": 4,
            "no_price": 96,
            "taker_side": "no"
        },
        {
            "trade_id": "f6ae6ccb-6b9a-42a0-8262-6879fa7d1806",
            "ticker": "KXHIGHAUS-25MAR21-B76.5",
            "count": 2,
            "created_time": "2025-03-21T17:49:31.624912Z",
            "yes_price": 5,
            "no_price": 95,
            "taker_side": "yes"
        },
        {
            "trade_id": "eee303c8-4b3a-47d3-ae4b-02f86938c66a",
            "ticker": "KXHIGHAUS-25MAR21-B76.5",
            "count": 2,
            "created_time": "2025-03-21T17:49:31.624912Z",
            "yes_price": 5,
            "no_price": 95,
            "taker_side": "yes"
        },
        {
            "trade_id": "e6628398-5702-48e4-b82b-5f3879340418",
            "ticker": "KXHIGHAUS-25MAR21-B76.5",
            "count": 1,
            "created_time": "2025-03-21T17:49:31.624912Z",
            "yes_price": 7,
            "no_price": 93,
            "taker_side": "yes"
        },
        {
            "trade_id": "b6697c69-f242-43dd-a38e-042934045cd8",
            "ticker": "KXHIGHAUS-25MAR21-B76.5",
            "count": 1,
            "created_time": "2025-03-21T17:49:31.624912Z",
            "yes_price": 7,
            "no_price": 93,
            "taker_side": "yes"
        },
        {
            "trade_id": "2e0439ab-fbc0-4752-925c-2e672b026f9e",
            "ticker": "KXHIGHAUS-25MAR21-B76.5",
            "count": 153,
            "created_time": "2025-03-21T17:49:31.624912Z",
            "yes_price": 7,
            "no_price": 93,
            "taker_side": "yes"
        },
        {
            "trade_id": "ab34ae3d-f4af-4b68-910c-7b476f425ddd",
            "ticker": "KXHIGHAUS-25MAR21-B76.5",
            "count": 1,
            "created_time": "2025-03-21T17:48:52.656849Z",
            "yes_price": 5,
            "no_price": 95,
            "taker_side": "no"
        },
        {
            "trade_id": "07bdf2c0-8ab7-4ab2-bcf8-e94403973795",
            "ticker": "KXHIGHAUS-25MAR21-B76.5",
            "count": 9,
            "created_time": "2025-03-21T17:48:00.836763Z",
            "yes_price": 6,
            "no_price": 94,
            "taker_side": "no"
        },
        {
            "trade_id": "8692ef2f-a0c3-4220-8c60-c3b081749843",
            "ticker": "KXHIGHAUS-25MAR21-B76.5",
            "count": 89,
            "created_time": "2025-03-21T17:47:54.25532Z",
            "yes_price": 6,
            "no_price": 94,
            "taker_side": "no"
        },
        {
            "trade_id": "c1b42e91-4ade-476a-85a9-2d08a57222dc",
            "ticker": "KXHIGHAUS-25MAR21-B76.5",
            "count": 1,
            "created_time": "2025-03-21T17:47:50.449423Z",
            "yes_price": 6,
            "no_price": 94,
            "taker_side": "yes"
        },
        {
            "trade_id": "99d73d99-7a57-4cca-9ece-651edafb352c",
            "ticker": "KXHIGHAUS-25MAR21-B76.5",
            "count": 1,
            "created_time": "2025-03-21T17:47:50.449423Z",
            "yes_price": 6,
            "no_price": 94,
            "taker_side": "yes"
        },
        {
            "trade_id": "63527574-d2e2-4e45-b21c-fef09bf69397",
            "ticker": "KXHIGHAUS-25MAR21-B76.5",
            "count": 1,
            "created_time": "2025-03-21T17:39:44.936449Z",
            "yes_price": 6,
            "no_price": 94,
            "taker_side": "no"
        },
        {
            "trade_id": "03a2ce76-9543-4b81-a490-bee19fb91fda",
            "ticker": "KXHIGHAUS-25MAR21-B76.5",
            "count": 51,
            "created_time": "2025-03-21T17:39:44.936449Z",
            "yes_price": 7,
            "no_price": 93,
            "taker_side": "no"
        },
        {
            "trade_id": "776852e5-30fb-4f76-bf48-8345cc927b2c",
            "ticker": "KXHIGHAUS-25MAR21-B76.5",
            "count": 62,
            "created_time": "2025-03-21T17:37:01.376256Z",
            "yes_price": 7,
            "no_price": 93,
            "taker_side": "no"
        },
        {
            "trade_id": "a50d9a8d-f772-479b-8cd5-fab9a4181ae3",
            "ticker": "KXHIGHAUS-25MAR21-B76.5",
            "count": 1,
            "created_time": "2025-03-21T17:28:54.52773Z",
            "yes_price": 7,
            "no_price": 93,
            "taker_side": "no"
        },
        {
            "trade_id": "50472b9b-add5-48fa-81db-019aac644a36",
            "ticker": "KXHIGHAUS-25MAR21-B76.5",
            "count": 4,
            "created_time": "2025-03-21T17:28:35.317191Z",
            "yes_price": 8,
            "no_price": 92,
            "taker_side": "no"
        },
        {
            "trade_id": "1ef39646-5977-4363-939b-d32d6ba5c363",
            "ticker": "KXHIGHAUS-25MAR21-B76.5",
            "count": 86,
            "created_time": "2025-03-21T17:28:35.317191Z",
            "yes_price": 7,
            "no_price": 93,
            "taker_side": "no"
        },
        {
            "trade_id": "cf88e9dc-82f9-43dd-ab90-dc6eb3220393",
            "ticker": "KXHIGHAUS-25MAR21-B76.5",
            "count": 1,
            "created_time": "2025-03-21T17:16:30.076936Z",
            "yes_price": 8,
            "no_price": 92,
            "taker_side": "no"
        },
        {
            "trade_id": "db740e9b-036c-4e0e-8712-d51d7da85ee6",
            "ticker": "KXHIGHAUS-25MAR21-B76.5",
            "count": 5,
            "created_time": "2025-03-21T16:46:31.724195Z",
            "yes_price": 10,
            "no_price": 90,
            "taker_side": "yes"
        },
        {
            "trade_id": "7ef056dd-fb62-42d7-80a1-f6bc1cdf0bea",
            "ticker": "KXHIGHAUS-25MAR21-B76.5",
            "count": 8,
            "created_time": "2025-03-21T16:46:31.724195Z",
            "yes_price": 12,
            "no_price": 88,
            "taker_side": "yes"
        },
        {
            "trade_id": "69dc7927-92c0-4445-b18e-97090f522f87",
            "ticker": "KXHIGHAUS-25MAR21-B76.5",
            "count": 240,
            "created_time": "2025-03-21T16:46:31.724195Z",
            "yes_price": 11,
            "no_price": 89,
            "taker_side": "yes"
        },
        {
            "trade_id": "586e4bee-fd22-4f83-8799-02953e3c8561",
            "ticker": "KXHIGHAUS-25MAR21-B76.5",
            "count": 110,
            "created_time": "2025-03-21T16:46:31.724195Z",
            "yes_price": 12,
            "no_price": 88,
            "taker_side": "yes"
        },
        {
            "trade_id": "476eb8ed-43ca-4b6a-a99e-0697e162f116",
            "ticker": "KXHIGHAUS-25MAR21-B76.5",
            "count": 84,
            "created_time": "2025-03-21T16:46:31.724195Z",
            "yes_price": 9,
            "no_price": 91,
            "taker_side": "yes"
        },
        {
            "trade_id": "1983bddc-b934-4d2f-86e9-1c15bad34b1f",
            "ticker": "KXHIGHAUS-25MAR21-B76.5",
            "count": 53,
            "created_time": "2025-03-21T16:46:31.724195Z",
            "yes_price": 6,
            "no_price": 94,
            "taker_side": "yes"
        },
        {
            "trade_id": "29fe3690-e35b-4a4d-9040-d071025f05c8",
            "ticker": "KXHIGHAUS-25MAR21-B76.5",
            "count": 39,
            "created_time": "2025-03-21T16:24:48.813792Z",
            "yes_price": 5,
            "no_price": 95,
            "taker_side": "yes"
        },
        {
            "trade_id": "4a6d4305-e2b2-41a8-9f95-419668570e24",
            "ticker": "KXHIGHAUS-25MAR21-B76.5",
            "count": 37,
            "created_time": "2025-03-21T15:46:00.597557Z",
            "yes_price": 5,
            "no_price": 95,
            "taker_side": "yes"
        },
        {
            "trade_id": "45d61940-9fa4-4552-a599-84e100d4f1a8",
            "ticker": "KXHIGHAUS-25MAR21-B76.5",
            "count": 1,
            "created_time": "2025-03-21T15:45:54.251159Z",
            "yes_price": 5,
            "no_price": 95,
            "taker_side": "yes"
        },
        {
            "trade_id": "a06fe0bd-5d1d-4089-94b1-37bb9457493a",
            "ticker": "KXHIGHAUS-25MAR21-B76.5",
            "count": 6,
            "created_time": "2025-03-21T15:45:41.989954Z",
            "yes_price": 5,
            "no_price": 95,
            "taker_side": "yes"
        },
        {
            "trade_id": "c2038e77-f491-4555-a728-f62fcfae8e10",
            "ticker": "KXHIGHAUS-25MAR21-B76.5",
            "count": 1,
            "created_time": "2025-03-21T15:44:40.579884Z",
            "yes_price": 4,
            "no_price": 96,
            "taker_side": "no"
        },
        {
            "trade_id": "a0eedc88-4deb-4431-bc47-df63db5e7c01",
            "ticker": "KXHIGHAUS-25MAR21-B76.5",
            "count": 17,
            "created_time": "2025-03-21T15:43:27.603732Z",
            "yes_price": 5,
            "no_price": 95,
            "taker_side": "no"
        },
        {
            "trade_id": "3e95d1bc-4c2e-4242-944f-a52cf77d84e2",
            "ticker": "KXHIGHAUS-25MAR21-B76.5",
            "count": 100,
            "created_time": "2025-03-21T15:43:21.667014Z",
            "yes_price": 4,
            "no_price": 96,
            "taker_side": "yes"
        },
        {
            "trade_id": "026d5fc2-ca74-4bff-b376-842bbd840630",
            "ticker": "KXHIGHAUS-25MAR21-B76.5",
            "count": 47,
            "created_time": "2025-03-21T15:43:13.168936Z",
            "yes_price": 6,
            "no_price": 94,
            "taker_side": "no"
        },
        {
            "trade_id": "c22909bc-9d92-410c-9fa5-d2a45d7c9bd4",
            "ticker": "KXHIGHAUS-25MAR21-B76.5",
            "count": 5,
            "created_time": "2025-03-21T15:42:57.045875Z",
            "yes_price": 7,
            "no_price": 93,
            "taker_side": "yes"
        },
        {
            "trade_id": "2b1971de-6899-4209-9697-1305efca9143",
            "ticker": "KXHIGHAUS-25MAR21-B76.5",
            "count": 84,
            "created_time": "2025-03-21T15:42:57.045875Z",
            "yes_price": 6,
            "no_price": 94,
            "taker_side": "yes"
        },
        {
            "trade_id": "cab1caa8-42e7-4d3a-b09d-0dba4ff254d8",
            "ticker": "KXHIGHAUS-25MAR21-B76.5",
            "count": 1,
            "created_time": "2025-03-21T15:42:55.965652Z",
            "yes_price": 4,
            "no_price": 96,
            "taker_side": "no"
        },
        {
            "trade_id": "7280118d-0036-4cf3-98e0-392ed60e20b6",
            "ticker": "KXHIGHAUS-25MAR21-B76.5",
            "count": 99,
            "created_time": "2025-03-21T15:42:55.965652Z",
            "yes_price": 4,
            "no_price": 96,
            "taker_side": "no"
        },
        {
            "trade_id": "64291492-d763-4439-b7f1-e6af2160f8ac",
            "ticker": "KXHIGHAUS-25MAR21-B76.5",
            "count": 16,
            "created_time": "2025-03-21T15:42:49.643797Z",
            "yes_price": 6,
            "no_price": 94,
            "taker_side": "no"
        },
        {
            "trade_id": "9e629c09-2ccb-4c04-af8e-41d2d3e3f8e8",
            "ticker": "KXHIGHAUS-25MAR21-B76.5",
            "count": 100,
            "created_time": "2025-03-21T15:42:43.016011Z",
            "yes_price": 6,
            "no_price": 94,
            "taker_side": "no"
        },
        {
            "trade_id": "e8e7bd80-0b23-466e-8cd7-0c958e220450",
            "ticker": "KXHIGHAUS-25MAR21-B76.5",
            "count": 95,
            "created_time": "2025-03-21T15:42:33.41276Z",
            "yes_price": 7,
            "no_price": 93,
            "taker_side": "no"
        },
        {
            "trade_id": "131b15f2-25a5-45c6-903d-da91b15726db",
            "ticker": "KXHIGHAUS-25MAR21-B76.5",
            "count": 119,
            "created_time": "2025-03-21T15:39:43.478275Z",
            "yes_price": 6,
            "no_price": 94,
            "taker_side": "yes"
        },
        {
            "trade_id": "dcb1c3e6-36ea-404a-9184-cd0401802806",
            "ticker": "KXHIGHAUS-25MAR21-B76.5",
            "count": 1,
            "created_time": "2025-03-21T15:36:40.006451Z",
            "yes_price": 6,
            "no_price": 94,
            "taker_side": "yes"
        },
        {
            "trade_id": "902ffe6f-4c80-4905-913a-f30bae242e76",
            "ticker": "KXHIGHAUS-25MAR21-B76.5",
            "count": 36,
            "created_time": "2025-03-21T15:36:40.006451Z",
            "yes_price": 6,
            "no_price": 94,
            "taker_side": "yes"
        },
        {
            "trade_id": "b6d9a09f-132a-4d5f-ad13-fb01014bedc4",
            "ticker": "KXHIGHAUS-25MAR21-B76.5",
            "count": 1,
            "created_time": "2025-03-21T15:35:26.056481Z",
            "yes_price": 5,
            "no_price": 95,
            "taker_side": "yes"
        },
        {
            "trade_id": "d5407780-30ee-4389-b327-14f526a1bc2a",
            "ticker": "KXHIGHAUS-25MAR21-B76.5",
            "count": 1,
            "created_time": "2025-03-21T15:32:23.758596Z",
            "yes_price": 4,
            "no_price": 96,
            "taker_side": "yes"
        },
        {
            "trade_id": "36d4e901-a671-4ca9-a74b-291401694537",
            "ticker": "KXHIGHAUS-25MAR21-B76.5",
            "count": 80,
            "created_time": "2025-03-21T15:32:23.758596Z",
            "yes_price": 4,
            "no_price": 96,
            "taker_side": "yes"
        },
        {
            "trade_id": "4c9cac6f-3663-4a5a-b113-d0ad40aaebf9",
            "ticker": "KXHIGHAUS-25MAR21-B76.5",
            "count": 60,
            "created_time": "2025-03-21T15:32:21.027419Z",
            "yes_price": 4,
            "no_price": 96,
            "taker_side": "yes"
        },
        {
            "trade_id": "bb935c17-193c-493c-9d79-5628f7f590b1",
            "ticker": "KXHIGHAUS-25MAR21-B76.5",
            "count": 16,
            "created_time": "2025-03-21T15:31:29.427217Z",
            "yes_price": 4,
            "no_price": 96,
            "taker_side": "yes"
        },
        {
            "trade_id": "20b7db4c-f48c-42c3-9395-eb1d78454297",
            "ticker": "KXHIGHAUS-25MAR21-B76.5",
            "count": 34,
            "created_time": "2025-03-21T15:27:45.31655Z",
            "yes_price": 4,
            "no_price": 96,
            "taker_side": "yes"
        },
        {
            "trade_id": "38ef18ad-69ad-45f2-a9b6-db0330b7e127",
            "ticker": "KXHIGHAUS-25MAR21-B76.5",
            "count": 11,
            "created_time": "2025-03-21T14:55:08.789448Z",
            "yes_price": 4,
            "no_price": 96,
            "taker_side": "yes"
        },
        {
            "trade_id": "2e41256c-6760-4784-be71-ead6b149f70a",
            "ticker": "KXHIGHAUS-25MAR21-B76.5",
            "count": 12,
            "created_time": "2025-03-21T14:53:48.747751Z",
            "yes_price": 4,
            "no_price": 96,
            "taker_side": "yes"
        },
        {
            "trade_id": "8601df6a-d600-44c6-aef2-563b6cb9eed1",
            "ticker": "KXHIGHAUS-25MAR21-B76.5",
            "count": 37,
            "created_time": "2025-03-21T14:50:55.962431Z",
            "yes_price": 4,
            "no_price": 96,
            "taker_side": "no"
        },
        {
            "trade_id": "d83a7d26-9533-46ce-b7b4-4100a6358a35",
            "ticker": "KXHIGHAUS-25MAR21-B76.5",
            "count": 92,
            "created_time": "2025-03-21T14:32:02.571321Z",
            "yes_price": 4,
            "no_price": 96,
            "taker_side": "no"
        },
        {
            "trade_id": "9cb32b0a-fec3-4afd-aa92-5f187a3ec23d",
            "ticker": "KXHIGHAUS-25MAR21-B76.5",
            "count": 411,
            "created_time": "2025-03-21T14:32:02.571321Z",
            "yes_price": 3,
            "no_price": 97,
            "taker_side": "no"
        },
        {
            "trade_id": "70803ee2-8307-4e99-927b-d9c6b595367f",
            "ticker": "KXHIGHAUS-25MAR21-B76.5",
            "count": 148,
            "created_time": "2025-03-21T14:32:02.571321Z",
            "yes_price": 4,
            "no_price": 96,
            "taker_side": "no"
        },
        {
            "trade_id": "2e1a4bf1-e666-4c3d-bae3-501c50ed7e17",
            "ticker": "KXHIGHAUS-25MAR21-B76.5",
            "count": 73,
            "created_time": "2025-03-21T14:32:02.571321Z",
            "yes_price": 6,
            "no_price": 94,
            "taker_side": "no"
        },
        {
            "trade_id": "e4d3e3ff-531d-43ca-a392-2fa9f67f02bb",
            "ticker": "KXHIGHAUS-25MAR21-B76.5",
            "count": 205,
            "created_time": "2025-03-21T14:00:02.624625Z",
            "yes_price": 5,
            "no_price": 95,
            "taker_side": "no"
        },
        {
            "trade_id": "007abcfe-be1f-42e8-913f-28ad75c983be",
            "ticker": "KXHIGHAUS-25MAR21-B76.5",
            "count": 500,
            "created_time": "2025-03-21T14:00:02.624625Z",
            "yes_price": 4,
            "no_price": 96,
            "taker_side": "no"
        },
        {
            "trade_id": "060344e4-032e-41d1-b27c-ec902abe630b",
            "ticker": "KXHIGHAUS-25MAR21-B76.5",
            "count": 1,
            "created_time": "2025-03-21T13:59:35.702317Z",
            "yes_price": 5,
            "no_price": 95,
            "taker_side": "no"
        },
        {
            "trade_id": "d39dc0eb-993c-4d65-a19a-3e11e1c217ac",
            "ticker": "KXHIGHAUS-25MAR21-B76.5",
            "count": 2,
            "created_time": "2025-03-21T13:59:35.053457Z",
            "yes_price": 5,
            "no_price": 95,
            "taker_side": "no"
        },
        {
            "trade_id": "735eba19-eee8-4d2a-8c9a-a796ea23cf57",
            "ticker": "KXHIGHAUS-25MAR21-B76.5",
            "count": 1,
            "created_time": "2025-03-21T13:40:21.011066Z",
            "yes_price": 5,
            "no_price": 95,
            "taker_side": "no"
        },
        {
            "trade_id": "7df4cffd-903e-46f9-aec4-d6b92a186a59",
            "ticker": "KXHIGHAUS-25MAR21-B76.5",
            "count": 1,
            "created_time": "2025-03-21T13:39:13.750941Z",
            "yes_price": 6,
            "no_price": 94,
            "taker_side": "no"
        },
        {
            "trade_id": "bf5681c7-f31c-470c-a664-594046d0599c",
            "ticker": "KXHIGHAUS-25MAR21-B76.5",
            "count": 26,
            "created_time": "2025-03-21T13:07:11.881841Z",
            "yes_price": 7,
            "no_price": 93,
            "taker_side": "yes"
        },
        {
            "trade_id": "cbf0ea67-1d6d-44d3-8c26-8cebacd40d90",
            "ticker": "KXHIGHAUS-25MAR21-B76.5",
            "count": 1,
            "created_time": "2025-03-21T12:59:32.852219Z",
            "yes_price": 5,
            "no_price": 95,
            "taker_side": "no"
        },
        {
            "trade_id": "20360b02-4247-442d-baca-c12c40d2361a",
            "ticker": "KXHIGHAUS-25MAR21-B76.5",
            "count": 9,
            "created_time": "2025-03-21T12:59:32.852219Z",
            "yes_price": 5,
            "no_price": 95,
            "taker_side": "no"
        },
        {
            "trade_id": "fa5cad5d-329f-4dcd-9859-ec7598276574",
            "ticker": "KXHIGHAUS-25MAR21-B76.5",
            "count": 24,
            "created_time": "2025-03-21T12:38:20.012525Z",
            "yes_price": 7,
            "no_price": 93,
            "taker_side": "yes"
        },
        {
            "trade_id": "d62c6b4d-9d3b-4139-b621-6ba95f790297",
            "ticker": "KXHIGHAUS-25MAR21-B76.5",
            "count": 1,
            "created_time": "2025-03-21T12:38:20.012525Z",
            "yes_price": 7,
            "no_price": 93,
            "taker_side": "yes"
        },
        {
            "trade_id": "30a28f94-e4f3-4434-a784-288461a13d5f",
            "ticker": "KXHIGHAUS-25MAR21-B76.5",
            "count": 1,
            "created_time": "2025-03-21T12:38:20.012525Z",
            "yes_price": 7,
            "no_price": 93,
            "taker_side": "yes"
        },
        {
            "trade_id": "e7c1b2db-60be-4823-81aa-62e5b109d2fe",
            "ticker": "KXHIGHAUS-25MAR21-B76.5",
            "count": 9,
            "created_time": "2025-03-21T12:12:11.575479Z",
            "yes_price": 7,
            "no_price": 93,
            "taker_side": "yes"
        },
        {
            "trade_id": "44a9352e-e3aa-453c-8924-dd24ca9ef86c",
            "ticker": "KXHIGHAUS-25MAR21-B76.5",
            "count": 1,
            "created_time": "2025-03-21T12:12:11.575479Z",
            "yes_price": 6,
            "no_price": 94,
            "taker_side": "yes"
        },
        {
            "trade_id": "cf328bda-1f63-4bfa-8d70-cd5e807e0e64",
            "ticker": "KXHIGHAUS-25MAR21-B76.5",
            "count": 16,
            "created_time": "2025-03-21T12:02:55.330532Z",
            "yes_price": 5,
            "no_price": 95,
            "taker_side": "yes"
        },
        {
            "trade_id": "9d3a0d77-1071-468d-9faa-a24d9793d63b",
            "ticker": "KXHIGHAUS-25MAR21-B76.5",
            "count": 240,
            "created_time": "2025-03-21T12:02:55.330532Z",
            "yes_price": 7,
            "no_price": 93,
            "taker_side": "yes"
        },
        {
            "trade_id": "f2fcbf7d-def7-42de-934c-33adcab097c4",
            "ticker": "KXHIGHAUS-25MAR21-B76.5",
            "count": 1,
            "created_time": "2025-03-21T06:48:26.566637Z",
            "yes_price": 9,
            "no_price": 91,
            "taker_side": "no"
        },
        {
            "trade_id": "ad398d4e-9668-4a40-b823-13651c580f3c",
            "ticker": "KXHIGHAUS-25MAR21-B76.5",
            "count": 47,
            "created_time": "2025-03-21T05:22:22.470935Z",
            "yes_price": 10,
            "no_price": 90,
            "taker_side": "yes"
        },
        {
            "trade_id": "97fe8e7c-fa05-47e8-8963-616a88e469f6",
            "ticker": "KXHIGHAUS-25MAR21-B76.5",
            "count": 1,
            "created_time": "2025-03-21T05:22:22.470935Z",
            "yes_price": 10,
            "no_price": 90,
            "taker_side": "yes"
        },
        {
            "trade_id": "73f670a6-a856-4f66-b897-b14aa5ed637c",
            "ticker": "KXHIGHAUS-25MAR21-B76.5",
            "count": 1,
            "created_time": "2025-03-21T05:22:22.470935Z",
            "yes_price": 10,
            "no_price": 90,
            "taker_side": "yes"
        },
        {
            "trade_id": "681486e1-524c-4a3b-b2a4-853f78088772",
            "ticker": "KXHIGHAUS-25MAR21-B76.5",
            "count": 1,
            "created_time": "2025-03-21T05:22:22.470935Z",
            "yes_price": 10,
            "no_price": 90,
            "taker_side": "yes"
        },
        {
            "trade_id": "36abd75f-28e6-4c78-a5f1-7cea2137b64c",
            "ticker": "KXHIGHAUS-25MAR21-B76.5",
            "count": 5,
            "created_time": "2025-03-21T05:22:22.470935Z",
            "yes_price": 11,
            "no_price": 89,
            "taker_side": "yes"
        },
        {
            "trade_id": "12bc2da1-5dd6-4b50-ae4a-bb873e8913a7",
            "ticker": "KXHIGHAUS-25MAR21-B76.5",
            "count": 8,
            "created_time": "2025-03-21T05:22:22.470935Z",
            "yes_price": 12,
            "no_price": 88,
            "taker_side": "yes"
        },
        {
            "trade_id": "9e5cb5df-7dff-4be9-8f80-24540fba5a76",
            "ticker": "KXHIGHAUS-25MAR21-B76.5",
            "count": 12,
            "created_time": "2025-03-20T17:59:04.191792Z",
            "yes_price": 8,
            "no_price": 92,
            "taker_side": "no"
        },
        {
            "trade_id": "6cfe9137-b97e-40f3-9e1c-91e4586df9e8",
            "ticker": "KXHIGHAUS-25MAR21-B76.5",
            "count": 136,
            "created_time": "2025-03-20T17:59:04.191792Z",
            "yes_price": 6,
            "no_price": 94,
            "taker_side": "no"
        },
        {
            "trade_id": "352c04bd-f8f9-444c-81ba-43f91d26bf4b",
            "ticker": "KXHIGHAUS-25MAR21-B76.5",
            "count": 11,
            "created_time": "2025-03-20T17:59:04.191792Z",
            "yes_price": 8,
            "no_price": 92,
            "taker_side": "no"
        }
    ],
    "KXHIGHAUS-25MAR21-B78.5": [
        {
            "trade_id": "6e1347a0-090c-4528-8f9c-40d8dd65bedb",
            "ticker": "KXHIGHAUS-25MAR21-B78.5",
            "count": 38,
            "created_time": "2025-03-22T04:07:44.041989Z",
            "yes_price": 99,
            "no_price": 1,
            "taker_side": "no"
        },
        {
            "trade_id": "cc72754a-6f65-4801-8d1b-b4eb33a05875",
            "ticker": "KXHIGHAUS-25MAR21-B78.5",
            "count": 17,
            "created_time": "2025-03-22T02:34:56.40436Z",
            "yes_price": 99,
            "no_price": 1,
            "taker_side": "no"
        },
        {
            "trade_id": "41244a69-483b-48e6-b697-4e0d4a19a223",
            "ticker": "KXHIGHAUS-25MAR21-B78.5",
            "count": 50,
            "created_time": "2025-03-22T02:13:53.409726Z",
            "yes_price": 99,
            "no_price": 1,
            "taker_side": "no"
        },
        {
            "trade_id": "4683cc15-282d-49b8-8472-51a9a97f390b",
            "ticker": "KXHIGHAUS-25MAR21-B78.5",
            "count": 19,
            "created_time": "2025-03-22T01:18:25.06345Z",
            "yes_price": 99,
            "no_price": 1,
            "taker_side": "no"
        },
        {
            "trade_id": "a912ba64-3ee8-4b89-b75f-8110452335cd",
            "ticker": "KXHIGHAUS-25MAR21-B78.5",
            "count": 500,
            "created_time": "2025-03-22T01:02:26.970355Z",
            "yes_price": 99,
            "no_price": 1,
            "taker_side": "no"
        },
        {
            "trade_id": "a5fe864d-02b7-469d-8069-10cf2832b67c",
            "ticker": "KXHIGHAUS-25MAR21-B78.5",
            "count": 1,
            "created_time": "2025-03-22T00:54:25.96009Z",
            "yes_price": 99,
            "no_price": 1,
            "taker_side": "no"
        },
        {
            "trade_id": "84a8798e-5511-4ecb-bca2-3f0df5bc21ab",
            "ticker": "KXHIGHAUS-25MAR21-B78.5",
            "count": 110,
            "created_time": "2025-03-22T00:03:18.1359Z",
            "yes_price": 99,
            "no_price": 1,
            "taker_side": "no"
        },
        {
            "trade_id": "dc59723a-d2cb-4004-8e1c-28087b722f3f",
            "ticker": "KXHIGHAUS-25MAR21-B78.5",
            "count": 63,
            "created_time": "2025-03-21T23:58:10.063508Z",
            "yes_price": 99,
            "no_price": 1,
            "taker_side": "no"
        },
        {
            "trade_id": "b4127c95-2548-4934-83a3-f30b6dcd4e2b",
            "ticker": "KXHIGHAUS-25MAR21-B78.5",
            "count": 1034,
            "created_time": "2025-03-21T23:55:51.700567Z",
            "yes_price": 99,
            "no_price": 1,
            "taker_side": "yes"
        },
        {
            "trade_id": "9d650ac2-dc4d-4e7d-b3ba-c859e96f69ea",
            "ticker": "KXHIGHAUS-25MAR21-B78.5",
            "count": 5,
            "created_time": "2025-03-21T23:55:51.700567Z",
            "yes_price": 98,
            "no_price": 2,
            "taker_side": "yes"
        },
        {
            "trade_id": "45046dba-ce23-47f4-be10-4e8e9ce99ca9",
            "ticker": "KXHIGHAUS-25MAR21-B78.5",
            "count": 1,
            "created_time": "2025-03-21T23:55:51.700567Z",
            "yes_price": 99,
            "no_price": 1,
            "taker_side": "yes"
        },
        {
            "trade_id": "10ba6334-44b0-4dec-9664-acbb079c412c",
            "ticker": "KXHIGHAUS-25MAR21-B78.5",
            "count": 699,
            "created_time": "2025-03-21T23:55:51.700567Z",
            "yes_price": 99,
            "no_price": 1,
            "taker_side": "yes"
        },
        {
            "trade_id": "16cd4cda-e2e7-4fcb-8e41-38fb5dfed902",
            "ticker": "KXHIGHAUS-25MAR21-B78.5",
            "count": 30,
            "created_time": "2025-03-21T23:40:30.124389Z",
            "yes_price": 88,
            "no_price": 12,
            "taker_side": "no"
        },
        {
            "trade_id": "e57b9ec1-65f6-4a43-8492-abe51eee7aff",
            "ticker": "KXHIGHAUS-25MAR21-B78.5",
            "count": 5,
            "created_time": "2025-03-21T23:40:16.828672Z",
            "yes_price": 91,
            "no_price": 9,
            "taker_side": "no"
        },
        {
            "trade_id": "40be7a19-3365-47ab-b1de-9ed3d5d8d177",
            "ticker": "KXHIGHAUS-25MAR21-B78.5",
            "count": 43,
            "created_time": "2025-03-21T23:40:16.828672Z",
            "yes_price": 95,
            "no_price": 5,
            "taker_side": "no"
        },
        {
            "trade_id": "e30ce751-0bc8-4176-a645-b94cc1dccd29",
            "ticker": "KXHIGHAUS-25MAR21-B78.5",
            "count": 99,
            "created_time": "2025-03-21T23:34:59.770743Z",
            "yes_price": 98,
            "no_price": 2,
            "taker_side": "yes"
        },
        {
            "trade_id": "843c7735-e586-4ab1-ac1f-cdb9aab2c7a7",
            "ticker": "KXHIGHAUS-25MAR21-B78.5",
            "count": 301,
            "created_time": "2025-03-21T23:34:59.770743Z",
            "yes_price": 99,
            "no_price": 1,
            "taker_side": "yes"
        },
        {
            "trade_id": "8ecc8847-66af-4a98-939d-e54ef60db7a5",
            "ticker": "KXHIGHAUS-25MAR21-B78.5",
            "count": 1,
            "created_time": "2025-03-21T23:28:56.762323Z",
            "yes_price": 98,
            "no_price": 2,
            "taker_side": "yes"
        },
        {
            "trade_id": "e7cbba6b-0e37-4b53-b835-b09c5975ba3b",
            "ticker": "KXHIGHAUS-25MAR21-B78.5",
            "count": 230,
            "created_time": "2025-03-21T23:18:44.760177Z",
            "yes_price": 89,
            "no_price": 11,
            "taker_side": "no"
        },
        {
            "trade_id": "9c2686e7-732c-409a-bef4-3dfc02bcb314",
            "ticker": "KXHIGHAUS-25MAR21-B78.5",
            "count": 20,
            "created_time": "2025-03-21T23:18:44.760177Z",
            "yes_price": 91,
            "no_price": 9,
            "taker_side": "no"
        },
        {
            "trade_id": "80fbc34d-fd73-4f81-8633-6313cd539a8f",
            "ticker": "KXHIGHAUS-25MAR21-B78.5",
            "count": 100,
            "created_time": "2025-03-21T23:11:04.207979Z",
            "yes_price": 97,
            "no_price": 3,
            "taker_side": "yes"
        },
        {
            "trade_id": "986cbb67-ff68-4a19-bdc0-ebe3afd8d99e",
            "ticker": "KXHIGHAUS-25MAR21-B78.5",
            "count": 1,
            "created_time": "2025-03-21T23:10:55.755734Z",
            "yes_price": 89,
            "no_price": 11,
            "taker_side": "no"
        },
        {
            "trade_id": "989ed8e5-7703-4c04-9dd1-7f3172361c7e",
            "ticker": "KXHIGHAUS-25MAR21-B78.5",
            "count": 1,
            "created_time": "2025-03-21T23:10:23.574807Z",
            "yes_price": 96,
            "no_price": 4,
            "taker_side": "yes"
        },
        {
            "trade_id": "000d31e0-805b-4a70-a9a8-94ec45f371e4",
            "ticker": "KXHIGHAUS-25MAR21-B78.5",
            "count": 155,
            "created_time": "2025-03-21T23:00:46.277631Z",
            "yes_price": 89,
            "no_price": 11,
            "taker_side": "no"
        },
        {
            "trade_id": "45bc7857-9a95-45da-936b-ab8a3cbd47aa",
            "ticker": "KXHIGHAUS-25MAR21-B78.5",
            "count": 20,
            "created_time": "2025-03-21T23:00:18.975329Z",
            "yes_price": 90,
            "no_price": 10,
            "taker_side": "no"
        },
        {
            "trade_id": "6c04b7ff-a948-41d0-98da-c453c021e2ca",
            "ticker": "KXHIGHAUS-25MAR21-B78.5",
            "count": 19,
            "created_time": "2025-03-21T22:59:05.12295Z",
            "yes_price": 89,
            "no_price": 11,
            "taker_side": "no"
        },
        {
            "trade_id": "95dfef50-ff83-4e9a-a445-99d3dc9fdfe6",
            "ticker": "KXHIGHAUS-25MAR21-B78.5",
            "count": 10,
            "created_time": "2025-03-21T22:58:44.910646Z",
            "yes_price": 89,
            "no_price": 11,
            "taker_side": "no"
        },
        {
            "trade_id": "96573254-0a9d-4a3a-9a40-076e239dbc02",
            "ticker": "KXHIGHAUS-25MAR21-B78.5",
            "count": 1,
            "created_time": "2025-03-21T22:58:44.632549Z",
            "yes_price": 90,
            "no_price": 10,
            "taker_side": "no"
        },
        {
            "trade_id": "f3cec88f-f3a6-407f-a7de-1bb85e0d8d64",
            "ticker": "KXHIGHAUS-25MAR21-B78.5",
            "count": 20,
            "created_time": "2025-03-21T22:57:48.546415Z",
            "yes_price": 89,
            "no_price": 11,
            "taker_side": "no"
        },
        {
            "trade_id": "d981c04a-3c8c-4de4-9564-051363b39be9",
            "ticker": "KXHIGHAUS-25MAR21-B78.5",
            "count": 1,
            "created_time": "2025-03-21T22:56:54.333577Z",
            "yes_price": 89,
            "no_price": 11,
            "taker_side": "no"
        },
        {
            "trade_id": "6f71249f-37dd-4de3-981b-3f3d23d2ba9d",
            "ticker": "KXHIGHAUS-25MAR21-B78.5",
            "count": 38,
            "created_time": "2025-03-21T22:56:54.333577Z",
            "yes_price": 89,
            "no_price": 11,
            "taker_side": "no"
        },
        {
            "trade_id": "38979c69-9731-40be-802b-e33f31f5d0b1",
            "ticker": "KXHIGHAUS-25MAR21-B78.5",
            "count": 499,
            "created_time": "2025-03-21T22:56:54.333577Z",
            "yes_price": 92,
            "no_price": 8,
            "taker_side": "no"
        },
        {
            "trade_id": "06856d7e-09ca-4391-b62f-2ebe9c1ff4c7",
            "ticker": "KXHIGHAUS-25MAR21-B78.5",
            "count": 90,
            "created_time": "2025-03-21T22:49:04.277158Z",
            "yes_price": 90,
            "no_price": 10,
            "taker_side": "no"
        },
        {
            "trade_id": "c9eef234-ed9f-4d85-854b-28598b79cd81",
            "ticker": "KXHIGHAUS-25MAR21-B78.5",
            "count": 2,
            "created_time": "2025-03-21T22:48:46.80536Z",
            "yes_price": 95,
            "no_price": 5,
            "taker_side": "yes"
        },
        {
            "trade_id": "da71108b-b78e-48df-aaa7-b4ebda942be8",
            "ticker": "KXHIGHAUS-25MAR21-B78.5",
            "count": 46,
            "created_time": "2025-03-21T22:48:12.775819Z",
            "yes_price": 95,
            "no_price": 5,
            "taker_side": "yes"
        },
        {
            "trade_id": "4358b64c-ec29-4f5f-bf72-590bcca92a1d",
            "ticker": "KXHIGHAUS-25MAR21-B78.5",
            "count": 100,
            "created_time": "2025-03-21T22:47:56.097399Z",
            "yes_price": 95,
            "no_price": 5,
            "taker_side": "yes"
        },
        {
            "trade_id": "3f77c7f5-f609-42eb-9320-3dd5fc5ed6a7",
            "ticker": "KXHIGHAUS-25MAR21-B78.5",
            "count": 1,
            "created_time": "2025-03-21T22:47:43.531616Z",
            "yes_price": 89,
            "no_price": 11,
            "taker_side": "yes"
        },
        {
            "trade_id": "887c7667-d449-4ef9-ad4d-8f5ae99447d9",
            "ticker": "KXHIGHAUS-25MAR21-B78.5",
            "count": 1,
            "created_time": "2025-03-21T22:40:26.480841Z",
            "yes_price": 90,
            "no_price": 10,
            "taker_side": "no"
        },
        {
            "trade_id": "876ba2a7-f4a7-43fe-bcaf-d1ba8a59ccfd",
            "ticker": "KXHIGHAUS-25MAR21-B78.5",
            "count": 1,
            "created_time": "2025-03-21T22:40:26.480841Z",
            "yes_price": 89,
            "no_price": 11,
            "taker_side": "no"
        },
        {
            "trade_id": "2562ade1-671c-4f4e-bd72-55cda2677854",
            "ticker": "KXHIGHAUS-25MAR21-B78.5",
            "count": 1,
            "created_time": "2025-03-21T22:40:26.480841Z",
            "yes_price": 88,
            "no_price": 12,
            "taker_side": "no"
        },
        {
            "trade_id": "ef5da496-116b-4d39-9629-656a879e7662",
            "ticker": "KXHIGHAUS-25MAR21-B78.5",
            "count": 1,
            "created_time": "2025-03-21T22:38:52.741932Z",
            "yes_price": 94,
            "no_price": 6,
            "taker_side": "no"
        },
        {
            "trade_id": "63cb1a2b-4f5e-4b00-9db8-c776d7765e0e",
            "ticker": "KXHIGHAUS-25MAR21-B78.5",
            "count": 1,
            "created_time": "2025-03-21T22:35:28.212941Z",
            "yes_price": 90,
            "no_price": 10,
            "taker_side": "yes"
        },
        {
            "trade_id": "ea671985-c6e9-4443-9580-64d4aa1c2ed0",
            "ticker": "KXHIGHAUS-25MAR21-B78.5",
            "count": 1,
            "created_time": "2025-03-21T22:32:08.352008Z",
            "yes_price": 92,
            "no_price": 8,
            "taker_side": "no"
        },
        {
            "trade_id": "966e03a8-7050-485c-9498-9395e3706cba",
            "ticker": "KXHIGHAUS-25MAR21-B78.5",
            "count": 1,
            "created_time": "2025-03-21T22:32:08.352008Z",
            "yes_price": 88,
            "no_price": 12,
            "taker_side": "no"
        },
        {
            "trade_id": "381c531e-6e8b-4bc8-997b-d16ca8389305",
            "ticker": "KXHIGHAUS-25MAR21-B78.5",
            "count": 1,
            "created_time": "2025-03-21T22:32:08.352008Z",
            "yes_price": 93,
            "no_price": 7,
            "taker_side": "no"
        },
        {
            "trade_id": "55762e30-f8ee-49af-9993-3747e9e63346",
            "ticker": "KXHIGHAUS-25MAR21-B78.5",
            "count": 1,
            "created_time": "2025-03-21T22:32:06.834461Z",
            "yes_price": 94,
            "no_price": 6,
            "taker_side": "yes"
        },
        {
            "trade_id": "c71fe821-00bb-40cc-a4f9-47dd243f99ec",
            "ticker": "KXHIGHAUS-25MAR21-B78.5",
            "count": 1,
            "created_time": "2025-03-21T22:28:59.075311Z",
            "yes_price": 86,
            "no_price": 14,
            "taker_side": "no"
        },
        {
            "trade_id": "07fb1553-f5b0-464e-b356-8159c839c549",
            "ticker": "KXHIGHAUS-25MAR21-B78.5",
            "count": 1,
            "created_time": "2025-03-21T22:28:54.102728Z",
            "yes_price": 94,
            "no_price": 6,
            "taker_side": "yes"
        },
        {
            "trade_id": "b63a4468-8d1e-4262-a809-413cfec48a28",
            "ticker": "KXHIGHAUS-25MAR21-B78.5",
            "count": 1,
            "created_time": "2025-03-21T22:28:46.142842Z",
            "yes_price": 88,
            "no_price": 12,
            "taker_side": "no"
        },
        {
            "trade_id": "30d84d3e-4fb6-4685-8830-038a2a79305c",
            "ticker": "KXHIGHAUS-25MAR21-B78.5",
            "count": 1,
            "created_time": "2025-03-21T22:28:46.142842Z",
            "yes_price": 90,
            "no_price": 10,
            "taker_side": "no"
        },
        {
            "trade_id": "d6b72783-bc66-40a5-9273-c90ec8c0dd3b",
            "ticker": "KXHIGHAUS-25MAR21-B78.5",
            "count": 1,
            "created_time": "2025-03-21T22:27:29.981827Z",
            "yes_price": 89,
            "no_price": 11,
            "taker_side": "no"
        },
        {
            "trade_id": "2c60f498-fa09-48a1-8c6c-910355decffc",
            "ticker": "KXHIGHAUS-25MAR21-B78.5",
            "count": 18,
            "created_time": "2025-03-21T22:27:29.981827Z",
            "yes_price": 88,
            "no_price": 12,
            "taker_side": "no"
        },
        {
            "trade_id": "ed42fddf-30cc-42a8-817b-f450881735e5",
            "ticker": "KXHIGHAUS-25MAR21-B78.5",
            "count": 20,
            "created_time": "2025-03-21T22:26:01.241576Z",
            "yes_price": 89,
            "no_price": 11,
            "taker_side": "no"
        },
        {
            "trade_id": "e0be0b04-f55c-4fbb-8072-5653155acf78",
            "ticker": "KXHIGHAUS-25MAR21-B78.5",
            "count": 12,
            "created_time": "2025-03-21T22:26:01.241576Z",
            "yes_price": 89,
            "no_price": 11,
            "taker_side": "no"
        },
        {
            "trade_id": "baad737a-cd02-4949-b105-066fd13fdddb",
            "ticker": "KXHIGHAUS-25MAR21-B78.5",
            "count": 244,
            "created_time": "2025-03-21T22:26:01.241576Z",
            "yes_price": 88,
            "no_price": 12,
            "taker_side": "no"
        },
        {
            "trade_id": "7e9daa70-84b2-4954-b98a-1b4931cbc103",
            "ticker": "KXHIGHAUS-25MAR21-B78.5",
            "count": 29,
            "created_time": "2025-03-21T22:26:01.241576Z",
            "yes_price": 89,
            "no_price": 11,
            "taker_side": "no"
        },
        {
            "trade_id": "bd954854-5334-4c27-8c61-3b1ef2c20cc4",
            "ticker": "KXHIGHAUS-25MAR21-B78.5",
            "count": 1,
            "created_time": "2025-03-21T22:25:13.128203Z",
            "yes_price": 89,
            "no_price": 11,
            "taker_side": "no"
        },
        {
            "trade_id": "4c5cafd2-60dd-4999-bcfa-d0eca30673f6",
            "ticker": "KXHIGHAUS-25MAR21-B78.5",
            "count": 1,
            "created_time": "2025-03-21T22:23:49.478383Z",
            "yes_price": 93,
            "no_price": 7,
            "taker_side": "yes"
        },
        {
            "trade_id": "252e9d95-3447-4f2d-b755-60b4e6e47cb5",
            "ticker": "KXHIGHAUS-25MAR21-B78.5",
            "count": 78,
            "created_time": "2025-03-21T22:21:59.541971Z",
            "yes_price": 90,
            "no_price": 10,
            "taker_side": "yes"
        },
        {
            "trade_id": "bd3d3705-b7d0-4476-8479-421aa2d660c8",
            "ticker": "KXHIGHAUS-25MAR21-B78.5",
            "count": 803,
            "created_time": "2025-03-21T22:20:25.152524Z",
            "yes_price": 90,
            "no_price": 10,
            "taker_side": "yes"
        },
        {
            "trade_id": "27ebabe0-3a60-4083-9ba6-8087b336a016",
            "ticker": "KXHIGHAUS-25MAR21-B78.5",
            "count": 1,
            "created_time": "2025-03-21T22:20:25.152524Z",
            "yes_price": 90,
            "no_price": 10,
            "taker_side": "yes"
        },
        {
            "trade_id": "b66e9f70-9ae1-4f2c-aab4-4c1696866f97",
            "ticker": "KXHIGHAUS-25MAR21-B78.5",
            "count": 1,
            "created_time": "2025-03-21T22:18:59.878663Z",
            "yes_price": 85,
            "no_price": 15,
            "taker_side": "yes"
        },
        {
            "trade_id": "8f8cdcd8-47ce-480a-8f33-5818a0c9f532",
            "ticker": "KXHIGHAUS-25MAR21-B78.5",
            "count": 2,
            "created_time": "2025-03-21T22:18:59.878663Z",
            "yes_price": 89,
            "no_price": 11,
            "taker_side": "yes"
        },
        {
            "trade_id": "296cdf51-3f1f-414b-99c7-aa0111be4675",
            "ticker": "KXHIGHAUS-25MAR21-B78.5",
            "count": 97,
            "created_time": "2025-03-21T22:18:59.878663Z",
            "yes_price": 90,
            "no_price": 10,
            "taker_side": "yes"
        },
        {
            "trade_id": "0ffccdc6-bc63-451e-878e-41685ee351d4",
            "ticker": "KXHIGHAUS-25MAR21-B78.5",
            "count": 10,
            "created_time": "2025-03-21T22:18:59.878663Z",
            "yes_price": 89,
            "no_price": 11,
            "taker_side": "yes"
        },
        {
            "trade_id": "7026927d-23e8-486a-a223-1f8ab2e63aad",
            "ticker": "KXHIGHAUS-25MAR21-B78.5",
            "count": 42,
            "created_time": "2025-03-21T22:16:34.184314Z",
            "yes_price": 85,
            "no_price": 15,
            "taker_side": "yes"
        },
        {
            "trade_id": "a4428aba-d987-4f51-b0be-2d32cdf558e7",
            "ticker": "KXHIGHAUS-25MAR21-B78.5",
            "count": 31,
            "created_time": "2025-03-21T22:15:51.39314Z",
            "yes_price": 85,
            "no_price": 15,
            "taker_side": "yes"
        },
        {
            "trade_id": "9ad880a4-e66c-4709-9f53-1713aa02e2b8",
            "ticker": "KXHIGHAUS-25MAR21-B78.5",
            "count": 32,
            "created_time": "2025-03-21T22:15:51.39314Z",
            "yes_price": 75,
            "no_price": 25,
            "taker_side": "yes"
        },
        {
            "trade_id": "68866aaa-43cc-421d-a0cf-3218b316a004",
            "ticker": "KXHIGHAUS-25MAR21-B78.5",
            "count": 5,
            "created_time": "2025-03-21T22:15:51.39314Z",
            "yes_price": 75,
            "no_price": 25,
            "taker_side": "yes"
        },
        {
            "trade_id": "328a0e57-6fbd-41f0-bc45-7a1ad45dd41a",
            "ticker": "KXHIGHAUS-25MAR21-B78.5",
            "count": 75,
            "created_time": "2025-03-21T22:15:51.39314Z",
            "yes_price": 75,
            "no_price": 25,
            "taker_side": "yes"
        },
        {
            "trade_id": "1db3b864-3e51-4fe6-aff1-228d6a2cdaf5",
            "ticker": "KXHIGHAUS-25MAR21-B78.5",
            "count": 12,
            "created_time": "2025-03-21T22:15:51.39314Z",
            "yes_price": 84,
            "no_price": 16,
            "taker_side": "yes"
        },
        {
            "trade_id": "ff62f51d-aa88-4ef8-af66-33d0b4026219",
            "ticker": "KXHIGHAUS-25MAR21-B78.5",
            "count": 1,
            "created_time": "2025-03-21T22:15:46.7029Z",
            "yes_price": 57,
            "no_price": 43,
            "taker_side": "yes"
        },
        {
            "trade_id": "dc3087e1-1ea7-411a-bfa2-30debb1ce46b",
            "ticker": "KXHIGHAUS-25MAR21-B78.5",
            "count": 8,
            "created_time": "2025-03-21T22:15:32.797509Z",
            "yes_price": 54,
            "no_price": 46,
            "taker_side": "yes"
        },
        {
            "trade_id": "aad13307-b783-4bd1-83c2-aae082d101ae",
            "ticker": "KXHIGHAUS-25MAR21-B78.5",
            "count": 293,
            "created_time": "2025-03-21T22:15:32.797509Z",
            "yes_price": 58,
            "no_price": 42,
            "taker_side": "yes"
        },
        {
            "trade_id": "3e580509-ee6a-4c2e-bec6-f62b7640ca7b",
            "ticker": "KXHIGHAUS-25MAR21-B78.5",
            "count": 30,
            "created_time": "2025-03-21T22:15:32.797509Z",
            "yes_price": 54,
            "no_price": 46,
            "taker_side": "yes"
        },
        {
            "trade_id": "335ba9db-8420-4fc3-a3d4-8a40aba59654",
            "ticker": "KXHIGHAUS-25MAR21-B78.5",
            "count": 249,
            "created_time": "2025-03-21T22:15:32.797509Z",
            "yes_price": 54,
            "no_price": 46,
            "taker_side": "yes"
        },
        {
            "trade_id": "31951314-1af0-4b0f-af36-79470f204ffd",
            "ticker": "KXHIGHAUS-25MAR21-B78.5",
            "count": 20,
            "created_time": "2025-03-21T22:15:32.797509Z",
            "yes_price": 54,
            "no_price": 46,
            "taker_side": "yes"
        },
        {
            "trade_id": "914c2806-4d09-41b0-b66f-d08833936a69",
            "ticker": "KXHIGHAUS-25MAR21-B78.5",
            "count": 37,
            "created_time": "2025-03-21T22:15:25.687156Z",
            "yes_price": 28,
            "no_price": 72,
            "taker_side": "no"
        },
        {
            "trade_id": "14bb617a-e2b6-45e0-9214-7605d32b47bb",
            "ticker": "KXHIGHAUS-25MAR21-B78.5",
            "count": 35,
            "created_time": "2025-03-21T22:14:38.920749Z",
            "yes_price": 39,
            "no_price": 61,
            "taker_side": "yes"
        },
        {
            "trade_id": "05857004-17f5-4cd8-a127-c706ae1a8f73",
            "ticker": "KXHIGHAUS-25MAR21-B78.5",
            "count": 1,
            "created_time": "2025-03-21T22:14:15.967172Z",
            "yes_price": 35,
            "no_price": 65,
            "taker_side": "yes"
        },
        {
            "trade_id": "e8c7f734-5ed6-4b80-b3f1-6d83d87aa5ec",
            "ticker": "KXHIGHAUS-25MAR21-B78.5",
            "count": 121,
            "created_time": "2025-03-21T22:12:48.521733Z",
            "yes_price": 32,
            "no_price": 68,
            "taker_side": "yes"
        },
        {
            "trade_id": "d67fb2d2-8aea-4834-8535-b09d81c0b533",
            "ticker": "KXHIGHAUS-25MAR21-B78.5",
            "count": 1,
            "created_time": "2025-03-21T22:12:48.521733Z",
            "yes_price": 23,
            "no_price": 77,
            "taker_side": "yes"
        },
        {
            "trade_id": "4373f579-7a51-48ca-8efa-4b65d8c027ba",
            "ticker": "KXHIGHAUS-25MAR21-B78.5",
            "count": 249,
            "created_time": "2025-03-21T22:12:48.521733Z",
            "yes_price": 31,
            "no_price": 69,
            "taker_side": "yes"
        },
        {
            "trade_id": "5751e5c8-7193-4cdb-817c-e73e7c0a3782",
            "ticker": "KXHIGHAUS-25MAR21-B78.5",
            "count": 300,
            "created_time": "2025-03-21T22:09:44.791103Z",
            "yes_price": 32,
            "no_price": 68,
            "taker_side": "yes"
        },
        {
            "trade_id": "908aada9-0c60-48b9-8750-d0da26a123cb",
            "ticker": "KXHIGHAUS-25MAR21-B78.5",
            "count": 6,
            "created_time": "2025-03-21T22:08:52.241895Z",
            "yes_price": 31,
            "no_price": 69,
            "taker_side": "yes"
        },
        {
            "trade_id": "a1726a79-3d81-4bed-b5f5-81d9c1f57423",
            "ticker": "KXHIGHAUS-25MAR21-B78.5",
            "count": 29,
            "created_time": "2025-03-21T22:05:30.335374Z",
            "yes_price": 32,
            "no_price": 68,
            "taker_side": "yes"
        },
        {
            "trade_id": "e8884fb7-e5e2-49cf-94dd-8de3b531085d",
            "ticker": "KXHIGHAUS-25MAR21-B78.5",
            "count": 249,
            "created_time": "2025-03-21T22:05:10.37562Z",
            "yes_price": 31,
            "no_price": 69,
            "taker_side": "yes"
        },
        {
            "trade_id": "ca744e8b-0cbc-4bd4-9864-776b20e2fb26",
            "ticker": "KXHIGHAUS-25MAR21-B78.5",
            "count": 6,
            "created_time": "2025-03-21T22:05:10.37562Z",
            "yes_price": 30,
            "no_price": 70,
            "taker_side": "yes"
        },
        {
            "trade_id": "168d0e00-a45d-4bb6-ab87-900b49948711",
            "ticker": "KXHIGHAUS-25MAR21-B78.5",
            "count": 50,
            "created_time": "2025-03-21T22:05:10.37562Z",
            "yes_price": 32,
            "no_price": 68,
            "taker_side": "yes"
        },
        {
            "trade_id": "c3f1c395-2a36-44f0-96f4-6c681a6144ca",
            "ticker": "KXHIGHAUS-25MAR21-B78.5",
            "count": 1,
            "created_time": "2025-03-21T22:04:49.395719Z",
            "yes_price": 12,
            "no_price": 88,
            "taker_side": "yes"
        },
        {
            "trade_id": "9675ced4-0e93-49c1-9285-20e19fa2f159",
            "ticker": "KXHIGHAUS-25MAR21-B78.5",
            "count": 54,
            "created_time": "2025-03-21T22:04:49.395719Z",
            "yes_price": 14,
            "no_price": 86,
            "taker_side": "yes"
        },
        {
            "trade_id": "4ae95c5f-ac2d-454c-a53d-3146740b5b56",
            "ticker": "KXHIGHAUS-25MAR21-B78.5",
            "count": 21,
            "created_time": "2025-03-21T22:04:49.395719Z",
            "yes_price": 13,
            "no_price": 87,
            "taker_side": "yes"
        },
        {
            "trade_id": "3f45fca0-9b7d-414a-a34a-ed44cb6c8df1",
            "ticker": "KXHIGHAUS-25MAR21-B78.5",
            "count": 249,
            "created_time": "2025-03-21T22:04:49.395719Z",
            "yes_price": 16,
            "no_price": 84,
            "taker_side": "yes"
        },
        {
            "trade_id": "51baccbc-33ad-4e42-b34e-3f9b21534688",
            "ticker": "KXHIGHAUS-25MAR21-B78.5",
            "count": 1,
            "created_time": "2025-03-21T22:04:42.90918Z",
            "yes_price": 6,
            "no_price": 94,
            "taker_side": "yes"
        },
        {
            "trade_id": "9d2346a6-eb83-42b1-a488-e74f0c9aa00d",
            "ticker": "KXHIGHAUS-25MAR21-B78.5",
            "count": 1,
            "created_time": "2025-03-21T22:04:30.257483Z",
            "yes_price": 5,
            "no_price": 95,
            "taker_side": "yes"
        },
        {
            "trade_id": "5013aeb2-844f-4b0a-b733-ae1ea1a32fa6",
            "ticker": "KXHIGHAUS-25MAR21-B78.5",
            "count": 1,
            "created_time": "2025-03-21T22:04:30.257483Z",
            "yes_price": 5,
            "no_price": 95,
            "taker_side": "yes"
        },
        {
            "trade_id": "0ac9c03d-5472-406f-b822-714d9f9a645f",
            "ticker": "KXHIGHAUS-25MAR21-B78.5",
            "count": 21,
            "created_time": "2025-03-21T22:03:17.664025Z",
            "yes_price": 3,
            "no_price": 97,
            "taker_side": "no"
        },
        {
            "trade_id": "eedee637-dab3-4673-a201-cc32f30d99e2",
            "ticker": "KXHIGHAUS-25MAR21-B78.5",
            "count": 1,
            "created_time": "2025-03-21T22:02:02.264561Z",
            "yes_price": 7,
            "no_price": 93,
            "taker_side": "yes"
        },
        {
            "trade_id": "f1235231-8ec5-4d63-b077-7e0fa60bf949",
            "ticker": "KXHIGHAUS-25MAR21-B78.5",
            "count": 4,
            "created_time": "2025-03-21T21:59:05.192843Z",
            "yes_price": 7,
            "no_price": 93,
            "taker_side": "no"
        },
        {
            "trade_id": "cef1a481-0d3d-4aed-af44-f7aa015dea61",
            "ticker": "KXHIGHAUS-25MAR21-B78.5",
            "count": 2,
            "created_time": "2025-03-21T21:58:40.052479Z",
            "yes_price": 7,
            "no_price": 93,
            "taker_side": "no"
        },
        {
            "trade_id": "fbf4bfa5-2a6a-4e99-bb31-94c8778c8aef",
            "ticker": "KXHIGHAUS-25MAR21-B78.5",
            "count": 11,
            "created_time": "2025-03-21T21:57:11.213469Z",
            "yes_price": 8,
            "no_price": 92,
            "taker_side": "yes"
        },
        {
            "trade_id": "f7473039-e6e5-469e-aa96-3e3b653d458e",
            "ticker": "KXHIGHAUS-25MAR21-B78.5",
            "count": 1,
            "created_time": "2025-03-21T21:57:11.213469Z",
            "yes_price": 8,
            "no_price": 92,
            "taker_side": "yes"
        },
        {
            "trade_id": "d91d8e8c-c74c-4c3d-87b1-622dc6666de9",
            "ticker": "KXHIGHAUS-25MAR21-B78.5",
            "count": 6,
            "created_time": "2025-03-21T21:57:11.213469Z",
            "yes_price": 13,
            "no_price": 87,
            "taker_side": "yes"
        },
        {
            "trade_id": "820d2ab3-13d9-437c-be98-1479c7ca229a",
            "ticker": "KXHIGHAUS-25MAR21-B78.5",
            "count": 1,
            "created_time": "2025-03-21T21:57:11.213469Z",
            "yes_price": 7,
            "no_price": 93,
            "taker_side": "yes"
        },
        {
            "trade_id": "2d122e1e-1212-4b17-96bf-8cfd535b5371",
            "ticker": "KXHIGHAUS-25MAR21-B78.5",
            "count": 1,
            "created_time": "2025-03-21T21:57:11.213469Z",
            "yes_price": 6,
            "no_price": 94,
            "taker_side": "yes"
        },
        {
            "trade_id": "e4caf66f-426a-4c36-8b18-d045ca0feaff",
            "ticker": "KXHIGHAUS-25MAR21-B78.5",
            "count": 21,
            "created_time": "2025-03-21T21:57:05.08782Z",
            "yes_price": 5,
            "no_price": 95,
            "taker_side": "no"
        },
        {
            "trade_id": "b4193679-3352-4691-a8b4-7fe7029f9830",
            "ticker": "KXHIGHAUS-25MAR21-B78.5",
            "count": 1,
            "created_time": "2025-03-21T21:56:58.439601Z",
            "yes_price": 5,
            "no_price": 95,
            "taker_side": "yes"
        },
        {
            "trade_id": "ce337368-704f-4fe6-b675-6d2875254760",
            "ticker": "KXHIGHAUS-25MAR21-B78.5",
            "count": 1,
            "created_time": "2025-03-21T21:56:17.05763Z",
            "yes_price": 4,
            "no_price": 96,
            "taker_side": "yes"
        },
        {
            "trade_id": "1dfb0cc0-51a0-403d-8504-b80ed48dc0dd",
            "ticker": "KXHIGHAUS-25MAR21-B78.5",
            "count": 69,
            "created_time": "2025-03-21T21:54:55.829371Z",
            "yes_price": 3,
            "no_price": 97,
            "taker_side": "no"
        },
        {
            "trade_id": "0d3fb809-1bed-4caf-b09d-9ad863e41ab6",
            "ticker": "KXHIGHAUS-25MAR21-B78.5",
            "count": 19,
            "created_time": "2025-03-21T21:52:12.089184Z",
            "yes_price": 2,
            "no_price": 98,
            "taker_side": "no"
        },
        {
            "trade_id": "2f9f0376-7f8d-42ff-9c23-aa761f7bdcc6",
            "ticker": "KXHIGHAUS-25MAR21-B78.5",
            "count": 11,
            "created_time": "2025-03-21T21:48:37.427882Z",
            "yes_price": 11,
            "no_price": 89,
            "taker_side": "yes"
        },
        {
            "trade_id": "f5452744-083c-4d7e-8a56-882125bf7c2f",
            "ticker": "KXHIGHAUS-25MAR21-B78.5",
            "count": 25,
            "created_time": "2025-03-21T21:48:37.366203Z",
            "yes_price": 11,
            "no_price": 89,
            "taker_side": "yes"
        },
        {
            "trade_id": "97f47fdd-e6ea-49a1-8ade-25797e5f4b6a",
            "ticker": "KXHIGHAUS-25MAR21-B78.5",
            "count": 5,
            "created_time": "2025-03-21T21:48:37.366203Z",
            "yes_price": 10,
            "no_price": 90,
            "taker_side": "yes"
        },
        {
            "trade_id": "583ed16b-0f91-40ed-bcec-e746cbbeb59a",
            "ticker": "KXHIGHAUS-25MAR21-B78.5",
            "count": 8,
            "created_time": "2025-03-21T21:46:21.523145Z",
            "yes_price": 22,
            "no_price": 78,
            "taker_side": "yes"
        },
        {
            "trade_id": "e0d79600-462d-4a9e-8fcf-59d218a2162f",
            "ticker": "KXHIGHAUS-25MAR21-B78.5",
            "count": 5,
            "created_time": "2025-03-21T21:45:07.061723Z",
            "yes_price": 10,
            "no_price": 90,
            "taker_side": "no"
        },
        {
            "trade_id": "d83a0723-6dc6-4315-9eb9-ca7c7558fa0a",
            "ticker": "KXHIGHAUS-25MAR21-B78.5",
            "count": 5,
            "created_time": "2025-03-21T21:43:36.582378Z",
            "yes_price": 10,
            "no_price": 90,
            "taker_side": "no"
        },
        {
            "trade_id": "1c4723e2-96c7-498e-a8e3-f8f159c4c383",
            "ticker": "KXHIGHAUS-25MAR21-B78.5",
            "count": 1,
            "created_time": "2025-03-21T21:39:16.32116Z",
            "yes_price": 11,
            "no_price": 89,
            "taker_side": "no"
        },
        {
            "trade_id": "f6c3b532-7ec2-4172-89a0-de3f45be9849",
            "ticker": "KXHIGHAUS-25MAR21-B78.5",
            "count": 1,
            "created_time": "2025-03-21T21:39:16.302361Z",
            "yes_price": 25,
            "no_price": 75,
            "taker_side": "no"
        },
        {
            "trade_id": "eae30d26-cab5-4c8a-92b1-bd7d1c5e86b3",
            "ticker": "KXHIGHAUS-25MAR21-B78.5",
            "count": 155,
            "created_time": "2025-03-21T21:39:16.302361Z",
            "yes_price": 11,
            "no_price": 89,
            "taker_side": "no"
        },
        {
            "trade_id": "9f74cf45-d0c5-4c69-bd81-23f095a35520",
            "ticker": "KXHIGHAUS-25MAR21-B78.5",
            "count": 1,
            "created_time": "2025-03-21T21:39:16.302361Z",
            "yes_price": 18,
            "no_price": 82,
            "taker_side": "no"
        },
        {
            "trade_id": "64538616-9118-4587-be48-5d6d36d79f65",
            "ticker": "KXHIGHAUS-25MAR21-B78.5",
            "count": 12,
            "created_time": "2025-03-21T21:39:16.302361Z",
            "yes_price": 24,
            "no_price": 76,
            "taker_side": "no"
        },
        {
            "trade_id": "53932474-bc66-4ef8-8501-e53021b522ce",
            "ticker": "KXHIGHAUS-25MAR21-B78.5",
            "count": 1,
            "created_time": "2025-03-21T21:39:16.302361Z",
            "yes_price": 27,
            "no_price": 73,
            "taker_side": "no"
        },
        {
            "trade_id": "521bd23e-7c07-4c54-9932-980addc0d118",
            "ticker": "KXHIGHAUS-25MAR21-B78.5",
            "count": 10,
            "created_time": "2025-03-21T21:39:16.302361Z",
            "yes_price": 13,
            "no_price": 87,
            "taker_side": "no"
        },
        {
            "trade_id": "49a4c4b4-4b7f-461d-9ad9-cf08cad79f1d",
            "ticker": "KXHIGHAUS-25MAR21-B78.5",
            "count": 1,
            "created_time": "2025-03-21T21:39:16.302361Z",
            "yes_price": 28,
            "no_price": 72,
            "taker_side": "no"
        },
        {
            "trade_id": "496cb09b-c003-401c-96b8-c13ad10c2cb4",
            "ticker": "KXHIGHAUS-25MAR21-B78.5",
            "count": 15,
            "created_time": "2025-03-21T21:39:16.302361Z",
            "yes_price": 22,
            "no_price": 78,
            "taker_side": "no"
        },
        {
            "trade_id": "3bcd77d8-84a2-4adc-b794-046ed4c8933f",
            "ticker": "KXHIGHAUS-25MAR21-B78.5",
            "count": 44,
            "created_time": "2025-03-21T21:39:16.302361Z",
            "yes_price": 21,
            "no_price": 79,
            "taker_side": "no"
        },
        {
            "trade_id": "37a7c472-28ba-41a4-b791-b823ce24d8d2",
            "ticker": "KXHIGHAUS-25MAR21-B78.5",
            "count": 1,
            "created_time": "2025-03-21T21:39:16.302361Z",
            "yes_price": 23,
            "no_price": 77,
            "taker_side": "no"
        },
        {
            "trade_id": "2a3f3497-57c6-4780-96ed-3d785252c107",
            "ticker": "KXHIGHAUS-25MAR21-B78.5",
            "count": 50,
            "created_time": "2025-03-21T21:39:16.302361Z",
            "yes_price": 11,
            "no_price": 89,
            "taker_side": "no"
        },
        {
            "trade_id": "155dbee1-60e5-4651-a9c0-6851f62de3e1",
            "ticker": "KXHIGHAUS-25MAR21-B78.5",
            "count": 8,
            "created_time": "2025-03-21T21:39:16.302361Z",
            "yes_price": 12,
            "no_price": 88,
            "taker_side": "no"
        },
        {
            "trade_id": "14865c96-24cf-4f96-a5ad-91fdc1a42bc3",
            "ticker": "KXHIGHAUS-25MAR21-B78.5",
            "count": 1,
            "created_time": "2025-03-21T21:39:16.302361Z",
            "yes_price": 20,
            "no_price": 80,
            "taker_side": "no"
        },
        {
            "trade_id": "d44255bd-5f10-45f3-b213-b213e71a5a93",
            "ticker": "KXHIGHAUS-25MAR21-B78.5",
            "count": 12,
            "created_time": "2025-03-21T21:36:41.388423Z",
            "yes_price": 34,
            "no_price": 66,
            "taker_side": "yes"
        },
        {
            "trade_id": "178d6c97-f5d3-4744-8587-914e519a0c14",
            "ticker": "KXHIGHAUS-25MAR21-B78.5",
            "count": 6,
            "created_time": "2025-03-21T21:36:41.388423Z",
            "yes_price": 34,
            "no_price": 66,
            "taker_side": "yes"
        },
        {
            "trade_id": "5c1f9b37-9e25-46f9-a9a0-9cab89d331ee",
            "ticker": "KXHIGHAUS-25MAR21-B78.5",
            "count": 1,
            "created_time": "2025-03-21T21:36:39.768345Z",
            "yes_price": 29,
            "no_price": 71,
            "taker_side": "no"
        },
        {
            "trade_id": "107e122e-b876-47c1-baf5-72ab4181c797",
            "ticker": "KXHIGHAUS-25MAR21-B78.5",
            "count": 1,
            "created_time": "2025-03-21T21:36:39.753699Z",
            "yes_price": 31,
            "no_price": 69,
            "taker_side": "no"
        },
        {
            "trade_id": "a35361f4-f769-47ca-8ead-b70586d77e69",
            "ticker": "KXHIGHAUS-25MAR21-B78.5",
            "count": 16,
            "created_time": "2025-03-21T21:33:27.004743Z",
            "yes_price": 33,
            "no_price": 67,
            "taker_side": "yes"
        },
        {
            "trade_id": "f134726b-4ad6-43a2-a793-c2ad5483d201",
            "ticker": "KXHIGHAUS-25MAR21-B78.5",
            "count": 20,
            "created_time": "2025-03-21T21:27:32.352986Z",
            "yes_price": 38,
            "no_price": 62,
            "taker_side": "no"
        },
        {
            "trade_id": "f020792b-7125-4c67-9e95-0a6553553adf",
            "ticker": "KXHIGHAUS-25MAR21-B78.5",
            "count": 261,
            "created_time": "2025-03-21T21:27:32.352986Z",
            "yes_price": 38,
            "no_price": 62,
            "taker_side": "no"
        },
        {
            "trade_id": "84951751-df1a-4a09-8628-15337322a1fd",
            "ticker": "KXHIGHAUS-25MAR21-B78.5",
            "count": 19,
            "created_time": "2025-03-21T21:27:32.352986Z",
            "yes_price": 35,
            "no_price": 65,
            "taker_side": "no"
        },
        {
            "trade_id": "38a309ea-12a0-4c49-9217-09ca69f15a46",
            "ticker": "KXHIGHAUS-25MAR21-B78.5",
            "count": 197,
            "created_time": "2025-03-21T21:27:31.952947Z",
            "yes_price": 38,
            "no_price": 62,
            "taker_side": "no"
        },
        {
            "trade_id": "ae7d112e-61ce-4dde-a905-2b73e3186bbb",
            "ticker": "KXHIGHAUS-25MAR21-B78.5",
            "count": 502,
            "created_time": "2025-03-21T21:27:31.767938Z",
            "yes_price": 38,
            "no_price": 62,
            "taker_side": "no"
        },
        {
            "trade_id": "a63a4866-3bdd-46a8-a825-42193db4cb90",
            "ticker": "KXHIGHAUS-25MAR21-B78.5",
            "count": 37,
            "created_time": "2025-03-21T21:26:36.234658Z",
            "yes_price": 38,
            "no_price": 62,
            "taker_side": "no"
        },
        {
            "trade_id": "5e629651-2784-4e2b-9887-97d8741e9f3d",
            "ticker": "KXHIGHAUS-25MAR21-B78.5",
            "count": 1,
            "created_time": "2025-03-21T21:26:33.484001Z",
            "yes_price": 38,
            "no_price": 62,
            "taker_side": "no"
        },
        {
            "trade_id": "8ea3118e-2a07-4c4a-a577-8553f966e4fa",
            "ticker": "KXHIGHAUS-25MAR21-B78.5",
            "count": 2,
            "created_time": "2025-03-21T21:26:33.416687Z",
            "yes_price": 38,
            "no_price": 62,
            "taker_side": "yes"
        },
        {
            "trade_id": "94483a2a-293c-4310-98f6-edef1ef36c7d",
            "ticker": "KXHIGHAUS-25MAR21-B78.5",
            "count": 399,
            "created_time": "2025-03-21T21:11:40.237679Z",
            "yes_price": 35,
            "no_price": 65,
            "taker_side": "yes"
        },
        {
            "trade_id": "d8dee809-6555-4ec8-a0eb-bb11913c8360",
            "ticker": "KXHIGHAUS-25MAR21-B78.5",
            "count": 81,
            "created_time": "2025-03-21T21:10:48.251101Z",
            "yes_price": 35,
            "no_price": 65,
            "taker_side": "yes"
        },
        {
            "trade_id": "47f2a7c7-2e77-4c22-b38a-97f7226db44c",
            "ticker": "KXHIGHAUS-25MAR21-B78.5",
            "count": 1,
            "created_time": "2025-03-21T21:02:38.520413Z",
            "yes_price": 35,
            "no_price": 65,
            "taker_side": "yes"
        },
        {
            "trade_id": "7fd0b9a0-cd59-4edc-a072-1d38265c70d8",
            "ticker": "KXHIGHAUS-25MAR21-B78.5",
            "count": 3,
            "created_time": "2025-03-21T20:59:03.737762Z",
            "yes_price": 34,
            "no_price": 66,
            "taker_side": "yes"
        },
        {
            "trade_id": "e8a425a5-5640-4dfa-b485-553afe774820",
            "ticker": "KXHIGHAUS-25MAR21-B78.5",
            "count": 1,
            "created_time": "2025-03-21T20:57:07.943905Z",
            "yes_price": 34,
            "no_price": 66,
            "taker_side": "yes"
        },
        {
            "trade_id": "eb8de940-44f2-4c88-86a0-930cd11305dd",
            "ticker": "KXHIGHAUS-25MAR21-B78.5",
            "count": 20,
            "created_time": "2025-03-21T20:54:42.113714Z",
            "yes_price": 34,
            "no_price": 66,
            "taker_side": "yes"
        },
        {
            "trade_id": "9411b1c5-17a3-425b-943d-0ce9b586b969",
            "ticker": "KXHIGHAUS-25MAR21-B78.5",
            "count": 14,
            "created_time": "2025-03-21T20:54:42.113714Z",
            "yes_price": 34,
            "no_price": 66,
            "taker_side": "yes"
        },
        {
            "trade_id": "7e33d3d9-eefb-45d4-b693-145820aa9ec2",
            "ticker": "KXHIGHAUS-25MAR21-B78.5",
            "count": 2,
            "created_time": "2025-03-21T20:54:42.113714Z",
            "yes_price": 34,
            "no_price": 66,
            "taker_side": "yes"
        },
        {
            "trade_id": "2dd1a338-0855-4099-a66f-ba0a89f0007e",
            "ticker": "KXHIGHAUS-25MAR21-B78.5",
            "count": 19,
            "created_time": "2025-03-21T20:54:42.113714Z",
            "yes_price": 35,
            "no_price": 65,
            "taker_side": "yes"
        },
        {
            "trade_id": "aa87b617-f586-480f-99d3-dc12feb15833",
            "ticker": "KXHIGHAUS-25MAR21-B78.5",
            "count": 13,
            "created_time": "2025-03-21T20:38:48.914536Z",
            "yes_price": 36,
            "no_price": 64,
            "taker_side": "yes"
        },
        {
            "trade_id": "cef9cff5-4263-45f8-81a0-120b5f58f091",
            "ticker": "KXHIGHAUS-25MAR21-B78.5",
            "count": 1,
            "created_time": "2025-03-21T20:13:57.781782Z",
            "yes_price": 38,
            "no_price": 62,
            "taker_side": "yes"
        },
        {
            "trade_id": "93e8ab4a-429d-4b03-8372-93ee76b4c3d5",
            "ticker": "KXHIGHAUS-25MAR21-B78.5",
            "count": 1,
            "created_time": "2025-03-21T20:12:15.800066Z",
            "yes_price": 37,
            "no_price": 63,
            "taker_side": "yes"
        },
        {
            "trade_id": "35cc6944-2855-4d7f-ac12-11c316af66b6",
            "ticker": "KXHIGHAUS-25MAR21-B78.5",
            "count": 1,
            "created_time": "2025-03-21T20:12:15.800066Z",
            "yes_price": 36,
            "no_price": 64,
            "taker_side": "yes"
        },
        {
            "trade_id": "7489606f-a02c-46a9-91bc-38594bf057ed",
            "ticker": "KXHIGHAUS-25MAR21-B78.5",
            "count": 19,
            "created_time": "2025-03-21T20:08:59.577713Z",
            "yes_price": 27,
            "no_price": 73,
            "taker_side": "no"
        },
        {
            "trade_id": "e5658905-c495-4615-a9a4-bfb8547acb5b",
            "ticker": "KXHIGHAUS-25MAR21-B78.5",
            "count": 1,
            "created_time": "2025-03-21T20:08:42.419215Z",
            "yes_price": 31,
            "no_price": 69,
            "taker_side": "no"
        },
        {
            "trade_id": "d585c91b-9941-4590-ad97-022c2d32bf2b",
            "ticker": "KXHIGHAUS-25MAR21-B78.5",
            "count": 1,
            "created_time": "2025-03-21T20:08:42.419215Z",
            "yes_price": 27,
            "no_price": 73,
            "taker_side": "no"
        },
        {
            "trade_id": "ccf892ac-db17-4b4b-b412-81c4a3d26c2b",
            "ticker": "KXHIGHAUS-25MAR21-B78.5",
            "count": 1,
            "created_time": "2025-03-21T20:08:42.419215Z",
            "yes_price": 32,
            "no_price": 68,
            "taker_side": "no"
        },
        {
            "trade_id": "c1216dc3-d067-4907-8f9d-c813a5d1ee6a",
            "ticker": "KXHIGHAUS-25MAR21-B78.5",
            "count": 1,
            "created_time": "2025-03-21T20:08:42.419215Z",
            "yes_price": 28,
            "no_price": 72,
            "taker_side": "no"
        },
        {
            "trade_id": "4a8dddd7-7fab-4785-9a9f-e3e0cff9b2d7",
            "ticker": "KXHIGHAUS-25MAR21-B78.5",
            "count": 1,
            "created_time": "2025-03-21T20:08:42.419215Z",
            "yes_price": 29,
            "no_price": 71,
            "taker_side": "no"
        },
        {
            "trade_id": "3bd44983-df32-427a-89e5-d57976ae2821",
            "ticker": "KXHIGHAUS-25MAR21-B78.5",
            "count": 1,
            "created_time": "2025-03-21T20:08:42.419215Z",
            "yes_price": 30,
            "no_price": 70,
            "taker_side": "no"
        },
        {
            "trade_id": "00e1bc51-e200-4f6e-b48e-2eb3a25e9bbf",
            "ticker": "KXHIGHAUS-25MAR21-B78.5",
            "count": 14,
            "created_time": "2025-03-21T20:08:42.419215Z",
            "yes_price": 27,
            "no_price": 73,
            "taker_side": "no"
        },
        {
            "trade_id": "7b5786e5-fb83-4981-bd87-abf179fa8a26",
            "ticker": "KXHIGHAUS-25MAR21-B78.5",
            "count": 1,
            "created_time": "2025-03-21T20:06:12.431727Z",
            "yes_price": 36,
            "no_price": 64,
            "taker_side": "yes"
        },
        {
            "trade_id": "243f6a4e-bc96-452d-8480-276be8cdd1e9",
            "ticker": "KXHIGHAUS-25MAR21-B78.5",
            "count": 1,
            "created_time": "2025-03-21T20:06:12.431727Z",
            "yes_price": 35,
            "no_price": 65,
            "taker_side": "yes"
        },
        {
            "trade_id": "97643c4b-db5d-42bf-b346-7e81964348c2",
            "ticker": "KXHIGHAUS-25MAR21-B78.5",
            "count": 1,
            "created_time": "2025-03-21T20:05:54.623552Z",
            "yes_price": 32,
            "no_price": 68,
            "taker_side": "no"
        },
        {
            "trade_id": "1fc4a7e1-68c7-49a7-bdd3-9f460e5b7112",
            "ticker": "KXHIGHAUS-25MAR21-B78.5",
            "count": 1,
            "created_time": "2025-03-21T20:05:16.535302Z",
            "yes_price": 34,
            "no_price": 66,
            "taker_side": "yes"
        },
        {
            "trade_id": "6a4c8767-2a1c-41a4-98b0-36b05226acf2",
            "ticker": "KXHIGHAUS-25MAR21-B78.5",
            "count": 2,
            "created_time": "2025-03-21T19:57:46.331924Z",
            "yes_price": 39,
            "no_price": 61,
            "taker_side": "yes"
        },
        {
            "trade_id": "fdedabed-0139-4e9f-bf3e-1646e89d3b3e",
            "ticker": "KXHIGHAUS-25MAR21-B78.5",
            "count": 1,
            "created_time": "2025-03-21T19:57:32.580939Z",
            "yes_price": 31,
            "no_price": 69,
            "taker_side": "yes"
        },
        {
            "trade_id": "fa61259c-384e-4899-9c44-b36fd12d7a3f",
            "ticker": "KXHIGHAUS-25MAR21-B78.5",
            "count": 1,
            "created_time": "2025-03-21T19:57:32.580939Z",
            "yes_price": 39,
            "no_price": 61,
            "taker_side": "yes"
        },
        {
            "trade_id": "f43af1d1-2312-4d48-8ba5-172a474bd22d",
            "ticker": "KXHIGHAUS-25MAR21-B78.5",
            "count": 1,
            "created_time": "2025-03-21T19:57:32.580939Z",
            "yes_price": 32,
            "no_price": 68,
            "taker_side": "yes"
        },
        {
            "trade_id": "d4dfee5e-b932-4875-84a0-c1b5097cd974",
            "ticker": "KXHIGHAUS-25MAR21-B78.5",
            "count": 1,
            "created_time": "2025-03-21T19:57:32.580939Z",
            "yes_price": 33,
            "no_price": 67,
            "taker_side": "yes"
        },
        {
            "trade_id": "ce7e5f86-9fe1-4387-afc8-c068c9c382cb",
            "ticker": "KXHIGHAUS-25MAR21-B78.5",
            "count": 1,
            "created_time": "2025-03-21T19:57:32.580939Z",
            "yes_price": 34,
            "no_price": 66,
            "taker_side": "yes"
        },
        {
            "trade_id": "b4dbd4f1-7917-4afe-9884-1be93b52043d",
            "ticker": "KXHIGHAUS-25MAR21-B78.5",
            "count": 5,
            "created_time": "2025-03-21T19:57:32.580939Z",
            "yes_price": 38,
            "no_price": 62,
            "taker_side": "yes"
        },
        {
            "trade_id": "9042513f-fcb7-4885-9335-d1eb4206bae7",
            "ticker": "KXHIGHAUS-25MAR21-B78.5",
            "count": 1,
            "created_time": "2025-03-21T19:57:32.580939Z",
            "yes_price": 34,
            "no_price": 66,
            "taker_side": "yes"
        },
        {
            "trade_id": "8cc37cc7-14f4-4227-b360-392591944e9f",
            "ticker": "KXHIGHAUS-25MAR21-B78.5",
            "count": 15,
            "created_time": "2025-03-21T19:57:32.580939Z",
            "yes_price": 34,
            "no_price": 66,
            "taker_side": "yes"
        },
        {
            "trade_id": "879bd5eb-eb66-4f81-a018-0a0f4e07d17d",
            "ticker": "KXHIGHAUS-25MAR21-B78.5",
            "count": 1,
            "created_time": "2025-03-21T19:57:32.580939Z",
            "yes_price": 39,
            "no_price": 61,
            "taker_side": "yes"
        },
        {
            "trade_id": "cbf78647-24cf-4ab1-b859-4d0a3a7fdaf3",
            "ticker": "KXHIGHAUS-25MAR21-B78.5",
            "count": 1,
            "created_time": "2025-03-21T19:56:49.548189Z",
            "yes_price": 29,
            "no_price": 71,
            "taker_side": "no"
        },
        {
            "trade_id": "71215fca-1d08-46d8-aa67-38c43837eacd",
            "ticker": "KXHIGHAUS-25MAR21-B78.5",
            "count": 1,
            "created_time": "2025-03-21T19:50:21.099306Z",
            "yes_price": 33,
            "no_price": 67,
            "taker_side": "yes"
        },
        {
            "trade_id": "e625594f-81b1-4837-a9b1-7c82cdc3926f",
            "ticker": "KXHIGHAUS-25MAR21-B78.5",
            "count": 1,
            "created_time": "2025-03-21T19:49:16.567096Z",
            "yes_price": 33,
            "no_price": 67,
            "taker_side": "yes"
        },
        {
            "trade_id": "c9b38e78-5f8c-4a71-8d02-b59006a55535",
            "ticker": "KXHIGHAUS-25MAR21-B78.5",
            "count": 1,
            "created_time": "2025-03-21T19:47:18.597677Z",
            "yes_price": 25,
            "no_price": 75,
            "taker_side": "no"
        },
        {
            "trade_id": "d6ff18af-d0c0-4f6b-8206-a00c0d606034",
            "ticker": "KXHIGHAUS-25MAR21-B78.5",
            "count": 19,
            "created_time": "2025-03-21T19:43:13.470304Z",
            "yes_price": 26,
            "no_price": 74,
            "taker_side": "no"
        },
        {
            "trade_id": "b35f77ad-9cbc-4134-9d08-1607a79c6a38",
            "ticker": "KXHIGHAUS-25MAR21-B78.5",
            "count": 13,
            "created_time": "2025-03-21T19:33:56.648576Z",
            "yes_price": 31,
            "no_price": 69,
            "taker_side": "yes"
        },
        {
            "trade_id": "a30a56d8-7baa-4d7d-a1e9-dca95fae17d1",
            "ticker": "KXHIGHAUS-25MAR21-B78.5",
            "count": 56,
            "created_time": "2025-03-21T19:33:56.648576Z",
            "yes_price": 34,
            "no_price": 66,
            "taker_side": "yes"
        },
        {
            "trade_id": "8bcd6fdb-3684-451c-a593-87568bee49e6",
            "ticker": "KXHIGHAUS-25MAR21-B78.5",
            "count": 1,
            "created_time": "2025-03-21T19:33:56.648576Z",
            "yes_price": 32,
            "no_price": 68,
            "taker_side": "yes"
        },
        {
            "trade_id": "711d34dd-2a31-4a52-ae13-4688573f2f78",
            "ticker": "KXHIGHAUS-25MAR21-B78.5",
            "count": 249,
            "created_time": "2025-03-21T19:33:56.648576Z",
            "yes_price": 33,
            "no_price": 67,
            "taker_side": "yes"
        },
        {
            "trade_id": "5527b00b-b2b1-4c4d-9d75-689d9525cbe0",
            "ticker": "KXHIGHAUS-25MAR21-B78.5",
            "count": 25,
            "created_time": "2025-03-21T19:33:56.648576Z",
            "yes_price": 32,
            "no_price": 68,
            "taker_side": "yes"
        },
        {
            "trade_id": "4818547b-f1da-4543-9fe0-8865c44ce137",
            "ticker": "KXHIGHAUS-25MAR21-B78.5",
            "count": 500,
            "created_time": "2025-03-21T19:33:56.648576Z",
            "yes_price": 34,
            "no_price": 66,
            "taker_side": "yes"
        },
        {
            "trade_id": "37b154b9-7d8a-4787-bb35-b4a76d6fd18a",
            "ticker": "KXHIGHAUS-25MAR21-B78.5",
            "count": 1,
            "created_time": "2025-03-21T19:33:56.648576Z",
            "yes_price": 31,
            "no_price": 69,
            "taker_side": "yes"
        },
        {
            "trade_id": "99b69566-d85f-4dae-80ab-79372a17a492",
            "ticker": "KXHIGHAUS-25MAR21-B78.5",
            "count": 7,
            "created_time": "2025-03-21T19:16:16.062694Z",
            "yes_price": 27,
            "no_price": 73,
            "taker_side": "no"
        },
        {
            "trade_id": "4d3a0529-60c3-4893-804f-d0a777989d3f",
            "ticker": "KXHIGHAUS-25MAR21-B78.5",
            "count": 1,
            "created_time": "2025-03-21T19:15:24.172548Z",
            "yes_price": 31,
            "no_price": 69,
            "taker_side": "no"
        },
        {
            "trade_id": "4e914075-da2e-412f-969d-90b0943bebc1",
            "ticker": "KXHIGHAUS-25MAR21-B78.5",
            "count": 15,
            "created_time": "2025-03-21T19:10:38.767733Z",
            "yes_price": 30,
            "no_price": 70,
            "taker_side": "no"
        },
        {
            "trade_id": "fcfb51f3-6855-4496-a650-6ca79ab4074c",
            "ticker": "KXHIGHAUS-25MAR21-B78.5",
            "count": 1,
            "created_time": "2025-03-21T19:09:24.184065Z",
            "yes_price": 27,
            "no_price": 73,
            "taker_side": "no"
        },
        {
            "trade_id": "fcec16a5-8129-4d78-89fd-da802d80d1ad",
            "ticker": "KXHIGHAUS-25MAR21-B78.5",
            "count": 5,
            "created_time": "2025-03-21T19:09:24.184065Z",
            "yes_price": 8,
            "no_price": 92,
            "taker_side": "no"
        },
        {
            "trade_id": "fc0f827b-0b00-4182-b992-06c4387f8bc2",
            "ticker": "KXHIGHAUS-25MAR21-B78.5",
            "count": 8,
            "created_time": "2025-03-21T19:09:24.184065Z",
            "yes_price": 22,
            "no_price": 78,
            "taker_side": "no"
        },
        {
            "trade_id": "fa7fd371-5624-41d2-b60f-a3c05e8dbb5d",
            "ticker": "KXHIGHAUS-25MAR21-B78.5",
            "count": 50,
            "created_time": "2025-03-21T19:09:24.184065Z",
            "yes_price": 16,
            "no_price": 84,
            "taker_side": "no"
        },
        {
            "trade_id": "c7049c68-cb1d-4651-b2d5-84ff926b78de",
            "ticker": "KXHIGHAUS-25MAR21-B78.5",
            "count": 1,
            "created_time": "2025-03-21T19:09:24.184065Z",
            "yes_price": 16,
            "no_price": 84,
            "taker_side": "no"
        },
        {
            "trade_id": "c082fb0a-b678-4274-bb74-78a8105b336d",
            "ticker": "KXHIGHAUS-25MAR21-B78.5",
            "count": 50,
            "created_time": "2025-03-21T19:09:24.184065Z",
            "yes_price": 6,
            "no_price": 94,
            "taker_side": "no"
        },
        {
            "trade_id": "9c0d2782-17d0-43eb-a7af-57b47e99458e",
            "ticker": "KXHIGHAUS-25MAR21-B78.5",
            "count": 1,
            "created_time": "2025-03-21T19:09:24.184065Z",
            "yes_price": 26,
            "no_price": 74,
            "taker_side": "no"
        },
        {
            "trade_id": "90feedfc-7d6c-4e91-93e1-cbb10ff0213b",
            "ticker": "KXHIGHAUS-25MAR21-B78.5",
            "count": 249,
            "created_time": "2025-03-21T19:09:24.184065Z",
            "yes_price": 23,
            "no_price": 77,
            "taker_side": "no"
        },
        {
            "trade_id": "889a86ea-2807-4e77-8abe-0777621c89af",
            "ticker": "KXHIGHAUS-25MAR21-B78.5",
            "count": 1,
            "created_time": "2025-03-21T19:09:24.184065Z",
            "yes_price": 28,
            "no_price": 72,
            "taker_side": "no"
        },
        {
            "trade_id": "77438dc9-917b-4cc0-a524-5b236571639a",
            "ticker": "KXHIGHAUS-25MAR21-B78.5",
            "count": 14,
            "created_time": "2025-03-21T19:09:24.184065Z",
            "yes_price": 17,
            "no_price": 83,
            "taker_side": "no"
        },
        {
            "trade_id": "760df5d5-ab13-40e1-b695-5ba62052cdca",
            "ticker": "KXHIGHAUS-25MAR21-B78.5",
            "count": 3,
            "created_time": "2025-03-21T19:09:24.184065Z",
            "yes_price": 24,
            "no_price": 76,
            "taker_side": "no"
        },
        {
            "trade_id": "47d95da9-bbac-4e56-b0ac-6f040e43b718",
            "ticker": "KXHIGHAUS-25MAR21-B78.5",
            "count": 1,
            "created_time": "2025-03-21T19:09:24.184065Z",
            "yes_price": 7,
            "no_price": 93,
            "taker_side": "no"
        },
        {
            "trade_id": "1a232655-04ea-4e1e-989d-7f4eb247fe4a",
            "ticker": "KXHIGHAUS-25MAR21-B78.5",
            "count": 300,
            "created_time": "2025-03-21T19:09:24.184065Z",
            "yes_price": 7,
            "no_price": 93,
            "taker_side": "no"
        },
        {
            "trade_id": "0a84f36a-697f-44b6-a8e0-3c11cd402275",
            "ticker": "KXHIGHAUS-25MAR21-B78.5",
            "count": 100,
            "created_time": "2025-03-21T19:09:24.184065Z",
            "yes_price": 25,
            "no_price": 75,
            "taker_side": "no"
        },
        {
            "trade_id": "00df3abb-8ae8-4791-ae3a-056e31620f7b",
            "ticker": "KXHIGHAUS-25MAR21-B78.5",
            "count": 48,
            "created_time": "2025-03-21T19:09:24.184065Z",
            "yes_price": 4,
            "no_price": 96,
            "taker_side": "no"
        },
        {
            "trade_id": "d3f3730e-d7ca-4649-99a0-35cecf99df7f",
            "ticker": "KXHIGHAUS-25MAR21-B78.5",
            "count": 1,
            "created_time": "2025-03-21T19:07:52.16802Z",
            "yes_price": 32,
            "no_price": 68,
            "taker_side": "yes"
        },
        {
            "trade_id": "90f81dc9-cb39-4786-afd6-eab4e6c7faa5",
            "ticker": "KXHIGHAUS-25MAR21-B78.5",
            "count": 1,
            "created_time": "2025-03-21T19:07:52.16802Z",
            "yes_price": 34,
            "no_price": 66,
            "taker_side": "yes"
        },
        {
            "trade_id": "76437b2b-5e55-4f3e-a314-0f78387c7441",
            "ticker": "KXHIGHAUS-25MAR21-B78.5",
            "count": 1,
            "created_time": "2025-03-21T19:07:52.16802Z",
            "yes_price": 33,
            "no_price": 67,
            "taker_side": "yes"
        },
        {
            "trade_id": "6b4b81da-d6b4-430a-ab43-c46f6d2c07f3",
            "ticker": "KXHIGHAUS-25MAR21-B78.5",
            "count": 1,
            "created_time": "2025-03-21T19:01:46.124312Z",
            "yes_price": 36,
            "no_price": 64,
            "taker_side": "yes"
        },
        {
            "trade_id": "7b516bbc-6230-4c78-9bed-c86c4de5b541",
            "ticker": "KXHIGHAUS-25MAR21-B78.5",
            "count": 3,
            "created_time": "2025-03-21T18:46:47.849082Z",
            "yes_price": 38,
            "no_price": 62,
            "taker_side": "yes"
        },
        {
            "trade_id": "3bbdc7d8-f0bf-469d-9b27-2a8d92e5b4d1",
            "ticker": "KXHIGHAUS-25MAR21-B78.5",
            "count": 4,
            "created_time": "2025-03-21T18:46:47.849082Z",
            "yes_price": 38,
            "no_price": 62,
            "taker_side": "yes"
        },
        {
            "trade_id": "a1a07387-d979-467b-8582-854eb60a5841",
            "ticker": "KXHIGHAUS-25MAR21-B78.5",
            "count": 1,
            "created_time": "2025-03-21T18:46:00.653425Z",
            "yes_price": 38,
            "no_price": 62,
            "taker_side": "yes"
        },
        {
            "trade_id": "18c4e4b8-6d6a-4fe8-9650-79fee0cba428",
            "ticker": "KXHIGHAUS-25MAR21-B78.5",
            "count": 19,
            "created_time": "2025-03-21T18:45:38.520252Z",
            "yes_price": 24,
            "no_price": 76,
            "taker_side": "no"
        },
        {
            "trade_id": "e6c6080c-a7cb-4052-a8f0-35fd50a3bff0",
            "ticker": "KXHIGHAUS-25MAR21-B78.5",
            "count": 200,
            "created_time": "2025-03-21T18:28:49.72432Z",
            "yes_price": 25,
            "no_price": 75,
            "taker_side": "no"
        },
        {
            "trade_id": "d35f41cb-552e-4972-8aa4-06d6318ee63f",
            "ticker": "KXHIGHAUS-25MAR21-B78.5",
            "count": 1,
            "created_time": "2025-03-21T18:28:49.72432Z",
            "yes_price": 29,
            "no_price": 71,
            "taker_side": "no"
        },
        {
            "trade_id": "d01d1111-0aaa-48ed-9596-f6c49b97d85e",
            "ticker": "KXHIGHAUS-25MAR21-B78.5",
            "count": 192,
            "created_time": "2025-03-21T18:28:49.72432Z",
            "yes_price": 22,
            "no_price": 78,
            "taker_side": "no"
        },
        {
            "trade_id": "c305a7fa-e227-40ac-9c28-e8fbe6b20cc2",
            "ticker": "KXHIGHAUS-25MAR21-B78.5",
            "count": 1,
            "created_time": "2025-03-21T18:28:49.72432Z",
            "yes_price": 40,
            "no_price": 60,
            "taker_side": "no"
        },
        {
            "trade_id": "b13385e4-53c3-45f3-97c2-a6e3143acecc",
            "ticker": "KXHIGHAUS-25MAR21-B78.5",
            "count": 1,
            "created_time": "2025-03-21T18:28:49.72432Z",
            "yes_price": 34,
            "no_price": 66,
            "taker_side": "no"
        },
        {
            "trade_id": "ac2e8312-6089-4a03-aead-82f9d2ddfb67",
            "ticker": "KXHIGHAUS-25MAR21-B78.5",
            "count": 12,
            "created_time": "2025-03-21T18:28:49.72432Z",
            "yes_price": 23,
            "no_price": 77,
            "taker_side": "no"
        },
        {
            "trade_id": "a87c9fee-b06f-41d4-b380-5bc5b07b7064",
            "ticker": "KXHIGHAUS-25MAR21-B78.5",
            "count": 1,
            "created_time": "2025-03-21T18:28:49.72432Z",
            "yes_price": 39,
            "no_price": 61,
            "taker_side": "no"
        },
        {
            "trade_id": "8f127e39-ea72-4ca2-9fd1-775de945a2ba",
            "ticker": "KXHIGHAUS-25MAR21-B78.5",
            "count": 1,
            "created_time": "2025-03-21T18:28:49.72432Z",
            "yes_price": 27,
            "no_price": 73,
            "taker_side": "no"
        },
        {
            "trade_id": "8ae3dc78-357c-4f4a-8fad-77f88f639141",
            "ticker": "KXHIGHAUS-25MAR21-B78.5",
            "count": 1,
            "created_time": "2025-03-21T18:28:49.72432Z",
            "yes_price": 36,
            "no_price": 64,
            "taker_side": "no"
        },
        {
            "trade_id": "7ac72341-0090-4768-a9cd-ae97a984f851",
            "ticker": "KXHIGHAUS-25MAR21-B78.5",
            "count": 1,
            "created_time": "2025-03-21T18:28:49.72432Z",
            "yes_price": 30,
            "no_price": 70,
            "taker_side": "no"
        },
        {
            "trade_id": "779b8022-4c89-4d54-b94a-d4a92d734aae",
            "ticker": "KXHIGHAUS-25MAR21-B78.5",
            "count": 1,
            "created_time": "2025-03-21T18:28:49.72432Z",
            "yes_price": 32,
            "no_price": 68,
            "taker_side": "no"
        },
        {
            "trade_id": "6b278460-a3ba-4899-8055-3b93e65a66bf",
            "ticker": "KXHIGHAUS-25MAR21-B78.5",
            "count": 249,
            "created_time": "2025-03-21T18:28:49.72432Z",
            "yes_price": 26,
            "no_price": 74,
            "taker_side": "no"
        },
        {
            "trade_id": "5dda479a-c102-4327-8523-ccafd4fd9528",
            "ticker": "KXHIGHAUS-25MAR21-B78.5",
            "count": 8,
            "created_time": "2025-03-21T18:28:49.72432Z",
            "yes_price": 27,
            "no_price": 73,
            "taker_side": "no"
        },
        {
            "trade_id": "577e15b6-341b-4c4d-bda5-1b7066c4023b",
            "ticker": "KXHIGHAUS-25MAR21-B78.5",
            "count": 2,
            "created_time": "2025-03-21T18:28:49.72432Z",
            "yes_price": 35,
            "no_price": 65,
            "taker_side": "no"
        },
        {
            "trade_id": "3f8b82c5-83bc-46ce-bd56-2a075a1cff2f",
            "ticker": "KXHIGHAUS-25MAR21-B78.5",
            "count": 1,
            "created_time": "2025-03-21T18:28:49.72432Z",
            "yes_price": 38,
            "no_price": 62,
            "taker_side": "no"
        },
        {
            "trade_id": "0a9f7865-131a-4702-9cd8-904e143dfda0",
            "ticker": "KXHIGHAUS-25MAR21-B78.5",
            "count": 1,
            "created_time": "2025-03-21T18:28:49.72432Z",
            "yes_price": 37,
            "no_price": 63,
            "taker_side": "no"
        },
        {
            "trade_id": "40bbc43a-4cde-41d1-ab9c-c0e517da780b",
            "ticker": "KXHIGHAUS-25MAR21-B78.5",
            "count": 1,
            "created_time": "2025-03-21T18:21:02.27106Z",
            "yes_price": 43,
            "no_price": 57,
            "taker_side": "yes"
        },
        {
            "trade_id": "fb7e270b-b86d-4b1b-83bb-5121eebf7fbd",
            "ticker": "KXHIGHAUS-25MAR21-B78.5",
            "count": 1,
            "created_time": "2025-03-21T18:14:19.604119Z",
            "yes_price": 29,
            "no_price": 71,
            "taker_side": "no"
        },
        {
            "trade_id": "ee49017d-28ea-4690-abe0-3901ed7ff7c4",
            "ticker": "KXHIGHAUS-25MAR21-B78.5",
            "count": 1,
            "created_time": "2025-03-21T18:14:19.604119Z",
            "yes_price": 30,
            "no_price": 70,
            "taker_side": "no"
        },
        {
            "trade_id": "e7335a53-955e-43e8-879e-5a10f3893df4",
            "ticker": "KXHIGHAUS-25MAR21-B78.5",
            "count": 1,
            "created_time": "2025-03-21T18:14:19.604119Z",
            "yes_price": 36,
            "no_price": 64,
