{
    "KXHIGHAUS-25MAR27-T67": [
        {
            "trade_id": "8352e695-30e6-4ae9-bfac-a64db2b3d44e",
            "ticker": "KXHIGHAUS-25MAR27-T67",
            "count": 1000,
            "created_time": "2025-03-27T19:22:53.42942Z",
            "yes_price": 1,
            "no_price": 99,
            "taker_side": "yes"
        },
        {
            "trade_id": "c464cb34-dc6c-483f-855f-a4ef199a82b1",
            "ticker": "KXHIGHAUS-25MAR27-T67",
            "count": 420,
            "created_time": "2025-03-27T17:42:14.774919Z",
            "yes_price": 1,
            "no_price": 99,
            "taker_side": "yes"
        },
        {
            "trade_id": "b243e3dd-6c60-4819-a82a-541a4d5d6074",
            "ticker": "KXHIGHAUS-25MAR27-T67",
            "count": 187,
            "created_time": "2025-03-27T17:27:56.838664Z",
            "yes_price": 1,
            "no_price": 99,
            "taker_side": "yes"
        },
        {
            "trade_id": "2f33a493-a771-4640-a65b-1daa484b651a",
            "ticker": "KXHIGHAUS-25MAR27-T67",
            "count": 41,
            "created_time": "2025-03-27T17:09:29.992909Z",
            "yes_price": 1,
            "no_price": 99,
            "taker_side": "yes"
        },
        {
            "trade_id": "60244330-b6ea-440f-938b-68c770d5815d",
            "ticker": "KXHIGHAUS-25MAR27-T67",
            "count": 95,
            "created_time": "2025-03-27T17:08:43.656866Z",
            "yes_price": 1,
            "no_price": 99,
            "taker_side": "yes"
        },
        {
            "trade_id": "b45fef2f-db7f-4272-8db0-941759046595",
            "ticker": "KXHIGHAUS-25MAR27-T67",
            "count": 20,
            "created_time": "2025-03-27T16:29:35.352353Z",
            "yes_price": 1,
            "no_price": 99,
            "taker_side": "yes"
        },
        {
            "trade_id": "4bb16e33-3e75-435a-9457-b0a498971008",
            "ticker": "KXHIGHAUS-25MAR27-T67",
            "count": 66,
            "created_time": "2025-03-27T16:18:40.705313Z",
            "yes_price": 1,
            "no_price": 99,
            "taker_side": "yes"
        },
        {
            "trade_id": "c3a1f789-0e04-4f22-9e59-e648425be5b0",
            "ticker": "KXHIGHAUS-25MAR27-T67",
            "count": 762,
            "created_time": "2025-03-27T16:12:10.663989Z",
            "yes_price": 1,
            "no_price": 99,
            "taker_side": "yes"
        },
        {
            "trade_id": "f28aedb5-f0e9-494a-944d-2f911d2dfd8a",
            "ticker": "KXHIGHAUS-25MAR27-T67",
            "count": 300,
            "created_time": "2025-03-27T16:10:37.271253Z",
            "yes_price": 3,
            "no_price": 97,
            "taker_side": "no"
        },
        {
            "trade_id": "d92817b9-badd-4d0c-9e56-f31fba479130",
            "ticker": "KXHIGHAUS-25MAR27-T67",
            "count": 299,
            "created_time": "2025-03-27T16:10:37.271253Z",
            "yes_price": 3,
            "no_price": 97,
            "taker_side": "no"
        },
        {
            "trade_id": "d84e2aef-2719-4e6f-8a77-d65b3523ee2b",
            "ticker": "KXHIGHAUS-25MAR27-T67",
            "count": 50,
            "created_time": "2025-03-27T16:10:37.271253Z",
            "yes_price": 3,
            "no_price": 97,
            "taker_side": "no"
        },
        {
            "trade_id": "c9e1f924-a016-4180-ad31-0434b8624c71",
            "ticker": "KXHIGHAUS-25MAR27-T67",
            "count": 355,
            "created_time": "2025-03-27T16:10:37.271253Z",
            "yes_price": 3,
            "no_price": 97,
            "taker_side": "no"
        },
        {
            "trade_id": "8b6932d0-0c74-45ff-9b3e-8fae46bebc73",
            "ticker": "KXHIGHAUS-25MAR27-T67",
            "count": 150,
            "created_time": "2025-03-27T16:10:37.271253Z",
            "yes_price": 1,
            "no_price": 99,
            "taker_side": "no"
        },
        {
            "trade_id": "88c3de75-bc87-4462-94b6-dcf037e6c1ed",
            "ticker": "KXHIGHAUS-25MAR27-T67",
            "count": 41,
            "created_time": "2025-03-27T16:10:37.271253Z",
            "yes_price": 5,
            "no_price": 95,
            "taker_side": "no"
        },
        {
            "trade_id": "4d679295-49dd-4cd4-8d37-68071523a536",
            "ticker": "KXHIGHAUS-25MAR27-T67",
            "count": 46,
            "created_time": "2025-03-27T16:10:37.271253Z",
            "yes_price": 6,
            "no_price": 94,
            "taker_side": "no"
        },
        {
            "trade_id": "47ae5073-e318-426b-be9a-8460c87105cd",
            "ticker": "KXHIGHAUS-25MAR27-T67",
            "count": 100,
            "created_time": "2025-03-27T16:10:37.271253Z",
            "yes_price": 1,
            "no_price": 99,
            "taker_side": "no"
        },
        {
            "trade_id": "250bf685-2cc6-4ae6-a9a4-71552e1e337c",
            "ticker": "KXHIGHAUS-25MAR27-T67",
            "count": 50,
            "created_time": "2025-03-27T16:10:37.271253Z",
            "yes_price": 3,
            "no_price": 97,
            "taker_side": "no"
        },
        {
            "trade_id": "0adbe0c4-bc72-4e40-a109-f85eaf037018",
            "ticker": "KXHIGHAUS-25MAR27-T67",
            "count": 50,
            "created_time": "2025-03-27T16:10:37.271253Z",
            "yes_price": 5,
            "no_price": 95,
            "taker_side": "no"
        },
        {
            "trade_id": "090262be-c9b7-40f6-a49c-88e3d24ec35b",
            "ticker": "KXHIGHAUS-25MAR27-T67",
            "count": 48,
            "created_time": "2025-03-27T16:10:37.271253Z",
            "yes_price": 1,
            "no_price": 99,
            "taker_side": "no"
        },
        {
            "trade_id": "aa75894e-fe55-47c6-a33e-eb0a69332864",
            "ticker": "KXHIGHAUS-25MAR27-T67",
            "count": 7,
            "created_time": "2025-03-27T16:09:24.781428Z",
            "yes_price": 6,
            "no_price": 94,
            "taker_side": "no"
        },
        {
            "trade_id": "0d7ff508-de37-442c-ae6a-68eced2ed2d0",
            "ticker": "KXHIGHAUS-25MAR27-T67",
            "count": 59,
            "created_time": "2025-03-27T16:09:24.781428Z",
            "yes_price": 5,
            "no_price": 95,
            "taker_side": "no"
        },
        {
            "trade_id": "b48abf2c-21e0-444c-a357-4d8c7f83d210",
            "ticker": "KXHIGHAUS-25MAR27-T67",
            "count": 1,
            "created_time": "2025-03-27T16:06:23.245596Z",
            "yes_price": 19,
            "no_price": 81,
            "taker_side": "yes"
        },
        {
            "trade_id": "62c45a5c-2859-4778-aec6-82b96e74f504",
            "ticker": "KXHIGHAUS-25MAR27-T67",
            "count": 25,
            "created_time": "2025-03-27T16:06:23.245596Z",
            "yes_price": 18,
            "no_price": 82,
            "taker_side": "yes"
        },
        {
            "trade_id": "e2da7950-6f20-41e9-8510-980774fb8c30",
            "ticker": "KXHIGHAUS-25MAR27-T67",
            "count": 18,
            "created_time": "2025-03-27T16:04:19.272171Z",
            "yes_price": 13,
            "no_price": 87,
            "taker_side": "no"
        },
        {
            "trade_id": "cc23e3c7-3b4c-4204-b0b2-a730d9d1b740",
            "ticker": "KXHIGHAUS-25MAR27-T67",
            "count": 50,
            "created_time": "2025-03-27T16:04:19.272171Z",
            "yes_price": 13,
            "no_price": 87,
            "taker_side": "no"
        },
        {
            "trade_id": "a9f129f5-d402-4d3b-863b-6c30911cf489",
            "ticker": "KXHIGHAUS-25MAR27-T67",
            "count": 17,
            "created_time": "2025-03-27T16:04:19.272171Z",
            "yes_price": 14,
            "no_price": 86,
            "taker_side": "no"
        },
        {
            "trade_id": "a9f02ab7-ae8d-40be-b370-2358a57d3729",
            "ticker": "KXHIGHAUS-25MAR27-T67",
            "count": 3,
            "created_time": "2025-03-27T16:04:19.272171Z",
            "yes_price": 20,
            "no_price": 80,
            "taker_side": "no"
        },
        {
            "trade_id": "a8a30e7d-ad12-45a0-81a3-48f66d631665",
            "ticker": "KXHIGHAUS-25MAR27-T67",
            "count": 50,
            "created_time": "2025-03-27T16:04:19.272171Z",
            "yes_price": 5,
            "no_price": 95,
            "taker_side": "no"
        },
        {
            "trade_id": "9e6ad12a-546f-4a81-87fa-35c54a88d53e",
            "ticker": "KXHIGHAUS-25MAR27-T67",
            "count": 8,
            "created_time": "2025-03-27T16:04:19.272171Z",
            "yes_price": 11,
            "no_price": 89,
            "taker_side": "no"
        },
        {
            "trade_id": "75a82dd5-dd2b-46ad-9996-9398e0e54300",
            "ticker": "KXHIGHAUS-25MAR27-T67",
            "count": 1,
            "created_time": "2025-03-27T16:04:19.272171Z",
            "yes_price": 19,
            "no_price": 81,
            "taker_side": "no"
        },
        {
            "trade_id": "5d05024d-309e-41f3-b645-99489e05a343",
            "ticker": "KXHIGHAUS-25MAR27-T67",
            "count": 250,
            "created_time": "2025-03-27T16:04:19.272171Z",
            "yes_price": 19,
            "no_price": 81,
            "taker_side": "no"
        },
        {
            "trade_id": "3900c70b-6cd0-4c9b-b75a-437163e263b6",
            "ticker": "KXHIGHAUS-25MAR27-T67",
            "count": 100,
            "created_time": "2025-03-27T16:04:19.272171Z",
            "yes_price": 10,
            "no_price": 90,
            "taker_side": "no"
        },
        {
            "trade_id": "35552606-2675-41a6-85d9-f097e451f7a4",
            "ticker": "KXHIGHAUS-25MAR27-T67",
            "count": 65,
            "created_time": "2025-03-27T16:04:19.272171Z",
            "yes_price": 4,
            "no_price": 96,
            "taker_side": "no"
        },
        {
            "trade_id": "16cb9a72-4e3a-4c83-8165-103841ab92fe",
            "ticker": "KXHIGHAUS-25MAR27-T67",
            "count": 200,
            "created_time": "2025-03-27T16:04:19.272171Z",
            "yes_price": 12,
            "no_price": 88,
            "taker_side": "no"
        },
        {
            "trade_id": "685bcb8c-d93c-4a5c-8033-adaa11021960",
            "ticker": "KXHIGHAUS-25MAR27-T67",
            "count": 15,
            "created_time": "2025-03-27T16:03:44.90571Z",
            "yes_price": 25,
            "no_price": 75,
            "taker_side": "yes"
        },
        {
            "trade_id": "14d19aeb-327b-4c3c-ba8e-916bea1fc449",
            "ticker": "KXHIGHAUS-25MAR27-T67",
            "count": 50,
            "created_time": "2025-03-27T16:03:44.90571Z",
            "yes_price": 23,
            "no_price": 77,
            "taker_side": "yes"
        },
        {
            "trade_id": "cfdba9a5-f020-4bad-8f4e-d2557c803e59",
            "ticker": "KXHIGHAUS-25MAR27-T67",
            "count": 7,
            "created_time": "2025-03-27T16:03:05.226211Z",
            "yes_price": 16,
            "no_price": 84,
            "taker_side": "no"
        },
        {
            "trade_id": "f098bf38-d7b4-4ab0-8f74-3f6e24a03e93",
            "ticker": "KXHIGHAUS-25MAR27-T67",
            "count": 299,
            "created_time": "2025-03-27T15:55:10.726299Z",
            "yes_price": 24,
            "no_price": 76,
            "taker_side": "yes"
        },
        {
            "trade_id": "cee60c06-b4d3-4676-914b-fc118059d173",
            "ticker": "KXHIGHAUS-25MAR27-T67",
            "count": 2,
            "created_time": "2025-03-27T15:55:10.726299Z",
            "yes_price": 24,
            "no_price": 76,
            "taker_side": "yes"
        },
        {
            "trade_id": "a097efe0-f8d4-459b-94a4-082fed32eb6c",
            "ticker": "KXHIGHAUS-25MAR27-T67",
            "count": 88,
            "created_time": "2025-03-27T15:55:10.726299Z",
            "yes_price": 25,
            "no_price": 75,
            "taker_side": "yes"
        },
        {
            "trade_id": "b6f5790b-86e5-4dc8-b255-10ae3e126e01",
            "ticker": "KXHIGHAUS-25MAR27-T67",
            "count": 30,
            "created_time": "2025-03-27T15:53:03.040863Z",
            "yes_price": 15,
            "no_price": 85,
            "taker_side": "yes"
        },
        {
            "trade_id": "749866fb-9e77-4dd6-9033-d7addc100e49",
            "ticker": "KXHIGHAUS-25MAR27-T67",
            "count": 10,
            "created_time": "2025-03-27T15:53:03.040863Z",
            "yes_price": 19,
            "no_price": 81,
            "taker_side": "yes"
        },
        {
            "trade_id": "65188b15-6a28-48a5-b685-5fc579859fdf",
            "ticker": "KXHIGHAUS-25MAR27-T67",
            "count": 30,
            "created_time": "2025-03-27T15:53:03.040863Z",
            "yes_price": 20,
            "no_price": 80,
            "taker_side": "yes"
        },
        {
            "trade_id": "794fd906-8812-46b3-8962-4b970366c969",
            "ticker": "KXHIGHAUS-25MAR27-T67",
            "count": 15,
            "created_time": "2025-03-27T15:49:58.806476Z",
            "yes_price": 17,
            "no_price": 83,
            "taker_side": "no"
        },
        {
            "trade_id": "5a438233-b4c3-4dc5-81c9-6df2069c8485",
            "ticker": "KXHIGHAUS-25MAR27-T67",
            "count": 1,
            "created_time": "2025-03-27T15:49:58.806476Z",
            "yes_price": 16,
            "no_price": 84,
            "taker_side": "no"
        },
        {
            "trade_id": "2c0137ee-b59c-432e-bd39-00f7283f071e",
            "ticker": "KXHIGHAUS-25MAR27-T67",
            "count": 460,
            "created_time": "2025-03-27T15:49:58.806476Z",
            "yes_price": 16,
            "no_price": 84,
            "taker_side": "no"
        },
        {
            "trade_id": "613cac88-e5b1-44ee-b3f6-354f908c3f89",
            "ticker": "KXHIGHAUS-25MAR27-T67",
            "count": 20,
            "created_time": "2025-03-27T15:48:16.422664Z",
            "yes_price": 16,
            "no_price": 84,
            "taker_side": "no"
        },
        {
            "trade_id": "f0ff0339-e92b-44a8-b068-d8ee5ee61c89",
            "ticker": "KXHIGHAUS-25MAR27-T67",
            "count": 155,
            "created_time": "2025-03-27T15:47:59.008162Z",
            "yes_price": 23,
            "no_price": 77,
            "taker_side": "yes"
        },
        {
            "trade_id": "562ea1d7-48b8-4fde-a198-76cc6e029ad5",
            "ticker": "KXHIGHAUS-25MAR27-T67",
            "count": 11,
            "created_time": "2025-03-27T15:47:59.008162Z",
            "yes_price": 22,
            "no_price": 78,
            "taker_side": "yes"
        },
        {
            "trade_id": "bc9fdd1f-0648-4bb4-bb84-eb4ddd8881e7",
            "ticker": "KXHIGHAUS-25MAR27-T67",
            "count": 1,
            "created_time": "2025-03-27T15:46:45.129467Z",
            "yes_price": 22,
            "no_price": 78,
            "taker_side": "yes"
        },
        {
            "trade_id": "70f51e86-3fdf-4510-b88e-04e5164ce677",
            "ticker": "KXHIGHAUS-25MAR27-T67",
            "count": 20,
            "created_time": "2025-03-27T15:46:31.907106Z",
            "yes_price": 15,
            "no_price": 85,
            "taker_side": "no"
        },
        {
            "trade_id": "7781dc18-2ff5-4c37-995b-6eb7a0d98780",
            "ticker": "KXHIGHAUS-25MAR27-T67",
            "count": 45,
            "created_time": "2025-03-27T15:45:00.787006Z",
            "yes_price": 15,
            "no_price": 85,
            "taker_side": "no"
        },
        {
            "trade_id": "b6ba6b94-9f90-4e4a-8ad4-8bc8eef544fb",
            "ticker": "KXHIGHAUS-25MAR27-T67",
            "count": 33,
            "created_time": "2025-03-27T15:44:50.4536Z",
            "yes_price": 20,
            "no_price": 80,
            "taker_side": "no"
        },
        {
            "trade_id": "501cdf60-b3dc-4eea-a448-0e484a2181e8",
            "ticker": "KXHIGHAUS-25MAR27-T67",
            "count": 12,
            "created_time": "2025-03-27T15:44:50.4536Z",
            "yes_price": 15,
            "no_price": 85,
            "taker_side": "no"
        },
        {
            "trade_id": "841a60c7-61e7-4856-a0d7-8af61ec857d2",
            "ticker": "KXHIGHAUS-25MAR27-T67",
            "count": 57,
            "created_time": "2025-03-27T15:44:36.616845Z",
            "yes_price": 20,
            "no_price": 80,
            "taker_side": "no"
        },
        {
            "trade_id": "46c2f25f-6a9f-4f29-a349-3da9a438c7fb",
            "ticker": "KXHIGHAUS-25MAR27-T67",
            "count": 5,
            "created_time": "2025-03-27T15:44:36.573971Z",
            "yes_price": 20,
            "no_price": 80,
            "taker_side": "no"
        },
        {
            "trade_id": "da6b4fd5-e990-486b-921c-dc060fb08b68",
            "ticker": "KXHIGHAUS-25MAR27-T67",
            "count": 14,
            "created_time": "2025-03-27T15:44:22.953883Z",
            "yes_price": 25,
            "no_price": 75,
            "taker_side": "yes"
        },
        {
            "trade_id": "4fbe311b-991f-4302-9aed-9410c63c7727",
            "ticker": "KXHIGHAUS-25MAR27-T67",
            "count": 15,
            "created_time": "2025-03-27T15:43:56.836603Z",
            "yes_price": 24,
            "no_price": 76,
            "taker_side": "yes"
        },
        {
            "trade_id": "3cbb3913-3c3c-41e1-bec1-b08f43cea6fe",
            "ticker": "KXHIGHAUS-25MAR27-T67",
            "count": 85,
            "created_time": "2025-03-27T15:43:56.836603Z",
            "yes_price": 25,
            "no_price": 75,
            "taker_side": "yes"
        },
        {
            "trade_id": "44d274ca-9e09-4e80-8d9e-ac0e96137f8a",
            "ticker": "KXHIGHAUS-25MAR27-T67",
            "count": 55,
            "created_time": "2025-03-27T15:43:16.830978Z",
            "yes_price": 20,
            "no_price": 80,
            "taker_side": "no"
        },
        {
            "trade_id": "e036defe-b62e-4e29-b7ba-94c2580d5950",
            "ticker": "KXHIGHAUS-25MAR27-T67",
            "count": 21,
            "created_time": "2025-03-27T15:37:14.121792Z",
            "yes_price": 24,
            "no_price": 76,
            "taker_side": "yes"
        },
        {
            "trade_id": "c3c6bfb0-4e5d-4477-93f3-d2cecfb08dab",
            "ticker": "KXHIGHAUS-25MAR27-T67",
            "count": 29,
            "created_time": "2025-03-27T15:37:14.121792Z",
            "yes_price": 25,
            "no_price": 75,
            "taker_side": "yes"
        },
        {
            "trade_id": "a1872565-7e36-4bcb-bcd4-acd8ea12a60e",
            "ticker": "KXHIGHAUS-25MAR27-T67",
            "count": 10,
            "created_time": "2025-03-27T15:27:50.258642Z",
            "yes_price": 21,
            "no_price": 79,
            "taker_side": "no"
        },
        {
            "trade_id": "d8bd2baa-9ce4-4621-b40c-b381b1b62158",
            "ticker": "KXHIGHAUS-25MAR27-T67",
            "count": 48,
            "created_time": "2025-03-27T15:27:44.563945Z",
            "yes_price": 21,
            "no_price": 79,
            "taker_side": "no"
        },
        {
            "trade_id": "797386bc-24cb-4fc1-9b68-421abd9e6faa",
            "ticker": "KXHIGHAUS-25MAR27-T67",
            "count": 3,
            "created_time": "2025-03-27T15:23:34.96723Z",
            "yes_price": 21,
            "no_price": 79,
            "taker_side": "yes"
        },
        {
            "trade_id": "b8541dc4-36b3-4a94-b320-f92000cb2181",
            "ticker": "KXHIGHAUS-25MAR27-T67",
            "count": 299,
            "created_time": "2025-03-27T15:23:34.271284Z",
            "yes_price": 21,
            "no_price": 79,
            "taker_side": "no"
        },
        {
            "trade_id": "946833e8-5e95-407c-aaf9-d8bafc30a401",
            "ticker": "KXHIGHAUS-25MAR27-T67",
            "count": 47,
            "created_time": "2025-03-27T15:23:34.271284Z",
            "yes_price": 22,
            "no_price": 78,
            "taker_side": "no"
        },
        {
            "trade_id": "13a466f2-9cc3-47d5-8256-9c6e630ef053",
            "ticker": "KXHIGHAUS-25MAR27-T67",
            "count": 6,
            "created_time": "2025-03-27T15:23:34.271284Z",
            "yes_price": 21,
            "no_price": 79,
            "taker_side": "no"
        },
        {
            "trade_id": "191e44e1-a677-4507-9d65-752a4ed68b76",
            "ticker": "KXHIGHAUS-25MAR27-T67",
            "count": 150,
            "created_time": "2025-03-27T15:22:59.524135Z",
            "yes_price": 25,
            "no_price": 75,
            "taker_side": "no"
        },
        {
            "trade_id": "6e7f2a55-90be-4152-a96b-3934b4e15d48",
            "ticker": "KXHIGHAUS-25MAR27-T67",
            "count": 149,
            "created_time": "2025-03-27T15:22:52.101701Z",
            "yes_price": 25,
            "no_price": 75,
            "taker_side": "no"
        },
        {
            "trade_id": "28a85fe5-62a4-4b13-bbae-48e4fca347ec",
            "ticker": "KXHIGHAUS-25MAR27-T67",
            "count": 51,
            "created_time": "2025-03-27T15:22:52.101701Z",
            "yes_price": 25,
            "no_price": 75,
            "taker_side": "no"
        },
        {
            "trade_id": "92e51836-1a7c-463e-a261-fab3f34b331f",
            "ticker": "KXHIGHAUS-25MAR27-T67",
            "count": 20,
            "created_time": "2025-03-27T15:22:19.532991Z",
            "yes_price": 36,
            "no_price": 64,
            "taker_side": "no"
        },
        {
            "trade_id": "ec168854-c0c7-418c-821a-b6742bdb77b1",
            "ticker": "KXHIGHAUS-25MAR27-T67",
            "count": 299,
            "created_time": "2025-03-27T15:10:03.546703Z",
            "yes_price": 40,
            "no_price": 60,
            "taker_side": "yes"
        },
        {
            "trade_id": "47dd3453-8797-4495-b622-edf1c0eafd61",
            "ticker": "KXHIGHAUS-25MAR27-T67",
            "count": 4,
            "created_time": "2025-03-27T15:10:03.546703Z",
            "yes_price": 39,
            "no_price": 61,
            "taker_side": "yes"
        },
        {
            "trade_id": "10ca67ee-0338-404e-889b-a15411ca7ed9",
            "ticker": "KXHIGHAUS-25MAR27-T67",
            "count": 1000,
            "created_time": "2025-03-27T15:10:03.546703Z",
            "yes_price": 40,
            "no_price": 60,
            "taker_side": "yes"
        },
        {
            "trade_id": "f1eebc92-8a85-43c9-90f1-920e7c310360",
            "ticker": "KXHIGHAUS-25MAR27-T67",
            "count": 50,
            "created_time": "2025-03-27T15:00:12.56312Z",
            "yes_price": 39,
            "no_price": 61,
            "taker_side": "yes"
        },
        {
            "trade_id": "a883fd80-d081-472f-a5af-22f3a86f0051",
            "ticker": "KXHIGHAUS-25MAR27-T67",
            "count": 72,
            "created_time": "2025-03-27T15:00:12.56312Z",
            "yes_price": 39,
            "no_price": 61,
            "taker_side": "yes"
        },
        {
            "trade_id": "ab97be42-bfba-40db-a946-7c401f941ec5",
            "ticker": "KXHIGHAUS-25MAR27-T67",
            "count": 211,
            "created_time": "2025-03-27T14:59:01.519951Z",
            "yes_price": 39,
            "no_price": 61,
            "taker_side": "yes"
        },
        {
            "trade_id": "88402ff3-0eb6-4165-ab73-e8491380190c",
            "ticker": "KXHIGHAUS-25MAR27-T67",
            "count": 4,
            "created_time": "2025-03-27T14:59:01.519951Z",
            "yes_price": 39,
            "no_price": 61,
            "taker_side": "yes"
        },
        {
            "trade_id": "436a1be2-f8e6-4713-8cf8-ba247282f24d",
            "ticker": "KXHIGHAUS-25MAR27-T67",
            "count": 15,
            "created_time": "2025-03-27T14:59:01.519951Z",
            "yes_price": 38,
            "no_price": 62,
            "taker_side": "yes"
        },
        {
            "trade_id": "33a95770-8318-4007-8507-44d05ac30b39",
            "ticker": "KXHIGHAUS-25MAR27-T67",
            "count": 8,
            "created_time": "2025-03-27T14:59:01.519951Z",
            "yes_price": 38,
            "no_price": 62,
            "taker_side": "yes"
        },
        {
            "trade_id": "20ec17b9-63f5-4f14-b0ff-80a83462766a",
            "ticker": "KXHIGHAUS-25MAR27-T67",
            "count": 6,
            "created_time": "2025-03-27T14:59:01.519951Z",
            "yes_price": 37,
            "no_price": 63,
            "taker_side": "yes"
        },
        {
            "trade_id": "ded21787-b483-49b0-87df-77adc75603af",
            "ticker": "KXHIGHAUS-25MAR27-T67",
            "count": 5,
            "created_time": "2025-03-27T14:33:53.931094Z",
            "yes_price": 36,
            "no_price": 64,
            "taker_side": "yes"
        },
        {
            "trade_id": "742eb7ea-8838-49bd-a420-833ddc20dbf3",
            "ticker": "KXHIGHAUS-25MAR27-T67",
            "count": 6,
            "created_time": "2025-03-27T14:28:46.448733Z",
            "yes_price": 17,
            "no_price": 83,
            "taker_side": "no"
        },
        {
            "trade_id": "6480df86-519f-455c-9926-ff22c271e74d",
            "ticker": "KXHIGHAUS-25MAR27-T67",
            "count": 10,
            "created_time": "2025-03-27T14:28:46.448733Z",
            "yes_price": 39,
            "no_price": 61,
            "taker_side": "no"
        },
        {
            "trade_id": "58fbd240-0399-4ba1-a27c-dc3460373bbe",
            "ticker": "KXHIGHAUS-25MAR27-T67",
            "count": 15,
            "created_time": "2025-03-27T14:28:46.448733Z",
            "yes_price": 18,
            "no_price": 82,
            "taker_side": "no"
        },
        {
            "trade_id": "ce479e21-8c0c-4e75-a1ad-b4a97d5c3d27",
            "ticker": "KXHIGHAUS-25MAR27-T67",
            "count": 69,
            "created_time": "2025-03-27T14:19:24.362934Z",
            "yes_price": 43,
            "no_price": 57,
            "taker_side": "no"
        },
        {
            "trade_id": "97e955db-1cad-4c36-b204-1463c2dcb148",
            "ticker": "KXHIGHAUS-25MAR27-T67",
            "count": 8,
            "created_time": "2025-03-27T14:19:24.362934Z",
            "yes_price": 44,
            "no_price": 56,
            "taker_side": "no"
        },
        {
            "trade_id": "14779b4c-6dea-44ff-abe8-f97a2095a3b8",
            "ticker": "KXHIGHAUS-25MAR27-T67",
            "count": 271,
            "created_time": "2025-03-27T14:19:24.362934Z",
            "yes_price": 41,
            "no_price": 59,
            "taker_side": "no"
        },
        {
            "trade_id": "fb5a56a7-8c89-4515-bcb7-6cc301bdf1c9",
            "ticker": "KXHIGHAUS-25MAR27-T67",
            "count": 6,
            "created_time": "2025-03-27T13:38:53.838752Z",
            "yes_price": 43,
            "no_price": 57,
            "taker_side": "yes"
        },
        {
            "trade_id": "9a0579ff-e825-492a-a38f-5db192f1f749",
            "ticker": "KXHIGHAUS-25MAR27-T67",
            "count": 30,
            "created_time": "2025-03-27T13:07:28.563658Z",
            "yes_price": 37,
            "no_price": 63,
            "taker_side": "yes"
        },
        {
            "trade_id": "e070e1f4-dff5-4cc4-b592-fa378ffde5c6",
            "ticker": "KXHIGHAUS-25MAR27-T67",
            "count": 6,
            "created_time": "2025-03-27T12:54:15.020273Z",
            "yes_price": 33,
            "no_price": 67,
            "taker_side": "no"
        },
        {
            "trade_id": "cb3c0430-fe73-4e7e-b863-77ec7b3e34dd",
            "ticker": "KXHIGHAUS-25MAR27-T67",
            "count": 38,
            "created_time": "2025-03-27T12:54:15.020273Z",
            "yes_price": 34,
            "no_price": 66,
            "taker_side": "no"
        },
        {
            "trade_id": "f254a6d5-7c90-495c-8908-ca22454c5e08",
            "ticker": "KXHIGHAUS-25MAR27-T67",
            "count": 29,
            "created_time": "2025-03-27T12:32:09.44976Z",
            "yes_price": 42,
            "no_price": 58,
            "taker_side": "yes"
        },
        {
            "trade_id": "dc02c7cd-dc48-463b-a471-ccabdf61a484",
            "ticker": "KXHIGHAUS-25MAR27-T67",
            "count": 12,
            "created_time": "2025-03-27T12:32:09.44976Z",
            "yes_price": 45,
            "no_price": 55,
            "taker_side": "yes"
        },
        {
            "trade_id": "b832ab70-c9bc-4bf1-97b5-26cb5e484425",
            "ticker": "KXHIGHAUS-25MAR27-T67",
            "count": 8,
            "created_time": "2025-03-27T12:32:09.44976Z",
            "yes_price": 43,
            "no_price": 57,
            "taker_side": "yes"
        },
        {
            "trade_id": "5d27b9c1-d63c-4cce-b9fb-0c15ab27a59b",
            "ticker": "KXHIGHAUS-25MAR27-T67",
            "count": 167,
            "created_time": "2025-03-27T12:32:09.44976Z",
            "yes_price": 45,
            "no_price": 55,
            "taker_side": "yes"
        },
        {
            "trade_id": "db3a00f8-4e6d-4824-97c4-3424d7473e9a",
            "ticker": "KXHIGHAUS-25MAR27-T67",
            "count": 75,
            "created_time": "2025-03-27T12:30:01.343055Z",
            "yes_price": 36,
            "no_price": 64,
            "taker_side": "no"
        },
        {
            "trade_id": "80e0b3de-6f29-48d3-ba7c-506c6c927551",
            "ticker": "KXHIGHAUS-25MAR27-T67",
            "count": 8,
            "created_time": "2025-03-27T12:30:01.343055Z",
            "yes_price": 37,
            "no_price": 63,
            "taker_side": "no"
        },
        {
            "trade_id": "4cd603de-6407-41e9-a78f-feeba9af35ec",
            "ticker": "KXHIGHAUS-25MAR27-T67",
            "count": 204,
            "created_time": "2025-03-27T12:30:01.343055Z",
            "yes_price": 35,
            "no_price": 65,
            "taker_side": "no"
        },
        {
            "trade_id": "3ad4200e-8567-4c75-b318-4c9a25906f5f",
            "ticker": "KXHIGHAUS-25MAR27-T67",
            "count": 15,
            "created_time": "2025-03-27T12:30:01.343055Z",
            "yes_price": 37,
            "no_price": 63,
            "taker_side": "no"
        },
        {
            "trade_id": "ec0c0537-d33d-45c9-90ac-1cf1cf911981",
            "ticker": "KXHIGHAUS-25MAR27-T67",
            "count": 2,
            "created_time": "2025-03-27T12:11:10.185548Z",
            "yes_price": 45,
            "no_price": 55,
            "taker_side": "yes"
        },
        {
            "trade_id": "cc2b6261-463d-4d6c-9050-22f6a3711562",
            "ticker": "KXHIGHAUS-25MAR27-T67",
            "count": 15,
            "created_time": "2025-03-27T12:11:10.185548Z",
            "yes_price": 44,
            "no_price": 56,
            "taker_side": "yes"
        },
        {
            "trade_id": "31ed680d-df39-40d7-88d3-848587609f23",
            "ticker": "KXHIGHAUS-25MAR27-T67",
            "count": 10,
            "created_time": "2025-03-27T06:59:51.389091Z",
            "yes_price": 40,
            "no_price": 60,
            "taker_side": "no"
        },
        {
            "trade_id": "da2a7aaa-221d-40bf-a305-2c348193eb1f",
            "ticker": "KXHIGHAUS-25MAR27-T67",
            "count": 15,
            "created_time": "2025-03-27T06:59:37.537178Z",
            "yes_price": 35,
            "no_price": 65,
            "taker_side": "yes"
        },
        {
            "trade_id": "63adc530-b3e8-412d-9d96-619faa361e03",
            "ticker": "KXHIGHAUS-25MAR27-T67",
            "count": 15,
            "created_time": "2025-03-27T06:59:37.537178Z",
            "yes_price": 38,
            "no_price": 62,
            "taker_side": "yes"
        },
        {
            "trade_id": "38cebd12-9d73-492f-9991-a959b5160cd1",
            "ticker": "KXHIGHAUS-25MAR27-T67",
            "count": 15,
            "created_time": "2025-03-27T06:59:03.83104Z",
            "yes_price": 32,
            "no_price": 68,
            "taker_side": "no"
        },
        {
            "trade_id": "e55b4c7c-daff-4ecf-8359-a39ab190553e",
            "ticker": "KXHIGHAUS-25MAR27-T67",
            "count": 157,
            "created_time": "2025-03-27T06:58:54.027579Z",
            "yes_price": 42,
            "no_price": 58,
            "taker_side": "yes"
        },
        {
            "trade_id": "b221f6ed-2dfa-4676-a0fa-2df1f323e06c",
            "ticker": "KXHIGHAUS-25MAR27-T67",
            "count": 43,
            "created_time": "2025-03-27T06:58:54.027579Z",
            "yes_price": 41,
            "no_price": 59,
            "taker_side": "yes"
        },
        {
            "trade_id": "9f6fd594-2350-42f9-aa8a-64ed27d7f73f",
            "ticker": "KXHIGHAUS-25MAR27-T67",
            "count": 66,
            "created_time": "2025-03-27T06:58:54.027579Z",
            "yes_price": 48,
            "no_price": 52,
            "taker_side": "yes"
        },
        {
            "trade_id": "6ecae138-8d82-478c-86ba-49990f7f8879",
            "ticker": "KXHIGHAUS-25MAR27-T67",
            "count": 15,
            "created_time": "2025-03-27T06:58:54.027579Z",
            "yes_price": 44,
            "no_price": 56,
            "taker_side": "yes"
        },
        {
            "trade_id": "65330920-8805-4bf2-820b-a1b6e6db2100",
            "ticker": "KXHIGHAUS-25MAR27-T67",
            "count": 15,
            "created_time": "2025-03-27T06:58:54.027579Z",
            "yes_price": 46,
            "no_price": 54,
            "taker_side": "yes"
        },
        {
            "trade_id": "61fdf674-67f3-4eaa-a388-33684080ba1f",
            "ticker": "KXHIGHAUS-25MAR27-T67",
            "count": 100,
            "created_time": "2025-03-27T06:58:54.027579Z",
            "yes_price": 45,
            "no_price": 55,
            "taker_side": "yes"
        },
        {
            "trade_id": "31edd9f7-bbd7-4e03-8e49-3e97415c0261",
            "ticker": "KXHIGHAUS-25MAR27-T67",
            "count": 100,
            "created_time": "2025-03-27T06:58:54.027579Z",
            "yes_price": 43,
            "no_price": 57,
            "taker_side": "yes"
        },
        {
            "trade_id": "088ffdb9-3275-42a8-aef0-8d617b36dd67",
            "ticker": "KXHIGHAUS-25MAR27-T67",
            "count": 4,
            "created_time": "2025-03-27T06:58:54.027579Z",
            "yes_price": 41,
            "no_price": 59,
            "taker_side": "yes"
        },
        {
            "trade_id": "d42a51cf-6c9f-457e-b611-4b123d88a233",
            "ticker": "KXHIGHAUS-25MAR27-T67",
            "count": 2,
            "created_time": "2025-03-27T06:57:03.352623Z",
            "yes_price": 40,
            "no_price": 60,
            "taker_side": "yes"
        },
        {
            "trade_id": "8d12feac-0bbf-40e5-b2a0-d840268c2481",
            "ticker": "KXHIGHAUS-25MAR27-T67",
            "count": 25,
            "created_time": "2025-03-27T06:57:03.352623Z",
            "yes_price": 40,
            "no_price": 60,
            "taker_side": "yes"
        },
        {
            "trade_id": "88d27c37-cd8a-40d8-b2bd-61b6b58fef02",
            "ticker": "KXHIGHAUS-25MAR27-T67",
            "count": 9,
            "created_time": "2025-03-27T06:57:03.352623Z",
            "yes_price": 41,
            "no_price": 59,
            "taker_side": "yes"
        },
        {
            "trade_id": "536020b7-dbc4-4c94-95da-75b5437ab6e3",
            "ticker": "KXHIGHAUS-25MAR27-T67",
            "count": 333,
            "created_time": "2025-03-27T06:57:03.352623Z",
            "yes_price": 42,
            "no_price": 58,
            "taker_side": "yes"
        },
        {
            "trade_id": "e81e5396-9c23-4569-8a02-12e9f4e997a4",
            "ticker": "KXHIGHAUS-25MAR27-T67",
            "count": 1,
            "created_time": "2025-03-27T06:28:54.622911Z",
            "yes_price": 39,
            "no_price": 61,
            "taker_side": "yes"
        },
        {
            "trade_id": "9f3d2f6d-d394-4705-92d5-7b0ade311a75",
            "ticker": "KXHIGHAUS-25MAR27-T67",
            "count": 8,
            "created_time": "2025-03-27T06:28:54.622911Z",
            "yes_price": 39,
            "no_price": 61,
            "taker_side": "yes"
        },
        {
            "trade_id": "91295dcb-2dcb-49fc-8b40-4bf999bb2f99",
            "ticker": "KXHIGHAUS-25MAR27-T67",
            "count": 16,
            "created_time": "2025-03-27T06:28:54.622911Z",
            "yes_price": 40,
            "no_price": 60,
            "taker_side": "yes"
        },
        {
            "trade_id": "499992a0-e7fe-40ba-8c72-f93cfecf536b",
            "ticker": "KXHIGHAUS-25MAR27-T67",
            "count": 6,
            "created_time": "2025-03-27T06:28:54.622911Z",
            "yes_price": 40,
            "no_price": 60,
            "taker_side": "yes"
        },
        {
            "trade_id": "f672a645-cf0f-48b4-8b29-4f168737f164",
            "ticker": "KXHIGHAUS-25MAR27-T67",
            "count": 8,
            "created_time": "2025-03-27T05:59:58.69148Z",
            "yes_price": 34,
            "no_price": 66,
            "taker_side": "no"
        },
        {
            "trade_id": "e18b0ae9-9a44-4969-9d42-d0a0cefbda75",
            "ticker": "KXHIGHAUS-25MAR27-T67",
            "count": 22,
            "created_time": "2025-03-27T05:59:58.69148Z",
            "yes_price": 33,
            "no_price": 67,
            "taker_side": "no"
        },
        {
            "trade_id": "bb621236-3450-4ba6-9b21-dbde69cc0e1f",
            "ticker": "KXHIGHAUS-25MAR27-T67",
            "count": 3,
            "created_time": "2025-03-27T05:59:58.69148Z",
            "yes_price": 35,
            "no_price": 65,
            "taker_side": "no"
        },
        {
            "trade_id": "a1f1ceda-45c3-4e8e-8798-86dd1435d37d",
            "ticker": "KXHIGHAUS-25MAR27-T67",
            "count": 26,
            "created_time": "2025-03-27T05:59:58.69148Z",
            "yes_price": 35,
            "no_price": 65,
            "taker_side": "no"
        },
        {
            "trade_id": "5794ae84-a92f-49db-b2ed-dbf523eac0d7",
            "ticker": "KXHIGHAUS-25MAR27-T67",
            "count": 50,
            "created_time": "2025-03-27T05:18:18.420631Z",
            "yes_price": 39,
            "no_price": 61,
            "taker_side": "no"
        },
        {
            "trade_id": "d0048ee8-326d-4ce2-b3fd-5c8ddfc1a758",
            "ticker": "KXHIGHAUS-25MAR27-T67",
            "count": 1,
            "created_time": "2025-03-27T04:11:42.850709Z",
            "yes_price": 41,
            "no_price": 59,
            "taker_side": "yes"
        },
        {
            "trade_id": "9f3eae49-8f71-4699-b8f4-68522971d512",
            "ticker": "KXHIGHAUS-25MAR27-T67",
            "count": 8,
            "created_time": "2025-03-27T04:11:42.850709Z",
            "yes_price": 41,
            "no_price": 59,
            "taker_side": "yes"
        },
        {
            "trade_id": "683948c9-841d-480f-a81b-99ecf0a96dd5",
            "ticker": "KXHIGHAUS-25MAR27-T67",
            "count": 2,
            "created_time": "2025-03-27T04:11:42.850709Z",
            "yes_price": 41,
            "no_price": 59,
            "taker_side": "yes"
        },
        {
            "trade_id": "62414202-2b3f-4307-906d-04fb64bfbe0f",
            "ticker": "KXHIGHAUS-25MAR27-T67",
            "count": 10,
            "created_time": "2025-03-27T04:11:42.850709Z",
            "yes_price": 42,
            "no_price": 58,
            "taker_side": "yes"
        },
        {
            "trade_id": "0d42ef73-6dba-4819-97d8-85c8d5865a8a",
            "ticker": "KXHIGHAUS-25MAR27-T67",
            "count": 9,
            "created_time": "2025-03-27T04:11:42.850709Z",
            "yes_price": 41,
            "no_price": 59,
            "taker_side": "yes"
        },
        {
            "trade_id": "dad2c0c4-5147-4b85-8165-bf95e34d65a4",
            "ticker": "KXHIGHAUS-25MAR27-T67",
            "count": 33,
            "created_time": "2025-03-27T04:09:48.205972Z",
            "yes_price": 37,
            "no_price": 63,
            "taker_side": "no"
        },
        {
            "trade_id": "8930b734-31d4-4a2b-9413-ee38ebd4fd00",
            "ticker": "KXHIGHAUS-25MAR27-T67",
            "count": 8,
            "created_time": "2025-03-27T04:09:48.205972Z",
            "yes_price": 37,
            "no_price": 63,
            "taker_side": "no"
        },
        {
            "trade_id": "a35855de-fd44-4d64-ac26-9348abb25520",
            "ticker": "KXHIGHAUS-25MAR27-T67",
            "count": 100,
            "created_time": "2025-03-27T04:00:38.713456Z",
            "yes_price": 39,
            "no_price": 61,
            "taker_side": "yes"
        },
        {
            "trade_id": "77700f7d-f7a3-4a0c-aacf-ab930581efff",
            "ticker": "KXHIGHAUS-25MAR27-T67",
            "count": 100,
            "created_time": "2025-03-27T04:00:38.713456Z",
            "yes_price": 41,
            "no_price": 59,
            "taker_side": "yes"
        },
        {
            "trade_id": "28d6187b-69e0-4afe-ac6e-12fc0ef3ff4e",
            "ticker": "KXHIGHAUS-25MAR27-T67",
            "count": 8,
            "created_time": "2025-03-27T03:59:31.899852Z",
            "yes_price": 36,
            "no_price": 64,
            "taker_side": "yes"
        },
        {
            "trade_id": "1fdc91e1-a3a5-4714-8451-fa2463fd0e95",
            "ticker": "KXHIGHAUS-25MAR27-T67",
            "count": 44,
            "created_time": "2025-03-27T03:59:31.899852Z",
            "yes_price": 37,
            "no_price": 63,
            "taker_side": "yes"
        },
        {
            "trade_id": "083410b2-d68b-45ff-83e2-76ef9c1bec7d",
            "ticker": "KXHIGHAUS-25MAR27-T67",
            "count": 31,
            "created_time": "2025-03-27T03:59:31.899852Z",
            "yes_price": 36,
            "no_price": 64,
            "taker_side": "yes"
        },
        {
            "trade_id": "7cfec3db-b336-4180-9daf-bc612b89da19",
            "ticker": "KXHIGHAUS-25MAR27-T67",
            "count": 24,
            "created_time": "2025-03-27T03:44:58.981674Z",
            "yes_price": 35,
            "no_price": 65,
            "taker_side": "no"
        },
        {
            "trade_id": "f90cdda6-1dca-4166-a1b6-61ceb32cc8f2",
            "ticker": "KXHIGHAUS-25MAR27-T67",
            "count": 34,
            "created_time": "2025-03-27T03:16:23.299548Z",
            "yes_price": 32,
            "no_price": 68,
            "taker_side": "no"
        },
        {
            "trade_id": "c121c234-02c8-49c9-a9c3-3f1afb3784da",
            "ticker": "KXHIGHAUS-25MAR27-T67",
            "count": 30,
            "created_time": "2025-03-27T03:16:23.299548Z",
            "yes_price": 33,
            "no_price": 67,
            "taker_side": "no"
        },
        {
            "trade_id": "982ba153-6dd1-4ff0-a960-44e38399ece3",
            "ticker": "KXHIGHAUS-25MAR27-T67",
            "count": 8,
            "created_time": "2025-03-27T03:16:23.299548Z",
            "yes_price": 34,
            "no_price": 66,
            "taker_side": "no"
        },
        {
            "trade_id": "e402d664-7afe-4c3d-858f-a35de91a09a1",
            "ticker": "KXHIGHAUS-25MAR27-T67",
            "count": 14,
            "created_time": "2025-03-27T03:15:32.795145Z",
            "yes_price": 38,
            "no_price": 62,
            "taker_side": "yes"
        },
        {
            "trade_id": "2d1b316e-b864-47dd-a9a1-d719c9a36030",
            "ticker": "KXHIGHAUS-25MAR27-T67",
            "count": 11,
            "created_time": "2025-03-27T03:15:32.795145Z",
            "yes_price": 41,
            "no_price": 59,
            "taker_side": "yes"
        },
        {
            "trade_id": "690dbbca-7855-475c-9baf-4a98614d0a92",
            "ticker": "KXHIGHAUS-25MAR27-T67",
            "count": 24,
            "created_time": "2025-03-27T03:05:40.189985Z",
            "yes_price": 38,
            "no_price": 62,
            "taker_side": "yes"
        },
        {
            "trade_id": "c6f57481-dc84-4185-87af-9245ca85627b",
            "ticker": "KXHIGHAUS-25MAR27-T67",
            "count": 50,
            "created_time": "2025-03-27T03:00:27.331746Z",
            "yes_price": 38,
            "no_price": 62,
            "taker_side": "yes"
        },
        {
            "trade_id": "4d95b85b-6964-43f9-b212-d436bfffaee3",
            "ticker": "KXHIGHAUS-25MAR27-T67",
            "count": 47,
            "created_time": "2025-03-27T02:48:32.691809Z",
            "yes_price": 38,
            "no_price": 62,
            "taker_side": "yes"
        },
        {
            "trade_id": "d957e6f2-5636-4fdd-afb7-7dc175b36cc8",
            "ticker": "KXHIGHAUS-25MAR27-T67",
            "count": 299,
            "created_time": "2025-03-27T02:48:19.844491Z",
            "yes_price": 37,
            "no_price": 63,
            "taker_side": "yes"
        },
        {
            "trade_id": "6e3b06ac-e0a0-4d76-9150-c4c0c48c5164",
            "ticker": "KXHIGHAUS-25MAR27-T67",
            "count": 37,
            "created_time": "2025-03-27T02:48:19.844491Z",
            "yes_price": 33,
            "no_price": 67,
            "taker_side": "yes"
        },
        {
            "trade_id": "69dc088d-2a9b-41c0-8c3b-c1d2261ab98d",
            "ticker": "KXHIGHAUS-25MAR27-T67",
            "count": 300,
            "created_time": "2025-03-27T02:48:19.844491Z",
            "yes_price": 37,
            "no_price": 63,
            "taker_side": "yes"
        },
        {
            "trade_id": "54b20a12-8dd2-48ab-8db3-9da516721e37",
            "ticker": "KXHIGHAUS-25MAR27-T67",
            "count": 7,
            "created_time": "2025-03-27T02:48:19.844491Z",
            "yes_price": 33,
            "no_price": 67,
            "taker_side": "yes"
        },
        {
            "trade_id": "46176659-ff33-40e5-89e6-231391cac9de",
            "ticker": "KXHIGHAUS-25MAR27-T67",
            "count": 10,
            "created_time": "2025-03-27T02:48:19.844491Z",
            "yes_price": 36,
            "no_price": 64,
            "taker_side": "yes"
        },
        {
            "trade_id": "15156c6a-27fc-43b2-bb94-120d37dff6fb",
            "ticker": "KXHIGHAUS-25MAR27-T67",
            "count": 300,
            "created_time": "2025-03-27T02:48:19.844491Z",
            "yes_price": 35,
            "no_price": 65,
            "taker_side": "yes"
        },
        {
            "trade_id": "edd3cbb0-3df4-4071-b6ff-c6d92e808d28",
            "ticker": "KXHIGHAUS-25MAR27-T67",
            "count": 30,
            "created_time": "2025-03-27T02:22:11.372498Z",
            "yes_price": 32,
            "no_price": 68,
            "taker_side": "yes"
        },
        {
            "trade_id": "dd31039b-866c-4438-8ca6-be5be637b68f",
            "ticker": "KXHIGHAUS-25MAR27-T67",
            "count": 44,
            "created_time": "2025-03-27T02:22:11.372498Z",
            "yes_price": 33,
            "no_price": 67,
            "taker_side": "yes"
        },
        {
            "trade_id": "5127d027-9444-4183-afab-111fd4f164d9",
            "ticker": "KXHIGHAUS-25MAR27-T67",
            "count": 26,
            "created_time": "2025-03-27T02:22:11.372498Z",
            "yes_price": 33,
            "no_price": 67,
            "taker_side": "yes"
        },
        {
            "trade_id": "cd4fc418-f743-48ca-bb8b-d8cc1cb30d36",
            "ticker": "KXHIGHAUS-25MAR27-T67",
            "count": 30,
            "created_time": "2025-03-27T01:30:48.557423Z",
            "yes_price": 29,
            "no_price": 71,
            "taker_side": "no"
        },
        {
            "trade_id": "532a8608-b2c7-4bd8-9e43-d5b145739218",
            "ticker": "KXHIGHAUS-25MAR27-T67",
            "count": 65,
            "created_time": "2025-03-27T01:30:48.557423Z",
            "yes_price": 28,
            "no_price": 72,
            "taker_side": "no"
        },
        {
            "trade_id": "5a72939a-d867-4695-8b4b-b08e8531b9be",
            "ticker": "KXHIGHAUS-25MAR27-T67",
            "count": 958,
            "created_time": "2025-03-27T01:05:06.113768Z",
            "yes_price": 33,
            "no_price": 67,
            "taker_side": "no"
        },
        {
            "trade_id": "423e3558-d068-43ac-948c-02eeee33c378",
            "ticker": "KXHIGHAUS-25MAR27-T67",
            "count": 13,
            "created_time": "2025-03-27T00:56:56.237141Z",
            "yes_price": 35,
            "no_price": 65,
            "taker_side": "yes"
        },
        {
            "trade_id": "f80f6c58-5c3a-4a88-89c9-d68211d98fad",
            "ticker": "KXHIGHAUS-25MAR27-T67",
            "count": 1,
            "created_time": "2025-03-27T00:32:19.887365Z",
            "yes_price": 33,
            "no_price": 67,
            "taker_side": "no"
        },
        {
            "trade_id": "79e0d474-db8d-4f78-8188-d76011da905d",
            "ticker": "KXHIGHAUS-25MAR27-T67",
            "count": 41,
            "created_time": "2025-03-26T23:25:48.377736Z",
            "yes_price": 33,
            "no_price": 67,
            "taker_side": "no"
        },
        {
            "trade_id": "220601f4-155a-4041-a68c-08c0f60c56ea",
            "ticker": "KXHIGHAUS-25MAR27-T67",
            "count": 2,
            "created_time": "2025-03-26T23:16:02.047067Z",
            "yes_price": 33,
            "no_price": 67,
            "taker_side": "no"
        },
        {
            "trade_id": "f8fc51cc-7012-4bdf-90dc-c832264ce264",
            "ticker": "KXHIGHAUS-25MAR27-T67",
            "count": 36,
            "created_time": "2025-03-26T22:11:08.673377Z",
            "yes_price": 33,
            "no_price": 67,
            "taker_side": "yes"
        },
        {
            "trade_id": "d9187df2-376b-409e-9f1c-ee78f39caf35",
            "ticker": "KXHIGHAUS-25MAR27-T67",
            "count": 11,
            "created_time": "2025-03-26T22:11:08.673377Z",
            "yes_price": 33,
            "no_price": 67,
            "taker_side": "yes"
        },
        {
            "trade_id": "9e375c44-1d29-4a67-9f68-0862b2684a3d",
            "ticker": "KXHIGHAUS-25MAR27-T67",
            "count": 46,
            "created_time": "2025-03-26T22:11:08.673377Z",
            "yes_price": 35,
            "no_price": 65,
            "taker_side": "yes"
        },
        {
            "trade_id": "16670e03-4d8c-4c58-8183-142c110a6885",
            "ticker": "KXHIGHAUS-25MAR27-T67",
            "count": 7,
            "created_time": "2025-03-26T22:11:08.673377Z",
            "yes_price": 33,
            "no_price": 67,
            "taker_side": "yes"
        },
        {
            "trade_id": "bb784d62-1e82-45a6-888c-cb81ab873471",
            "ticker": "KXHIGHAUS-25MAR27-T67",
            "count": 52,
            "created_time": "2025-03-26T21:45:26.588198Z",
            "yes_price": 33,
            "no_price": 67,
            "taker_side": "yes"
        },
        {
            "trade_id": "6c7b3897-96b2-4d75-8c3d-78e35f76df9f",
            "ticker": "KXHIGHAUS-25MAR27-T67",
            "count": 3,
            "created_time": "2025-03-26T21:45:26.588198Z",
            "yes_price": 33,
            "no_price": 67,
            "taker_side": "yes"
        },
        {
            "trade_id": "2fadfb3e-7f5c-4538-9bda-f7e40dad7f84",
            "ticker": "KXHIGHAUS-25MAR27-T67",
            "count": 2,
            "created_time": "2025-03-26T21:45:26.588198Z",
            "yes_price": 33,
            "no_price": 67,
            "taker_side": "yes"
        },
        {
            "trade_id": "1b48b2a6-d465-4c53-b7ee-8fcd4e1af1db",
            "ticker": "KXHIGHAUS-25MAR27-T67",
            "count": 3,
            "created_time": "2025-03-26T21:33:05.29689Z",
            "yes_price": 33,
            "no_price": 67,
            "taker_side": "yes"
        },
        {
            "trade_id": "ba00da95-a3d1-4c49-8a18-68ed63dc10ab",
            "ticker": "KXHIGHAUS-25MAR27-T67",
            "count": 15,
            "created_time": "2025-03-26T19:00:22.973443Z",
            "yes_price": 38,
            "no_price": 62,
            "taker_side": "no"
        },
        {
            "trade_id": "690b5d4c-43eb-44b4-800e-c7a8471ec50d",
            "ticker": "KXHIGHAUS-25MAR27-T67",
            "count": 13,
            "created_time": "2025-03-26T19:00:16.741089Z",
            "yes_price": 38,
            "no_price": 62,
            "taker_side": "no"
        },
        {
            "trade_id": "9077e594-f15d-47f1-8e10-53dc4c653981",
            "ticker": "KXHIGHAUS-25MAR27-T67",
            "count": 23,
            "created_time": "2025-03-26T19:00:08.633958Z",
            "yes_price": 38,
            "no_price": 62,
            "taker_side": "no"
        },
        {
            "trade_id": "324ec861-0709-44ef-81f0-a7a0f6408cf1",
            "ticker": "KXHIGHAUS-25MAR27-T67",
            "count": 32,
            "created_time": "2025-03-26T18:57:51.071304Z",
            "yes_price": 38,
            "no_price": 62,
            "taker_side": "no"
        },
        {
            "trade_id": "c66d64ca-7bdc-4fc8-a91e-a728ee22065f",
            "ticker": "KXHIGHAUS-25MAR27-T67",
            "count": 14,
            "created_time": "2025-03-26T18:57:24.246476Z",
            "yes_price": 36,
            "no_price": 64,
            "taker_side": "yes"
        },
        {
            "trade_id": "df8978ad-1b05-4ffd-a236-aa0954e4efe9",
            "ticker": "KXHIGHAUS-25MAR27-T67",
            "count": 26,
            "created_time": "2025-03-26T18:54:26.899239Z",
            "yes_price": 34,
            "no_price": 66,
            "taker_side": "yes"
        },
        {
            "trade_id": "676bac33-d22b-4b42-b2a5-038c7415f2c7",
            "ticker": "KXHIGHAUS-25MAR27-T67",
            "count": 13,
            "created_time": "2025-03-26T18:51:25.447096Z",
            "yes_price": 33,
            "no_price": 67,
            "taker_side": "yes"
        },
        {
            "trade_id": "8066dd74-b921-4085-a786-d9a189037a4d",
            "ticker": "KXHIGHAUS-25MAR27-T67",
            "count": 12,
            "created_time": "2025-03-26T15:45:35.62677Z",
            "yes_price": 31,
            "no_price": 69,
            "taker_side": "yes"
        },
        {
            "trade_id": "baa2fbc1-35f1-499c-b94e-7cdd8583c2a8",
            "ticker": "KXHIGHAUS-25MAR27-T67",
            "count": 12,
            "created_time": "2025-03-26T15:42:22.929265Z",
            "yes_price": 29,
            "no_price": 71,
            "taker_side": "yes"
        },
        {
            "trade_id": "5875c914-17c1-4f47-bcad-021ab0c6162b",
            "ticker": "KXHIGHAUS-25MAR27-T67",
            "count": 12,
            "created_time": "2025-03-26T15:39:23.019386Z",
            "yes_price": 26,
            "no_price": 74,
            "taker_side": "yes"
        },
        {
            "trade_id": "0a24ab88-d844-4685-a136-fdd2f4160eee",
            "ticker": "KXHIGHAUS-25MAR27-T67",
            "count": 41,
            "created_time": "2025-03-26T14:55:06.627976Z",
            "yes_price": 24,
            "no_price": 76,
            "taker_side": "no"
        },
        {
            "trade_id": "15f51541-8356-4051-a791-e27bb87c6552",
            "ticker": "KXHIGHAUS-25MAR27-T67",
            "count": 11,
            "created_time": "2025-03-26T14:45:25.664474Z",
            "yes_price": 24,
            "no_price": 76,
            "taker_side": "yes"
        },
        {
            "trade_id": "476fbd78-3337-4b6a-a682-4a38db2b6986",
            "ticker": "KXHIGHAUS-25MAR27-T67",
            "count": 3,
            "created_time": "2025-03-26T14:21:24.267503Z",
            "yes_price": 22,
            "no_price": 78,
            "taker_side": "yes"
        },
        {
            "trade_id": "e65be617-5d9f-4eac-8e08-adb0bbc24ffb",
            "ticker": "KXHIGHAUS-25MAR27-T67",
            "count": 8,
            "created_time": "2025-03-26T14:20:25.483354Z",
            "yes_price": 22,
            "no_price": 78,
            "taker_side": "no"
        },
        {
            "trade_id": "05b01e84-9d6b-4084-952f-8a6a933b8cea",
            "ticker": "KXHIGHAUS-25MAR27-T67",
            "count": 13,
            "created_time": "2025-03-26T14:15:27.690974Z",
            "yes_price": 22,
            "no_price": 78,
            "taker_side": "no"
        },
        {
            "trade_id": "d39f21b7-c623-435d-88c4-f0b1c8682dc3",
            "ticker": "KXHIGHAUS-25MAR27-T67",
            "count": 9,
            "created_time": "2025-03-26T14:12:23.17759Z",
            "yes_price": 10,
            "no_price": 90,
            "taker_side": "yes"
        },
        {
            "trade_id": "3f98d613-2324-4b3d-b424-38634d3ab54b",
            "ticker": "KXHIGHAUS-25MAR27-T67",
            "count": 24,
            "created_time": "2025-03-26T14:12:23.17759Z",
            "yes_price": 20,
            "no_price": 80,
            "taker_side": "yes"
        }
    ],
    "KXHIGHAUS-25MAR27-B67.5": [
        {
            "trade_id": "82062aca-ba53-4672-ac5b-a0d3dc95fb55",
            "ticker": "KXHIGHAUS-25MAR27-B67.5",
            "count": 38,
            "created_time": "2025-03-28T04:14:41.936171Z",
            "yes_price": 98,
            "no_price": 2,
            "taker_side": "yes"
        },
        {
            "trade_id": "7aa3e774-5883-4f0d-a0d1-aa88ea79bc12",
            "ticker": "KXHIGHAUS-25MAR27-B67.5",
            "count": 438,
            "created_time": "2025-03-28T02:40:21.822871Z",
            "yes_price": 98,
            "no_price": 2,
            "taker_side": "yes"
        },
        {
            "trade_id": "5ffe42b3-5276-408c-b65e-d7f192817e59",
            "ticker": "KXHIGHAUS-25MAR27-B67.5",
            "count": 14,
            "created_time": "2025-03-28T01:22:31.551155Z",
            "yes_price": 88,
            "no_price": 12,
            "taker_side": "no"
        },
        {
            "trade_id": "3c65ca4a-66cc-4dde-8424-c111c88e35d6",
            "ticker": "KXHIGHAUS-25MAR27-B67.5",
            "count": 62,
            "created_time": "2025-03-28T00:49:34.181447Z",
            "yes_price": 87,
            "no_price": 13,
            "taker_side": "yes"
        },
        {
            "trade_id": "6740662b-16a8-4040-8e35-decea735f55f",
            "ticker": "KXHIGHAUS-25MAR27-B67.5",
            "count": 20,
            "created_time": "2025-03-28T00:49:17.418919Z",
            "yes_price": 87,
            "no_price": 13,
            "taker_side": "yes"
        },
        {
            "trade_id": "bf4303f6-ae1c-4660-80e4-e5ea0eb95b4a",
            "ticker": "KXHIGHAUS-25MAR27-B67.5",
            "count": 5,
            "created_time": "2025-03-28T00:48:49.313135Z",
            "yes_price": 87,
            "no_price": 13,
            "taker_side": "no"
        },
        {
            "trade_id": "4b3a0d40-1cf9-4bec-ae92-f86ff62eece9",
            "ticker": "KXHIGHAUS-25MAR27-B67.5",
            "count": 12,
            "created_time": "2025-03-28T00:48:49.313135Z",
            "yes_price": 87,
            "no_price": 13,
            "taker_side": "no"
        },
        {
            "trade_id": "c08d9133-73b4-4e46-82e0-55ac9feecc44",
            "ticker": "KXHIGHAUS-25MAR27-B67.5",
            "count": 35,
            "created_time": "2025-03-28T00:45:52.193352Z",
            "yes_price": 72,
            "no_price": 28,
            "taker_side": "no"
        },
        {
            "trade_id": "acdba3d7-3dd2-495e-9d01-442efec44b7e",
            "ticker": "KXHIGHAUS-25MAR27-B67.5",
            "count": 25,
            "created_time": "2025-03-28T00:45:52.193352Z",
            "yes_price": 74,
            "no_price": 26,
            "taker_side": "no"
        },
        {
            "trade_id": "8961b729-328e-45e7-b6fc-11734a64cd36",
            "ticker": "KXHIGHAUS-25MAR27-B67.5",
            "count": 25,
            "created_time": "2025-03-28T00:45:52.193352Z",
            "yes_price": 73,
            "no_price": 27,
            "taker_side": "no"
        },
        {
            "trade_id": "38dc5889-af7a-44d7-98e1-b0d7d1bf2bd3",
            "ticker": "KXHIGHAUS-25MAR27-B67.5",
            "count": 20,
            "created_time": "2025-03-28T00:45:52.193352Z",
            "yes_price": 75,
            "no_price": 25,
            "taker_side": "no"
        },
        {
            "trade_id": "35ce3f76-be23-4f65-88a2-ed8f9c0860b3",
            "ticker": "KXHIGHAUS-25MAR27-B67.5",
            "count": 15,
            "created_time": "2025-03-28T00:45:52.193352Z",
            "yes_price": 73,
            "no_price": 27,
            "taker_side": "no"
        },
        {
            "trade_id": "81239159-1aa2-4b73-baf9-5185e53d2663",
            "ticker": "KXHIGHAUS-25MAR27-B67.5",
            "count": 1,
            "created_time": "2025-03-28T00:44:58.315657Z",
            "yes_price": 84,
            "no_price": 16,
            "taker_side": "no"
        },
        {
            "trade_id": "c339fc87-5478-4ee2-a0d7-33473f299d95",
            "ticker": "KXHIGHAUS-25MAR27-B67.5",
            "count": 11,
            "created_time": "2025-03-28T00:40:51.152049Z",
            "yes_price": 85,
            "no_price": 15,
            "taker_side": "yes"
        },
        {
            "trade_id": "f961a788-d5e0-45d5-8256-308186b2f4e8",
            "ticker": "KXHIGHAUS-25MAR27-B67.5",
            "count": 1,
            "created_time": "2025-03-28T00:40:35.596686Z",
            "yes_price": 84,
            "no_price": 16,
            "taker_side": "yes"
        },
        {
            "trade_id": "24501183-8106-475d-a454-a510018aebab",
            "ticker": "KXHIGHAUS-25MAR27-B67.5",
            "count": 25,
            "created_time": "2025-03-28T00:40:35.596686Z",
            "yes_price": 84,
            "no_price": 16,
            "taker_side": "yes"
        },
        {
            "trade_id": "a694f70f-ff20-46c6-8525-217cb63bca97",
            "ticker": "KXHIGHAUS-25MAR27-B67.5",
            "count": 28,
            "created_time": "2025-03-28T00:38:28.472028Z",
            "yes_price": 93,
            "no_price": 7,
            "taker_side": "yes"
        },
        {
            "trade_id": "5858d5e3-1394-460c-9f25-bf7f305e84ac",
            "ticker": "KXHIGHAUS-25MAR27-B67.5",
            "count": 19,
            "created_time": "2025-03-28T00:38:28.472028Z",
            "yes_price": 93,
            "no_price": 7,
            "taker_side": "yes"
        },
        {
            "trade_id": "51acd9e1-d01d-46ce-9ea3-bcad516127a0",
            "ticker": "KXHIGHAUS-25MAR27-B67.5",
            "count": 452,
            "created_time": "2025-03-28T00:38:28.472028Z",
            "yes_price": 90,
            "no_price": 10,
            "taker_side": "yes"
        },
        {
            "trade_id": "1177a010-9bf2-48bb-aa08-26747a2fe5e7",
            "ticker": "KXHIGHAUS-25MAR27-B67.5",
            "count": 1,
            "created_time": "2025-03-28T00:38:28.472028Z",
            "yes_price": 90,
            "no_price": 10,
            "taker_side": "yes"
        },
        {
            "trade_id": "75f0457c-8b65-4afd-9eae-ea72eed62155",
            "ticker": "KXHIGHAUS-25MAR27-B67.5",
            "count": 10,
            "created_time": "2025-03-28T00:23:25.152007Z",
            "yes_price": 90,
            "no_price": 10,
            "taker_side": "yes"
        },
        {
            "trade_id": "52f63017-0caa-4d64-b05b-6424343867f4",
            "ticker": "KXHIGHAUS-25MAR27-B67.5",
            "count": 38,
            "created_time": "2025-03-28T00:08:07.598342Z",
            "yes_price": 90,
            "no_price": 10,
            "taker_side": "yes"
        },
        {
            "trade_id": "6385364b-3254-4285-92c9-f379c4c8c716",
            "ticker": "KXHIGHAUS-25MAR27-B67.5",
            "count": 26,
            "created_time": "2025-03-28T00:01:32.245319Z",
            "yes_price": 99,
            "no_price": 1,
            "taker_side": "yes"
        },
        {
            "trade_id": "4df14cce-3e6f-444a-8b5b-2bd0f9cbadb8",
            "ticker": "KXHIGHAUS-25MAR27-B67.5",
            "count": 15,
            "created_time": "2025-03-28T00:00:55.725561Z",
            "yes_price": 85,
            "no_price": 15,
            "taker_side": "no"
        },
        {
            "trade_id": "79e2c86b-4f0e-4978-a417-a77920239801",
            "ticker": "KXHIGHAUS-25MAR27-B67.5",
            "count": 25,
            "created_time": "2025-03-28T00:00:49.053046Z",
            "yes_price": 84,
            "no_price": 16,
            "taker_side": "no"
        },
        {
            "trade_id": "631886ae-4c97-423d-af60-2ee1876cf185",
            "ticker": "KXHIGHAUS-25MAR27-B67.5",
            "count": 1,
            "created_time": "2025-03-27T23:48:44.487891Z",
            "yes_price": 84,
            "no_price": 16,
            "taker_side": "yes"
        },
        {
            "trade_id": "2de6945f-97f9-4cc8-b06e-35ac06e80e04",
            "ticker": "KXHIGHAUS-25MAR27-B67.5",
            "count": 8,
            "created_time": "2025-03-27T23:41:42.662065Z",
            "yes_price": 84,
            "no_price": 16,
            "taker_side": "yes"
        },
        {
            "trade_id": "0a334d65-177d-4616-bc43-1979cc939e43",
            "ticker": "KXHIGHAUS-25MAR27-B67.5",
            "count": 3,
            "created_time": "2025-03-27T23:38:14.770749Z",
            "yes_price": 84,
            "no_price": 16,
            "taker_side": "yes"
        },
        {
            "trade_id": "923f9ab2-b5f8-4da1-8ac5-e9e2156b4869",
            "ticker": "KXHIGHAUS-25MAR27-B67.5",
            "count": 11,
            "created_time": "2025-03-27T23:19:00.245786Z",
            "yes_price": 83,
            "no_price": 17,
            "taker_side": "yes"
        },
        {
            "trade_id": "175a5c50-7c72-45d6-badf-4649cb0233e3",
            "ticker": "KXHIGHAUS-25MAR27-B67.5",
            "count": 18,
            "created_time": "2025-03-27T23:19:00.245786Z",
            "yes_price": 84,
            "no_price": 16,
            "taker_side": "yes"
        },
        {
            "trade_id": "cb33c7f0-f30b-4001-a9a9-c4ba7e7227b5",
            "ticker": "KXHIGHAUS-25MAR27-B67.5",
            "count": 25,
            "created_time": "2025-03-27T23:03:00.102776Z",
            "yes_price": 84,
            "no_price": 16,
            "taker_side": "yes"
        },
        {
            "trade_id": "2ce9bba3-72f4-410a-89c8-a6c2ad5fe87d",
            "ticker": "KXHIGHAUS-25MAR27-B67.5",
            "count": 5,
            "created_time": "2025-03-27T23:02:23.452797Z",
            "yes_price": 84,
            "no_price": 16,
            "taker_side": "yes"
        },
        {
            "trade_id": "a382b2b1-34da-42d0-a88a-f42b5fe4560d",
            "ticker": "KXHIGHAUS-25MAR27-B67.5",
            "count": 9,
            "created_time": "2025-03-27T22:51:27.741616Z",
            "yes_price": 87,
            "no_price": 13,
            "taker_side": "yes"
        },
        {
            "trade_id": "00d2fb7e-e0b9-49d7-b46d-d2648e5aedb7",
            "ticker": "KXHIGHAUS-25MAR27-B67.5",
            "count": 26,
            "created_time": "2025-03-27T22:49:57.915391Z",
            "yes_price": 77,
            "no_price": 23,
            "taker_side": "yes"
        },
        {
            "trade_id": "edc904b6-7746-4fbd-a6d7-92de7a0aaf28",
            "ticker": "KXHIGHAUS-25MAR27-B67.5",
            "count": 4,
            "created_time": "2025-03-27T22:47:11.7241Z",
            "yes_price": 77,
            "no_price": 23,
            "taker_side": "yes"
        },
        {
            "trade_id": "fbeaa8ea-6a58-47e9-8045-d25efdc18838",
            "ticker": "KXHIGHAUS-25MAR27-B67.5",
            "count": 1,
            "created_time": "2025-03-27T22:40:13.680407Z",
            "yes_price": 90,
            "no_price": 10,
            "taker_side": "no"
        },
        {
            "trade_id": "825d95db-2a44-4bd8-8283-0238cff199cd",
            "ticker": "KXHIGHAUS-25MAR27-B67.5",
            "count": 160,
            "created_time": "2025-03-27T22:40:13.680407Z",
            "yes_price": 90,
            "no_price": 10,
            "taker_side": "no"
        },
        {
            "trade_id": "241f85b7-bc05-4481-98df-1cf8179a69fe",
            "ticker": "KXHIGHAUS-25MAR27-B67.5",
            "count": 21,
            "created_time": "2025-03-27T22:40:13.680407Z",
            "yes_price": 90,
            "no_price": 10,
            "taker_side": "no"
        },
        {
            "trade_id": "22a6fb03-e184-4740-9204-2537112b2bd8",
            "ticker": "KXHIGHAUS-25MAR27-B67.5",
            "count": 15,
            "created_time": "2025-03-27T22:40:13.680407Z",
            "yes_price": 90,
            "no_price": 10,
            "taker_side": "no"
        },
        {
            "trade_id": "116ff287-8bdf-48f7-9096-3f80d9252672",
            "ticker": "KXHIGHAUS-25MAR27-B67.5",
            "count": 4,
            "created_time": "2025-03-27T22:36:15.723471Z",
            "yes_price": 64,
            "no_price": 36,
            "taker_side": "no"
        },
        {
            "trade_id": "7b6c97b8-17ba-4827-877a-886cc960cd95",
            "ticker": "KXHIGHAUS-25MAR27-B67.5",
            "count": 40,
            "created_time": "2025-03-27T22:35:49.213272Z",
            "yes_price": 90,
            "no_price": 10,
            "taker_side": "yes"
        },
        {
            "trade_id": "98d80fda-82dd-4cc0-9c79-2a3c2dc6325b",
            "ticker": "KXHIGHAUS-25MAR27-B67.5",
            "count": 15,
            "created_time": "2025-03-27T22:35:05.950751Z",
            "yes_price": 85,
            "no_price": 15,
            "taker_side": "yes"
        },
        {
            "trade_id": "8bf9add2-42e3-47e0-9da9-1a08169ab245",
            "ticker": "KXHIGHAUS-25MAR27-B67.5",
            "count": 25,
            "created_time": "2025-03-27T22:35:05.950751Z",
            "yes_price": 85,
            "no_price": 15,
            "taker_side": "yes"
        },
        {
            "trade_id": "82d5fd2b-3164-46aa-a8fc-b3b349294bce",
            "ticker": "KXHIGHAUS-25MAR27-B67.5",
            "count": 199,
            "created_time": "2025-03-27T22:35:05.950751Z",
            "yes_price": 92,
            "no_price": 8,
            "taker_side": "yes"
        },
        {
            "trade_id": "49e80ffd-dea7-4683-91d8-fbb2dd4f386f",
            "ticker": "KXHIGHAUS-25MAR27-B67.5",
            "count": 18,
            "created_time": "2025-03-27T22:35:05.950751Z",
            "yes_price": 92,
            "no_price": 8,
            "taker_side": "yes"
        },
        {
            "trade_id": "d2715f63-5081-46e1-ab31-2564597f18eb",
            "ticker": "KXHIGHAUS-25MAR27-B67.5",
            "count": 27,
            "created_time": "2025-03-27T22:24:54.495823Z",
            "yes_price": 75,
            "no_price": 25,
            "taker_side": "yes"
        },
        {
            "trade_id": "7fa0d372-842a-443d-98b9-81a41a284851",
            "ticker": "KXHIGHAUS-25MAR27-B67.5",
            "count": 13,
            "created_time": "2025-03-27T22:24:54.495823Z",
            "yes_price": 74,
            "no_price": 26,
            "taker_side": "yes"
        },
        {
            "trade_id": "9d9e9e1e-09de-4ed6-9a61-09f910d059fd",
            "ticker": "KXHIGHAUS-25MAR27-B67.5",
            "count": 23,
            "created_time": "2025-03-27T22:23:45.880616Z",
            "yes_price": 75,
            "no_price": 25,
            "taker_side": "no"
        },
        {
            "trade_id": "c043dc55-0258-48c3-8d16-83381eee0389",
            "ticker": "KXHIGHAUS-25MAR27-B67.5",
            "count": 13,
            "created_time": "2025-03-27T21:41:01.964825Z",
            "yes_price": 86,
            "no_price": 14,
            "taker_side": "no"
        },
        {
            "trade_id": "8641e218-43b3-4450-af9a-11754a721a78",
            "ticker": "KXHIGHAUS-25MAR27-B67.5",
            "count": 199,
            "created_time": "2025-03-27T21:41:01.964825Z",
            "yes_price": 85,
            "no_price": 15,
            "taker_side": "no"
        },
        {
            "trade_id": "56755b19-8f63-40eb-bd71-cdbfd2a64eed",
            "ticker": "KXHIGHAUS-25MAR27-B67.5",
            "count": 99,
            "created_time": "2025-03-27T21:41:01.964825Z",
            "yes_price": 85,
            "no_price": 15,
            "taker_side": "no"
        },
        {
            "trade_id": "e21ec403-a73d-4be4-a4a7-d4c788ed056a",
            "ticker": "KXHIGHAUS-25MAR27-B67.5",
            "count": 109,
            "created_time": "2025-03-27T21:40:08.826481Z",
            "yes_price": 94,
            "no_price": 6,
            "taker_side": "no"
        },
        {
            "trade_id": "b8a832fa-0ff2-48b0-b2cf-db2eb8345f50",
            "ticker": "KXHIGHAUS-25MAR27-B67.5",
            "count": 122,
            "created_time": "2025-03-27T21:39:39.015175Z",
            "yes_price": 95,
            "no_price": 5,
            "taker_side": "no"
        },
        {
            "trade_id": "79df01dd-03de-45e2-ac03-4e167b9e8a1e",
            "ticker": "KXHIGHAUS-25MAR27-B67.5",
            "count": 23,
            "created_time": "2025-03-27T21:39:39.015175Z",
            "yes_price": 95,
            "no_price": 5,
            "taker_side": "no"
        },
        {
            "trade_id": "778db75f-e636-4858-b14f-0909e7988be0",
            "ticker": "KXHIGHAUS-25MAR27-B67.5",
            "count": 77,
            "created_time": "2025-03-27T21:07:49.583781Z",
            "yes_price": 95,
            "no_price": 5,
            "taker_side": "no"
        },
        {
            "trade_id": "3ddf44a1-c505-4659-a23e-7ed88aff8098",
            "ticker": "KXHIGHAUS-25MAR27-B67.5",
            "count": 1,
            "created_time": "2025-03-27T20:55:22.310532Z",
            "yes_price": 95,
            "no_price": 5,
            "taker_side": "no"
        },
        {
            "trade_id": "7c8cbb6e-c6c6-4554-8fb6-7da9c3231bea",
            "ticker": "KXHIGHAUS-25MAR27-B67.5",
            "count": 894,
            "created_time": "2025-03-27T20:42:35.777753Z",
            "yes_price": 94,
            "no_price": 6,
            "taker_side": "no"
        },
        {
            "trade_id": "63905723-568c-45a0-bb7b-fa09eaf63c22",
            "ticker": "KXHIGHAUS-25MAR27-B67.5",
            "count": 14,
            "created_time": "2025-03-27T20:42:35.777753Z",
            "yes_price": 95,
            "no_price": 5,
            "taker_side": "no"
        },
        {
            "trade_id": "c8949ee6-36d9-489b-8107-c6518bd2f771",
            "ticker": "KXHIGHAUS-25MAR27-B67.5",
            "count": 1,
            "created_time": "2025-03-27T20:29:38.008201Z",
            "yes_price": 99,
            "no_price": 1,
            "taker_side": "yes"
        },
        {
            "trade_id": "bc7b5948-e57c-4535-9e3d-f80d2d2a478c",
            "ticker": "KXHIGHAUS-25MAR27-B67.5",
            "count": 16,
            "created_time": "2025-03-27T20:29:38.008201Z",
            "yes_price": 99,
            "no_price": 1,
            "taker_side": "yes"
        },
        {
            "trade_id": "75fa62b0-bf0d-4f1b-acc0-195d87c181e2",
            "ticker": "KXHIGHAUS-25MAR27-B67.5",
            "count": 1000,
            "created_time": "2025-03-27T20:29:38.008201Z",
            "yes_price": 99,
            "no_price": 1,
            "taker_side": "yes"
        },
        {
            "trade_id": "3a260af6-d130-4936-985c-991fcc3f9bbc",
            "ticker": "KXHIGHAUS-25MAR27-B67.5",
            "count": 24,
            "created_time": "2025-03-27T20:29:38.008201Z",
            "yes_price": 99,
            "no_price": 1,
            "taker_side": "yes"
        },
        {
            "trade_id": "300a10ab-3691-490d-a998-d2a9263362b0",
            "ticker": "KXHIGHAUS-25MAR27-B67.5",
            "count": 45,
            "created_time": "2025-03-27T20:29:38.008201Z",
            "yes_price": 99,
            "no_price": 1,
            "taker_side": "yes"
        },
        {
            "trade_id": "2f029610-bca3-4545-8554-95bb3cb4a0a3",
            "ticker": "KXHIGHAUS-25MAR27-B67.5",
            "count": 137,
            "created_time": "2025-03-27T20:29:38.008201Z",
            "yes_price": 99,
            "no_price": 1,
            "taker_side": "yes"
        },
        {
            "trade_id": "2309b1a9-721c-4946-bbe2-be3689e1c507",
            "ticker": "KXHIGHAUS-25MAR27-B67.5",
            "count": 19,
            "created_time": "2025-03-27T20:29:38.008201Z",
            "yes_price": 99,
            "no_price": 1,
            "taker_side": "yes"
        },
        {
            "trade_id": "e45a3699-096b-448c-84a6-15350b940cc3",
            "ticker": "KXHIGHAUS-25MAR27-B67.5",
            "count": 16,
            "created_time": "2025-03-27T20:25:23.390695Z",
            "yes_price": 98,
            "no_price": 2,
            "taker_side": "yes"
        },
        {
            "trade_id": "4a20b040-adc7-4a3c-a8a6-0bf37fb0296f",
            "ticker": "KXHIGHAUS-25MAR27-B67.5",
            "count": 23,
            "created_time": "2025-03-27T20:25:23.390695Z",
            "yes_price": 98,
            "no_price": 2,
            "taker_side": "yes"
        },
        {
            "trade_id": "78f864de-c345-416b-8d97-adf2bc50f6a1",
            "ticker": "KXHIGHAUS-25MAR27-B67.5",
            "count": 76,
            "created_time": "2025-03-27T20:02:12.718299Z",
            "yes_price": 98,
            "no_price": 2,
            "taker_side": "yes"
        },
        {
            "trade_id": "f4bdc41b-fa4e-4b67-8334-14eb4d088c82",
            "ticker": "KXHIGHAUS-25MAR27-B67.5",
            "count": 1,
            "created_time": "2025-03-27T20:01:31.436812Z",
            "yes_price": 98,
            "no_price": 2,
            "taker_side": "yes"
        },
        {
            "trade_id": "ae71eabb-4a5c-45fd-9e0d-70499a3bf597",
            "ticker": "KXHIGHAUS-25MAR27-B67.5",
            "count": 45,
            "created_time": "2025-03-27T19:57:07.299654Z",
            "yes_price": 96,
            "no_price": 4,
            "taker_side": "yes"
        },
        {
            "trade_id": "e01d9bc6-9c74-4ec4-85cf-e6d4a4d58c51",
            "ticker": "KXHIGHAUS-25MAR27-B67.5",
            "count": 12,
            "created_time": "2025-03-27T19:56:55.692579Z",
            "yes_price": 93,
            "no_price": 7,
            "taker_side": "yes"
        },
        {
            "trade_id": "1b38e8e7-5192-4b6a-bd50-2e2f5d31505d",
            "ticker": "KXHIGHAUS-25MAR27-B67.5",
            "count": 24,
            "created_time": "2025-03-27T19:50:38.774311Z",
            "yes_price": 97,
            "no_price": 3,
            "taker_side": "no"
        },
        {
            "trade_id": "f1092d81-5b37-4386-a24a-24a1f2a254e0",
            "ticker": "KXHIGHAUS-25MAR27-B67.5",
            "count": 3,
            "created_time": "2025-03-27T19:50:38.722056Z",
            "yes_price": 90,
            "no_price": 10,
            "taker_side": "yes"
        },
        {
            "trade_id": "ee59027b-c95e-46a9-91d0-4bf36b1a6628",
            "ticker": "KXHIGHAUS-25MAR27-B67.5",
            "count": 50,
            "created_time": "2025-03-27T19:50:38.722056Z",
            "yes_price": 97,
            "no_price": 3,
            "taker_side": "yes"
        },
        {
            "trade_id": "a1f02184-9a72-4ba8-8152-e62a228ea4c4",
            "ticker": "KXHIGHAUS-25MAR27-B67.5",
            "count": 8,
            "created_time": "2025-03-27T19:50:38.722056Z",
            "yes_price": 94,
            "no_price": 6,
            "taker_side": "yes"
        },
        {
            "trade_id": "832724d2-218d-4b11-9b24-cc09a378af10",
            "ticker": "KXHIGHAUS-25MAR27-B67.5",
            "count": 19,
            "created_time": "2025-03-27T19:50:38.722056Z",
            "yes_price": 97,
            "no_price": 3,
            "taker_side": "yes"
        },
        {
            "trade_id": "79edaf6a-3d86-4f3c-a58a-824bf4cfbe32",
            "ticker": "KXHIGHAUS-25MAR27-B67.5",
            "count": 20,
            "created_time": "2025-03-27T19:50:38.722056Z",
            "yes_price": 95,
            "no_price": 5,
            "taker_side": "yes"
        },
        {
            "trade_id": "69bcaf77-e268-4ac6-bad3-d9cef6d1904a",
            "ticker": "KXHIGHAUS-25MAR27-B67.5",
            "count": 71,
            "created_time": "2025-03-27T19:50:38.722056Z",
            "yes_price": 97,
            "no_price": 3,
            "taker_side": "yes"
        },
        {
            "trade_id": "583302c7-2c7c-4e41-b136-449329764e99",
            "ticker": "KXHIGHAUS-25MAR27-B67.5",
            "count": 6,
            "created_time": "2025-03-27T19:50:38.722056Z",
            "yes_price": 96,
            "no_price": 4,
            "taker_side": "yes"
        },
        {
            "trade_id": "51f2c0b2-2337-4854-8e95-4f90cf163f8e",
            "ticker": "KXHIGHAUS-25MAR27-B67.5",
            "count": 12,
            "created_time": "2025-03-27T19:50:38.722056Z",
            "yes_price": 91,
            "no_price": 9,
            "taker_side": "yes"
        },
        {
            "trade_id": "7c0bc5e4-d641-4fee-b04c-4360dcfced53",
            "ticker": "KXHIGHAUS-25MAR27-B67.5",
            "count": 17,
            "created_time": "2025-03-27T19:47:45.699146Z",
            "yes_price": 90,
            "no_price": 10,
            "taker_side": "no"
        },
        {
            "trade_id": "9e5dfac8-1cad-43f8-84d7-8a212a22f12f",
            "ticker": "KXHIGHAUS-25MAR27-B67.5",
            "count": 30,
            "created_time": "2025-03-27T19:46:14.490032Z",
            "yes_price": 95,
            "no_price": 5,
            "taker_side": "yes"
        },
        {
            "trade_id": "457bbfb9-a15b-4b3d-a611-6085e934a712",
            "ticker": "KXHIGHAUS-25MAR27-B67.5",
            "count": 13,
            "created_time": "2025-03-27T19:45:27.783927Z",
            "yes_price": 90,
            "no_price": 10,
            "taker_side": "no"
        },
        {
            "trade_id": "73cd830c-f50b-4162-809c-c9f0f80d6713",
            "ticker": "KXHIGHAUS-25MAR27-B67.5",
            "count": 2,
            "created_time": "2025-03-27T19:43:13.959993Z",
            "yes_price": 91,
            "no_price": 9,
            "taker_side": "yes"
        },
        {
            "trade_id": "b091f7e1-5d97-4d26-9bf2-d7a28b9fca5f",
            "ticker": "KXHIGHAUS-25MAR27-B67.5",
            "count": 6,
            "created_time": "2025-03-27T19:40:26.894144Z",
            "yes_price": 91,
            "no_price": 9,
            "taker_side": "no"
        },
        {
            "trade_id": "9467ef83-c1e3-4697-b92a-c287c0495d18",
            "ticker": "KXHIGHAUS-25MAR27-B67.5",
            "count": 14,
            "created_time": "2025-03-27T19:35:25.027299Z",
            "yes_price": 91,
            "no_price": 9,
            "taker_side": "no"
        },
        {
            "trade_id": "a4c02591-2054-43b1-bf85-eccbd8553a3e",
            "ticker": "KXHIGHAUS-25MAR27-B67.5",
            "count": 13,
            "created_time": "2025-03-27T19:33:11.950505Z",
            "yes_price": 89,
            "no_price": 11,
            "taker_side": "yes"
        },
        {
            "trade_id": "01eef0a5-fbff-4909-af1f-bca8e97e2dfb",
            "ticker": "KXHIGHAUS-25MAR27-B67.5",
            "count": 8,
            "created_time": "2025-03-27T19:33:11.950505Z",
            "yes_price": 94,
            "no_price": 6,
            "taker_side": "yes"
        },
        {
            "trade_id": "ea477f12-efe6-44d8-bace-0cf066fb57e6",
            "ticker": "KXHIGHAUS-25MAR27-B67.5",
            "count": 50,
            "created_time": "2025-03-27T19:29:50.467794Z",
            "yes_price": 94,
            "no_price": 6,
            "taker_side": "yes"
        },
        {
            "trade_id": "75445d7e-39fd-4eeb-a05e-1ff7d48cb4a5",
            "ticker": "KXHIGHAUS-25MAR27-B67.5",
            "count": 12,
            "created_time": "2025-03-27T19:29:50.467794Z",
            "yes_price": 93,
            "no_price": 7,
            "taker_side": "yes"
        },
        {
            "trade_id": "50d2c9c6-ac6b-44b1-b0be-002f08138494",
            "ticker": "KXHIGHAUS-25MAR27-B67.5",
            "count": 29,
            "created_time": "2025-03-27T19:29:50.467794Z",
            "yes_price": 97,
            "no_price": 3,
            "taker_side": "yes"
        },
        {
            "trade_id": "4604b5f3-1a8e-457c-88ab-e015658eaeb8",
            "ticker": "KXHIGHAUS-25MAR27-B67.5",
            "count": 14,
            "created_time": "2025-03-27T19:29:50.467794Z",
            "yes_price": 88,
            "no_price": 12,
            "taker_side": "yes"
        },
        {
            "trade_id": "74680a46-953c-450c-aaa7-5ccd778e0634",
            "ticker": "KXHIGHAUS-25MAR27-B67.5",
            "count": 1,
            "created_time": "2025-03-27T19:20:26.129587Z",
            "yes_price": 85,
            "no_price": 15,
            "taker_side": "yes"
        },
        {
            "trade_id": "3f39e7de-f409-418f-88f2-2ff401a7e5ca",
            "ticker": "KXHIGHAUS-25MAR27-B67.5",
            "count": 15,
            "created_time": "2025-03-27T19:15:26.421465Z",
            "yes_price": 85,
            "no_price": 15,
            "taker_side": "no"
        },
        {
            "trade_id": "1bb49a9b-d1ab-4a25-b3e4-f879ca20663a",
            "ticker": "KXHIGHAUS-25MAR27-B67.5",
            "count": 16,
            "created_time": "2025-03-27T19:12:20.715326Z",
            "yes_price": 84,
            "no_price": 16,
            "taker_side": "yes"
        },
        {
            "trade_id": "21144198-2a45-45fa-9756-06ef3e265dc6",
            "ticker": "KXHIGHAUS-25MAR27-B67.5",
            "count": 16,
            "created_time": "2025-03-27T19:07:51.099504Z",
            "yes_price": 84,
            "no_price": 16,
            "taker_side": "yes"
        },
        {
            "trade_id": "eb82b261-4115-487e-915d-1c9892024b7e",
            "ticker": "KXHIGHAUS-25MAR27-B67.5",
            "count": 25,
            "created_time": "2025-03-27T18:59:36.774923Z",
            "yes_price": 72,
            "no_price": 28,
            "taker_side": "no"
        },
        {
            "trade_id": "913cdb25-850c-43dc-91fc-a4495eaad7c2",
            "ticker": "KXHIGHAUS-25MAR27-B67.5",
            "count": 167,
            "created_time": "2025-03-27T18:59:36.774923Z",
            "yes_price": 71,
            "no_price": 29,
            "taker_side": "no"
        },
        {
            "trade_id": "500db73e-085d-44bc-b623-cd3b5d54a91f",
            "ticker": "KXHIGHAUS-25MAR27-B67.5",
            "count": 8,
            "created_time": "2025-03-27T18:59:36.774923Z",
            "yes_price": 72,
            "no_price": 28,
            "taker_side": "no"
        },
        {
            "trade_id": "b7c48996-afd1-4a99-85ac-0f43803e8743",
            "ticker": "KXHIGHAUS-25MAR27-B67.5",
            "count": 16,
            "created_time": "2025-03-27T18:51:40.516865Z",
            "yes_price": 83,
            "no_price": 17,
            "taker_side": "yes"
        },
        {
            "trade_id": "a629bf9f-9c66-4c25-ab30-5349aab40a51",
            "ticker": "KXHIGHAUS-25MAR27-B67.5",
            "count": 9,
            "created_time": "2025-03-27T18:51:40.516865Z",
            "yes_price": 90,
            "no_price": 10,
            "taker_side": "yes"
        },
        {
            "trade_id": "96fdde6c-0d69-400d-aab8-37e88da1742f",
            "ticker": "KXHIGHAUS-25MAR27-B67.5",
            "count": 16,
            "created_time": "2025-03-27T18:47:47.471782Z",
            "yes_price": 83,
            "no_price": 17,
            "taker_side": "yes"
        },
        {
            "trade_id": "27aaa31a-f986-4f71-8596-5d22ab075245",
            "ticker": "KXHIGHAUS-25MAR27-B67.5",
            "count": 7,
            "created_time": "2025-03-27T18:47:47.471782Z",
            "yes_price": 87,
            "no_price": 13,
            "taker_side": "yes"
        },
        {
            "trade_id": "e4c2d7f7-d425-43d6-8152-de034fabef04",
            "ticker": "KXHIGHAUS-25MAR27-B67.5",
            "count": 40,
            "created_time": "2025-03-27T18:43:03.04978Z",
            "yes_price": 92,
            "no_price": 8,
            "taker_side": "yes"
        },
        {
            "trade_id": "e370a955-4d2a-4377-8039-bd515b5d8ae4",
            "ticker": "KXHIGHAUS-25MAR27-B67.5",
            "count": 299,
            "created_time": "2025-03-27T18:43:03.04978Z",
            "yes_price": 81,
            "no_price": 19,
            "taker_side": "yes"
        },
        {
            "trade_id": "dd782479-0256-4a62-a597-2cdc26a2ec5a",
            "ticker": "KXHIGHAUS-25MAR27-B67.5",
            "count": 50,
            "created_time": "2025-03-27T18:43:03.04978Z",
            "yes_price": 91,
            "no_price": 9,
            "taker_side": "yes"
        },
        {
            "trade_id": "d7d82cd4-8340-4246-935b-6bf4c6f19220",
            "ticker": "KXHIGHAUS-25MAR27-B67.5",
            "count": 148,
            "created_time": "2025-03-27T18:43:03.04978Z",
            "yes_price": 93,
            "no_price": 7,
            "taker_side": "yes"
        },
        {
            "trade_id": "d3fc5d9c-8b1a-445f-9a04-b0b0b7f750da",
            "ticker": "KXHIGHAUS-25MAR27-B67.5",
            "count": 10,
            "created_time": "2025-03-27T18:43:03.04978Z",
            "yes_price": 79,
            "no_price": 21,
            "taker_side": "yes"
        },
        {
            "trade_id": "c7c818a3-1404-4bfe-bef8-9b555c44a257",
            "ticker": "KXHIGHAUS-25MAR27-B67.5",
            "count": 92,
            "created_time": "2025-03-27T18:43:03.04978Z",
            "yes_price": 89,
            "no_price": 11,
            "taker_side": "yes"
        },
        {
            "trade_id": "b347d52d-0162-4190-96a6-9dc3a7152a49",
            "ticker": "KXHIGHAUS-25MAR27-B67.5",
            "count": 10,
            "created_time": "2025-03-27T18:43:03.04978Z",
            "yes_price": 80,
            "no_price": 20,
            "taker_side": "yes"
        },
        {
            "trade_id": "83d5ac5f-4929-4213-8667-3bfeb56b8363",
            "ticker": "KXHIGHAUS-25MAR27-B67.5",
            "count": 80,
            "created_time": "2025-03-27T18:43:03.04978Z",
            "yes_price": 75,
            "no_price": 25,
            "taker_side": "yes"
        },
        {
            "trade_id": "7dfd9ef2-265c-43fa-8159-494807836f2a",
            "ticker": "KXHIGHAUS-25MAR27-B67.5",
            "count": 20,
            "created_time": "2025-03-27T18:43:03.04978Z",
            "yes_price": 80,
            "no_price": 20,
            "taker_side": "yes"
        },
        {
            "trade_id": "7cd9aabd-70d5-451e-864b-90bdeebb57d1",
            "ticker": "KXHIGHAUS-25MAR27-B67.5",
            "count": 20,
            "created_time": "2025-03-27T18:43:03.04978Z",
            "yes_price": 77,
            "no_price": 23,
            "taker_side": "yes"
        },
        {
            "trade_id": "73d49ba6-bdb4-4296-b68b-fb65fd2e8594",
            "ticker": "KXHIGHAUS-25MAR27-B67.5",
            "count": 1,
            "created_time": "2025-03-27T18:43:03.04978Z",
            "yes_price": 88,
            "no_price": 12,
            "taker_side": "yes"
        },
        {
            "trade_id": "54d36bc2-9135-4ca3-830c-46027698d051",
            "ticker": "KXHIGHAUS-25MAR27-B67.5",
            "count": 2,
            "created_time": "2025-03-27T18:43:03.04978Z",
            "yes_price": 81,
            "no_price": 19,
            "taker_side": "yes"
        },
        {
            "trade_id": "4b92859a-9778-439a-9199-9aba18a2bddb",
            "ticker": "KXHIGHAUS-25MAR27-B67.5",
            "count": 19,
            "created_time": "2025-03-27T18:43:03.04978Z",
            "yes_price": 87,
            "no_price": 13,
            "taker_side": "yes"
        },
        {
            "trade_id": "2538af99-1c2d-405a-ac5d-fcb1cfb6a344",
            "ticker": "KXHIGHAUS-25MAR27-B67.5",
            "count": 250,
            "created_time": "2025-03-27T18:43:03.04978Z",
            "yes_price": 88,
            "no_price": 12,
            "taker_side": "yes"
        },
        {
            "trade_id": "a3152324-583c-4333-bd96-447df77a81d6",
            "ticker": "KXHIGHAUS-25MAR27-B67.5",
            "count": 45,
            "created_time": "2025-03-27T18:37:09.24818Z",
            "yes_price": 75,
            "no_price": 25,
            "taker_side": "yes"
        },
        {
            "trade_id": "78a96b9b-0a2a-46f4-99dd-546318eae111",
            "ticker": "KXHIGHAUS-25MAR27-B67.5",
            "count": 4,
            "created_time": "2025-03-27T18:26:34.313148Z",
            "yes_price": 67,
            "no_price": 33,
            "taker_side": "no"
        },
        {
            "trade_id": "2586fac7-164e-4f3b-be50-873561e2c3ec",
            "ticker": "KXHIGHAUS-25MAR27-B67.5",
            "count": 50,
            "created_time": "2025-03-27T18:21:48.014771Z",
            "yes_price": 75,
            "no_price": 25,
            "taker_side": "yes"
        },
        {
            "trade_id": "30e5f9c9-2de2-4fdb-8858-853bb7fc53e7",
            "ticker": "KXHIGHAUS-25MAR27-B67.5",
            "count": 25,
            "created_time": "2025-03-27T18:09:48.787747Z",
            "yes_price": 75,
            "no_price": 25,
            "taker_side": "yes"
        },
        {
            "trade_id": "8ec58e1d-68a9-4c1d-a918-16cffa4e4300",
            "ticker": "KXHIGHAUS-25MAR27-B67.5",
            "count": 20,
            "created_time": "2025-03-27T18:07:08.208492Z",
            "yes_price": 75,
            "no_price": 25,
            "taker_side": "yes"
        },
        {
            "trade_id": "dcdf82c4-31b4-4836-863b-321305e16778",
            "ticker": "KXHIGHAUS-25MAR27-B67.5",
            "count": 54,
            "created_time": "2025-03-27T18:02:17.383369Z",
            "yes_price": 56,
            "no_price": 44,
            "taker_side": "no"
        },
        {
            "trade_id": "52582b6b-e854-4651-8286-783c3df10141",
            "ticker": "KXHIGHAUS-25MAR27-B67.5",
            "count": 15,
            "created_time": "2025-03-27T18:02:17.383369Z",
            "yes_price": 57,
            "no_price": 43,
            "taker_side": "no"
        },
        {
            "trade_id": "0b02d317-a25d-4f53-9b9f-19ca433fc70f",
            "ticker": "KXHIGHAUS-25MAR27-B67.5",
            "count": 25,
            "created_time": "2025-03-27T18:02:17.383369Z",
            "yes_price": 57,
            "no_price": 43,
            "taker_side": "no"
        },
        {
            "trade_id": "cb8d8afc-41aa-4fea-97ca-8389ff72f709",
            "ticker": "KXHIGHAUS-25MAR27-B67.5",
            "count": 5,
            "created_time": "2025-03-27T18:00:37.707688Z",
            "yes_price": 74,
            "no_price": 26,
            "taker_side": "yes"
        },
        {
            "trade_id": "ca936ba2-43f0-4854-b1eb-058877bb5ac0",
            "ticker": "KXHIGHAUS-25MAR27-B67.5",
            "count": 26,
            "created_time": "2025-03-27T18:00:11.377138Z",
            "yes_price": 74,
            "no_price": 26,
            "taker_side": "yes"
        },
        {
            "trade_id": "d7722cd3-2e18-4aa6-8146-d24eaeb9a346",
            "ticker": "KXHIGHAUS-25MAR27-B67.5",
            "count": 5,
            "created_time": "2025-03-27T17:58:12.553019Z",
            "yes_price": 62,
            "no_price": 38,
            "taker_side": "yes"
        },
        {
            "trade_id": "e05dfe15-3ccb-43c5-83d8-fa2aa34eaf5e",
            "ticker": "KXHIGHAUS-25MAR27-B67.5",
            "count": 19,
            "created_time": "2025-03-27T17:55:56.140569Z",
            "yes_price": 75,
            "no_price": 25,
            "taker_side": "yes"
        },
        {
            "trade_id": "dbf4938c-95e5-4b26-8643-ae3a7404bee6",
            "ticker": "KXHIGHAUS-25MAR27-B67.5",
            "count": 25,
            "created_time": "2025-03-27T17:55:56.140569Z",
            "yes_price": 75,
            "no_price": 25,
            "taker_side": "yes"
        },
        {
            "trade_id": "83e792ef-83ba-4d7a-90d6-d6381d100243",
            "ticker": "KXHIGHAUS-25MAR27-B67.5",
            "count": 5,
            "created_time": "2025-03-27T17:55:56.140569Z",
            "yes_price": 75,
            "no_price": 25,
            "taker_side": "yes"
        },
        {
            "trade_id": "74f79982-f0b6-43a6-95df-abcfad34c8c2",
            "ticker": "KXHIGHAUS-25MAR27-B67.5",
            "count": 101,
            "created_time": "2025-03-27T17:55:56.140569Z",
            "yes_price": 76,
            "no_price": 24,
            "taker_side": "yes"
        },
        {
            "trade_id": "8cb888f9-e283-4495-91ad-d168f454dec8",
            "ticker": "KXHIGHAUS-25MAR27-B67.5",
            "count": 14,
            "created_time": "2025-03-27T17:55:36.094241Z",
            "yes_price": 72,
            "no_price": 28,
            "taker_side": "yes"
        },
        {
            "trade_id": "87b51866-0e0a-443b-b1d2-d681a1d130ba",
            "ticker": "KXHIGHAUS-25MAR27-B67.5",
            "count": 44,
            "created_time": "2025-03-27T17:55:36.094241Z",
            "yes_price": 75,
            "no_price": 25,
            "taker_side": "yes"
        },
        {
            "trade_id": "6c0228c6-cd35-461d-b7a2-b1f5369563dc",
            "ticker": "KXHIGHAUS-25MAR27-B67.5",
            "count": 10,
            "created_time": "2025-03-27T17:55:36.094241Z",
            "yes_price": 75,
            "no_price": 25,
            "taker_side": "yes"
        },
        {
            "trade_id": "6104611f-d6ca-4d24-8d6a-3631af1bcb81",
            "ticker": "KXHIGHAUS-25MAR27-B67.5",
            "count": 15,
            "created_time": "2025-03-27T17:55:36.094241Z",
            "yes_price": 73,
            "no_price": 27,
            "taker_side": "yes"
        },
        {
            "trade_id": "5408d9eb-f9fd-42e6-b264-e66e761ed5b3",
            "ticker": "KXHIGHAUS-25MAR27-B67.5",
            "count": 16,
            "created_time": "2025-03-27T17:55:36.094241Z",
            "yes_price": 74,
            "no_price": 26,
            "taker_side": "yes"
        },
        {
            "trade_id": "3e283056-7a42-430c-bd47-ddea9082b885",
            "ticker": "KXHIGHAUS-25MAR27-B67.5",
            "count": 1,
