{
    "KXHIGHAUS-25MAR01-T77": [
        {
            "trade_id": "d15a0d54-2d1c-4fed-91f6-468ddbf76962",
            "ticker": "KXHIGHAUS-25MAR01-T77",
            "count": 40,
            "created_time": "2025-03-01T15:44:21.966335Z",
            "yes_price": 1,
            "no_price": 99,
            "taker_side": "yes"
        },
        {
            "trade_id": "20bc3aba-3704-4e34-b4a8-29c175d3e9f9",
            "ticker": "KXHIGHAUS-25MAR01-T77",
            "count": 20,
            "created_time": "2025-03-01T15:44:21.966335Z",
            "yes_price": 1,
            "no_price": 99,
            "taker_side": "yes"
        },
        {
            "trade_id": "c157fc22-8d72-4b69-9956-de497678eb12",
            "ticker": "KXHIGHAUS-25MAR01-T77",
            "count": 60,
            "created_time": "2025-03-01T15:43:34.620589Z",
            "yes_price": 1,
            "no_price": 99,
            "taker_side": "yes"
        },
        {
            "trade_id": "88be932e-3896-4751-8dcc-117c5b57c8a3",
            "ticker": "KXHIGHAUS-25MAR01-T77",
            "count": 50,
            "created_time": "2025-03-01T13:25:45.695487Z",
            "yes_price": 1,
            "no_price": 99,
            "taker_side": "no"
        },
        {
            "trade_id": "0b5713f2-ee72-4a89-a00c-63d3c28ab521",
            "ticker": "KXHIGHAUS-25MAR01-T77",
            "count": 200,
            "created_time": "2025-03-01T13:25:45.695487Z",
            "yes_price": 1,
            "no_price": 99,
            "taker_side": "no"
        },
        {
            "trade_id": "dbe2b85c-6d1a-4fc8-bf1c-24771de80192",
            "ticker": "KXHIGHAUS-25MAR01-T77",
            "count": 2,
            "created_time": "2025-03-01T03:43:27.560163Z",
            "yes_price": 5,
            "no_price": 95,
            "taker_side": "yes"
        },
        {
            "trade_id": "00e00c86-ec01-4f57-a3a6-4b822005fba7",
            "ticker": "KXHIGHAUS-25MAR01-T77",
            "count": 18,
            "created_time": "2025-02-28T21:57:02.177564Z",
            "yes_price": 5,
            "no_price": 95,
            "taker_side": "yes"
        }
    ],
    "KXHIGHAUS-25MAR01-B77.5": [
        {
            "trade_id": "6f7fefd0-766b-4c4a-8fca-ccfb0c3d109e",
            "ticker": "KXHIGHAUS-25MAR01-B77.5",
            "count": 86,
            "created_time": "2025-03-01T19:10:00.468322Z",
            "yes_price": 1,
            "no_price": 99,
            "taker_side": "yes"
        },
        {
            "trade_id": "3bf3b62a-ff70-4549-bc02-5e688b81cb29",
            "ticker": "KXHIGHAUS-25MAR01-B77.5",
            "count": 16,
            "created_time": "2025-03-01T19:10:00.468322Z",
            "yes_price": 1,
            "no_price": 99,
            "taker_side": "yes"
        },
        {
            "trade_id": "2b087ca6-db1e-40b8-b758-11c6f39deec3",
            "ticker": "KXHIGHAUS-25MAR01-B77.5",
            "count": 150,
            "created_time": "2025-03-01T15:00:32.463831Z",
            "yes_price": 1,
            "no_price": 99,
            "taker_side": "no"
        },
        {
            "trade_id": "e2b8eacc-9c5a-4f5d-a12b-3f730f6e807f",
            "ticker": "KXHIGHAUS-25MAR01-B77.5",
            "count": 250,
            "created_time": "2025-03-01T13:25:40.919599Z",
            "yes_price": 1,
            "no_price": 99,
            "taker_side": "no"
        },
        {
            "trade_id": "a74150f4-180f-4c62-81bc-680f8b119812",
            "ticker": "KXHIGHAUS-25MAR01-B77.5",
            "count": 200,
            "created_time": "2025-03-01T13:25:40.919599Z",
            "yes_price": 1,
            "no_price": 99,
            "taker_side": "no"
        },
        {
            "trade_id": "3ced02b6-9cdb-4342-b205-741ace8d1ebc",
            "ticker": "KXHIGHAUS-25MAR01-B77.5",
            "count": 50,
            "created_time": "2025-03-01T13:25:40.919599Z",
            "yes_price": 1,
            "no_price": 99,
            "taker_side": "no"
        }
    ],
    "KXHIGHAUS-25MAR01-B79.5": [
        {
            "trade_id": "bf96b064-e6fd-4c52-8325-8a0a6a12af11",
            "ticker": "KXHIGHAUS-25MAR01-B79.5",
            "count": 108,
            "created_time": "2025-03-01T17:00:21.956514Z",
            "yes_price": 1,
            "no_price": 99,
            "taker_side": "no"
        },
        {
            "trade_id": "671a87bc-eaea-4dff-bff7-44a7f9a3df61",
            "ticker": "KXHIGHAUS-25MAR01-B79.5",
            "count": 190,
            "created_time": "2025-03-01T16:41:56.369852Z",
            "yes_price": 1,
            "no_price": 99,
            "taker_side": "no"
        },
        {
            "trade_id": "f808cd0b-e1db-4a12-841f-4d59b4c01e80",
            "ticker": "KXHIGHAUS-25MAR01-B79.5",
            "count": 2,
            "created_time": "2025-03-01T16:35:51.562373Z",
            "yes_price": 1,
            "no_price": 99,
            "taker_side": "no"
        },
        {
            "trade_id": "0a488bf9-3077-47c7-a7b8-4736d73d65c6",
            "ticker": "KXHIGHAUS-25MAR01-B79.5",
            "count": 250,
            "created_time": "2025-03-01T15:00:28.407817Z",
            "yes_price": 2,
            "no_price": 98,
            "taker_side": "no"
        },
        {
            "trade_id": "47b2beff-2b2f-4f04-98de-6b1807eaa5f9",
            "ticker": "KXHIGHAUS-25MAR01-B79.5",
            "count": 25,
            "created_time": "2025-03-01T13:33:59.767956Z",
            "yes_price": 2,
            "no_price": 98,
            "taker_side": "no"
        },
        {
            "trade_id": "74d47382-1ac5-496d-ba8c-c4db8371f5d2",
            "ticker": "KXHIGHAUS-25MAR01-B79.5",
            "count": 50,
            "created_time": "2025-03-01T13:04:50.361832Z",
            "yes_price": 4,
            "no_price": 96,
            "taker_side": "yes"
        },
        {
            "trade_id": "b9320168-1dc5-4f6c-b357-014a4d299c78",
            "ticker": "KXHIGHAUS-25MAR01-B79.5",
            "count": 23,
            "created_time": "2025-03-01T07:45:43.053709Z",
            "yes_price": 4,
            "no_price": 96,
            "taker_side": "yes"
        },
        {
            "trade_id": "f8d53c89-0b20-424c-aa7e-d0c6a6240f89",
            "ticker": "KXHIGHAUS-25MAR01-B79.5",
            "count": 89,
            "created_time": "2025-03-01T05:49:54.093766Z",
            "yes_price": 5,
            "no_price": 95,
            "taker_side": "yes"
        },
        {
            "trade_id": "e59a982b-f2e2-43c7-98fd-613400a6d78a",
            "ticker": "KXHIGHAUS-25MAR01-B79.5",
            "count": 4,
            "created_time": "2025-03-01T05:49:54.093766Z",
            "yes_price": 3,
            "no_price": 97,
            "taker_side": "yes"
        },
        {
            "trade_id": "019136d4-d2bd-43ad-af3d-d3c9c4c9299f",
            "ticker": "KXHIGHAUS-25MAR01-B79.5",
            "count": 3,
            "created_time": "2025-03-01T05:49:54.093766Z",
            "yes_price": 3,
            "no_price": 97,
            "taker_side": "yes"
        },
        {
            "trade_id": "f42b80cc-ef4f-4f62-8633-71105ec28d63",
            "ticker": "KXHIGHAUS-25MAR01-B79.5",
            "count": 5,
            "created_time": "2025-03-01T03:30:28.445206Z",
            "yes_price": 3,
            "no_price": 97,
            "taker_side": "no"
        },
        {
            "trade_id": "2be3bb72-b997-4a21-afd6-5b0e76e48a61",
            "ticker": "KXHIGHAUS-25MAR01-B79.5",
            "count": 4,
            "created_time": "2025-03-01T03:15:31.247914Z",
            "yes_price": 3,
            "no_price": 97,
            "taker_side": "no"
        },
        {
            "trade_id": "fd829ae3-e41e-4f7f-b42e-6544af125709",
            "ticker": "KXHIGHAUS-25MAR01-B79.5",
            "count": 2,
            "created_time": "2025-03-01T02:54:24.108359Z",
            "yes_price": 5,
            "no_price": 95,
            "taker_side": "yes"
        },
        {
            "trade_id": "954e2a4e-4ce3-42a7-a2dd-26ff48896b7b",
            "ticker": "KXHIGHAUS-25MAR01-B79.5",
            "count": 8,
            "created_time": "2025-03-01T02:54:23.232842Z",
            "yes_price": 3,
            "no_price": 97,
            "taker_side": "no"
        },
        {
            "trade_id": "2fc5064a-a63c-4f55-817a-46149c31ee76",
            "ticker": "KXHIGHAUS-25MAR01-B79.5",
            "count": 15,
            "created_time": "2025-03-01T02:47:45.970709Z",
            "yes_price": 3,
            "no_price": 97,
            "taker_side": "no"
        },
        {
            "trade_id": "6e3f96ec-3547-4d39-aa98-19442aa5dfec",
            "ticker": "KXHIGHAUS-25MAR01-B79.5",
            "count": 1,
            "created_time": "2025-03-01T02:36:23.368135Z",
            "yes_price": 3,
            "no_price": 97,
            "taker_side": "no"
        },
        {
            "trade_id": "60067ed7-1379-495b-9d18-59e5fa759774",
            "ticker": "KXHIGHAUS-25MAR01-B79.5",
            "count": 2,
            "created_time": "2025-03-01T02:33:24.778386Z",
            "yes_price": 3,
            "no_price": 97,
            "taker_side": "no"
        },
        {
            "trade_id": "28601140-48cb-4415-9878-d71232e1e1fc",
            "ticker": "KXHIGHAUS-25MAR01-B79.5",
            "count": 1,
            "created_time": "2025-03-01T02:30:25.098118Z",
            "yes_price": 3,
            "no_price": 97,
            "taker_side": "no"
        },
        {
            "trade_id": "ee3bc724-0a60-4564-be78-9e6f1a31bb2f",
            "ticker": "KXHIGHAUS-25MAR01-B79.5",
            "count": 4,
            "created_time": "2025-03-01T02:27:22.215133Z",
            "yes_price": 3,
            "no_price": 97,
            "taker_side": "no"
        },
        {
            "trade_id": "e077d28a-bcc8-4aa4-b406-4c16ec5c5688",
            "ticker": "KXHIGHAUS-25MAR01-B79.5",
            "count": 3,
            "created_time": "2025-03-01T02:25:42.38569Z",
            "yes_price": 5,
            "no_price": 95,
            "taker_side": "yes"
        },
        {
            "trade_id": "6e8cbf9d-7879-4c14-bc0f-02fa3f0355ef",
            "ticker": "KXHIGHAUS-25MAR01-B79.5",
            "count": 1,
            "created_time": "2025-03-01T02:21:23.029852Z",
            "yes_price": 3,
            "no_price": 97,
            "taker_side": "no"
        },
        {
            "trade_id": "a6395907-e82b-4706-a132-f6f92f552d78",
            "ticker": "KXHIGHAUS-25MAR01-B79.5",
            "count": 8,
            "created_time": "2025-03-01T02:18:24.344053Z",
            "yes_price": 3,
            "no_price": 97,
            "taker_side": "no"
        },
        {
            "trade_id": "151427cd-befe-44cc-bfff-cf9e06f0f8c5",
            "ticker": "KXHIGHAUS-25MAR01-B79.5",
            "count": 15,
            "created_time": "2025-03-01T01:54:55.097556Z",
            "yes_price": 3,
            "no_price": 97,
            "taker_side": "no"
        },
        {
            "trade_id": "1cb98f03-c74c-4743-a684-585825d9489f",
            "ticker": "KXHIGHAUS-25MAR01-B79.5",
            "count": 26,
            "created_time": "2025-03-01T01:54:25.395687Z",
            "yes_price": 3,
            "no_price": 97,
            "taker_side": "no"
        },
        {
            "trade_id": "3b60f97a-9744-41e7-b9c9-c70b42c32267",
            "ticker": "KXHIGHAUS-25MAR01-B79.5",
            "count": 26,
            "created_time": "2025-03-01T01:51:22.424394Z",
            "yes_price": 3,
            "no_price": 97,
            "taker_side": "no"
        },
        {
            "trade_id": "71bcc222-1a47-487d-8059-43c5b46152f2",
            "ticker": "KXHIGHAUS-25MAR01-B79.5",
            "count": 45,
            "created_time": "2025-03-01T01:48:29.36696Z",
            "yes_price": 3,
            "no_price": 97,
            "taker_side": "no"
        },
        {
            "trade_id": "b16a1012-14ee-4ea9-9393-3bb5ad47891c",
            "ticker": "KXHIGHAUS-25MAR01-B79.5",
            "count": 39,
            "created_time": "2025-03-01T01:45:29.714807Z",
            "yes_price": 3,
            "no_price": 97,
            "taker_side": "no"
        },
        {
            "trade_id": "424f9ddf-b638-4b5f-ae17-35066995688c",
            "ticker": "KXHIGHAUS-25MAR01-B79.5",
            "count": 13,
            "created_time": "2025-02-28T22:35:00.847394Z",
            "yes_price": 9,
            "no_price": 91,
            "taker_side": "yes"
        },
        {
            "trade_id": "fb00a3ea-6775-4a9a-9365-1bc13c6643dd",
            "ticker": "KXHIGHAUS-25MAR01-B79.5",
            "count": 105,
            "created_time": "2025-02-28T20:10:46.834506Z",
            "yes_price": 7,
            "no_price": 93,
            "taker_side": "no"
        }
    ],
    "KXHIGHAUS-25MAR01-B81.5": [
        {
            "trade_id": "fdf5be4f-7319-4333-9cf9-fbe73192b671",
            "ticker": "KXHIGHAUS-25MAR01-B81.5",
            "count": 31,
            "created_time": "2025-03-01T22:15:58.194136Z",
            "yes_price": 1,
            "no_price": 99,
            "taker_side": "yes"
        },
        {
            "trade_id": "d4826cf2-1ed8-46a6-9ba4-2ab6f60990ff",
            "ticker": "KXHIGHAUS-25MAR01-B81.5",
            "count": 20,
            "created_time": "2025-03-01T21:59:18.763614Z",
            "yes_price": 1,
            "no_price": 99,
            "taker_side": "yes"
        },
        {
            "trade_id": "9a163a80-53d2-4cf6-9fd3-70ffb7ad170e",
            "ticker": "KXHIGHAUS-25MAR01-B81.5",
            "count": 54,
            "created_time": "2025-03-01T20:54:27.910586Z",
            "yes_price": 1,
            "no_price": 99,
            "taker_side": "yes"
        },
        {
            "trade_id": "cdbf3402-31a8-4bfb-9dce-d0f3c8c67faa",
            "ticker": "KXHIGHAUS-25MAR01-B81.5",
            "count": 102,
            "created_time": "2025-03-01T20:21:16.246688Z",
            "yes_price": 1,
            "no_price": 99,
            "taker_side": "yes"
        },
        {
            "trade_id": "101adf13-8b16-42de-ae1f-a4956497dc5b",
            "ticker": "KXHIGHAUS-25MAR01-B81.5",
            "count": 102,
            "created_time": "2025-03-01T20:03:23.56765Z",
            "yes_price": 1,
            "no_price": 99,
            "taker_side": "yes"
        },
        {
            "trade_id": "e9e583a8-fe25-4126-ab41-6a4be537fc32",
            "ticker": "KXHIGHAUS-25MAR01-B81.5",
            "count": 36,
            "created_time": "2025-03-01T19:55:22.157026Z",
            "yes_price": 1,
            "no_price": 99,
            "taker_side": "yes"
        },
        {
            "trade_id": "ece2d070-b049-4e4c-b39d-6a457712c599",
            "ticker": "KXHIGHAUS-25MAR01-B81.5",
            "count": 60,
            "created_time": "2025-03-01T19:55:17.616591Z",
            "yes_price": 1,
            "no_price": 99,
            "taker_side": "no"
        },
        {
            "trade_id": "c0efb0b9-8bd2-4c35-8abd-7db5a36412be",
            "ticker": "KXHIGHAUS-25MAR01-B81.5",
            "count": 300,
            "created_time": "2025-03-01T19:55:17.616591Z",
            "yes_price": 2,
            "no_price": 98,
            "taker_side": "no"
        },
        {
            "trade_id": "c070eb92-3d8e-4d78-b4d7-28a48007788f",
            "ticker": "KXHIGHAUS-25MAR01-B81.5",
            "count": 36,
            "created_time": "2025-03-01T19:55:17.616591Z",
            "yes_price": 1,
            "no_price": 99,
            "taker_side": "no"
        },
        {
            "trade_id": "5a0223e7-aec7-458c-a290-0715d6515eb4",
            "ticker": "KXHIGHAUS-25MAR01-B81.5",
            "count": 850,
            "created_time": "2025-03-01T19:55:17.616591Z",
            "yes_price": 1,
            "no_price": 99,
            "taker_side": "no"
        },
        {
            "trade_id": "34ff89d4-81aa-4faf-b3c9-8c8ae8262135",
            "ticker": "KXHIGHAUS-25MAR01-B81.5",
            "count": 94,
            "created_time": "2025-03-01T19:55:17.616591Z",
            "yes_price": 1,
            "no_price": 99,
            "taker_side": "no"
        },
        {
            "trade_id": "dfa5a4c2-a5b3-48d1-b83d-c545d213ef22",
            "ticker": "KXHIGHAUS-25MAR01-B81.5",
            "count": 300,
            "created_time": "2025-03-01T19:55:17.405271Z",
            "yes_price": 4,
            "no_price": 96,
            "taker_side": "no"
        },
        {
            "trade_id": "a67c4939-774d-46e9-a57f-b9d796dbb663",
            "ticker": "KXHIGHAUS-25MAR01-B81.5",
            "count": 700,
            "created_time": "2025-03-01T19:55:17.405271Z",
            "yes_price": 2,
            "no_price": 98,
            "taker_side": "no"
        },
        {
            "trade_id": "9030b10d-1754-4dfb-a567-f7c34afac1a1",
            "ticker": "KXHIGHAUS-25MAR01-B81.5",
            "count": 11,
            "created_time": "2025-03-01T19:54:58.160225Z",
            "yes_price": 5,
            "no_price": 95,
            "taker_side": "no"
        },
        {
            "trade_id": "b5a88fb8-cf64-4f4d-bf03-4d033e53a5e2",
            "ticker": "KXHIGHAUS-25MAR01-B81.5",
            "count": 211,
            "created_time": "2025-03-01T19:52:05.032648Z",
            "yes_price": 13,
            "no_price": 87,
            "taker_side": "yes"
        },
        {
            "trade_id": "51cae247-c16d-4ab5-ab74-c6e01c2957b3",
            "ticker": "KXHIGHAUS-25MAR01-B81.5",
            "count": 65,
            "created_time": "2025-03-01T19:51:49.354189Z",
            "yes_price": 13,
            "no_price": 87,
            "taker_side": "yes"
        },
        {
            "trade_id": "4ffaf6bc-6a63-4549-83f2-1a0ab193262f",
            "ticker": "KXHIGHAUS-25MAR01-B81.5",
            "count": 7,
            "created_time": "2025-03-01T19:51:49.354189Z",
            "yes_price": 13,
            "no_price": 87,
            "taker_side": "yes"
        },
        {
            "trade_id": "6268e7bb-1b8e-416f-a4c8-d4a9d92c2c7b",
            "ticker": "KXHIGHAUS-25MAR01-B81.5",
            "count": 11,
            "created_time": "2025-03-01T19:51:04.313354Z",
            "yes_price": 11,
            "no_price": 89,
            "taker_side": "yes"
        },
        {
            "trade_id": "5046bd16-12c3-4235-90e7-452917514a08",
            "ticker": "KXHIGHAUS-25MAR01-B81.5",
            "count": 196,
            "created_time": "2025-03-01T19:51:04.313354Z",
            "yes_price": 7,
            "no_price": 93,
            "taker_side": "yes"
        },
        {
            "trade_id": "1cf96ac1-9c63-418a-8582-507f6c395d03",
            "ticker": "KXHIGHAUS-25MAR01-B81.5",
            "count": 300,
            "created_time": "2025-03-01T19:50:45.774167Z",
            "yes_price": 7,
            "no_price": 93,
            "taker_side": "no"
        },
        {
            "trade_id": "1b82cb12-5a1f-4526-841f-4f58bd42f875",
            "ticker": "KXHIGHAUS-25MAR01-B81.5",
            "count": 100,
            "created_time": "2025-03-01T19:50:45.774167Z",
            "yes_price": 7,
            "no_price": 93,
            "taker_side": "no"
        },
        {
            "trade_id": "f89cae26-fc52-4726-9e76-00980fec8ae3",
            "ticker": "KXHIGHAUS-25MAR01-B81.5",
            "count": 11,
            "created_time": "2025-03-01T19:46:06.938568Z",
            "yes_price": 7,
            "no_price": 93,
            "taker_side": "no"
        },
        {
            "trade_id": "c0eb7100-ac2e-414c-a956-84d7a19adc75",
            "ticker": "KXHIGHAUS-25MAR01-B81.5",
            "count": 200,
            "created_time": "2025-03-01T19:46:06.938568Z",
            "yes_price": 7,
            "no_price": 93,
            "taker_side": "no"
        },
        {
            "trade_id": "0acfb5f4-7238-4a60-aa40-90c2b5d7b670",
            "ticker": "KXHIGHAUS-25MAR01-B81.5",
            "count": 116,
            "created_time": "2025-03-01T19:41:34.638049Z",
            "yes_price": 11,
            "no_price": 89,
            "taker_side": "yes"
        },
        {
            "trade_id": "64a42ac3-4387-41cd-b84b-7965e6138359",
            "ticker": "KXHIGHAUS-25MAR01-B81.5",
            "count": 676,
            "created_time": "2025-03-01T19:38:42.830181Z",
            "yes_price": 8,
            "no_price": 92,
            "taker_side": "yes"
        },
        {
            "trade_id": "2e476201-b8a3-48fe-8c0f-f9867dd5180e",
            "ticker": "KXHIGHAUS-25MAR01-B81.5",
            "count": 324,
            "created_time": "2025-03-01T19:38:42.830181Z",
            "yes_price": 7,
            "no_price": 93,
            "taker_side": "yes"
        },
        {
            "trade_id": "a234de4a-9870-4886-87e6-1d8b05a4ae45",
            "ticker": "KXHIGHAUS-25MAR01-B81.5",
            "count": 188,
            "created_time": "2025-03-01T19:29:08.351758Z",
            "yes_price": 10,
            "no_price": 90,
            "taker_side": "yes"
        },
        {
            "trade_id": "6702802c-2497-4bd6-8dae-ff95cb7d707c",
            "ticker": "KXHIGHAUS-25MAR01-B81.5",
            "count": 100,
            "created_time": "2025-03-01T19:28:42.814833Z",
            "yes_price": 11,
            "no_price": 89,
            "taker_side": "yes"
        },
        {
            "trade_id": "4e26ca94-a632-4285-a179-d2ab1b2c35e6",
            "ticker": "KXHIGHAUS-25MAR01-B81.5",
            "count": 62,
            "created_time": "2025-03-01T19:27:18.160793Z",
            "yes_price": 5,
            "no_price": 95,
            "taker_side": "yes"
        },
        {
            "trade_id": "4cfaed18-5bf9-46b7-8a87-989da360aeaa",
            "ticker": "KXHIGHAUS-25MAR01-B81.5",
            "count": 11,
            "created_time": "2025-03-01T19:27:18.160793Z",
            "yes_price": 12,
            "no_price": 88,
            "taker_side": "yes"
        },
        {
            "trade_id": "2ccce700-d0c7-417d-b09f-d9799c3e5852",
            "ticker": "KXHIGHAUS-25MAR01-B81.5",
            "count": 4,
            "created_time": "2025-03-01T19:27:18.160793Z",
            "yes_price": 13,
            "no_price": 87,
            "taker_side": "yes"
        },
        {
            "trade_id": "1ab033fc-b55c-4f5a-9a5e-01e8f827fa62",
            "ticker": "KXHIGHAUS-25MAR01-B81.5",
            "count": 100,
            "created_time": "2025-03-01T19:27:18.160793Z",
            "yes_price": 13,
            "no_price": 87,
            "taker_side": "yes"
        },
        {
            "trade_id": "c12f62cf-428e-4d52-931e-dfc21a76d430",
            "ticker": "KXHIGHAUS-25MAR01-B81.5",
            "count": 788,
            "created_time": "2025-03-01T19:26:20.901472Z",
            "yes_price": 5,
            "no_price": 95,
            "taker_side": "yes"
        },
        {
            "trade_id": "19f732c6-f54a-4fc3-9b7e-d2d9262c0d96",
            "ticker": "KXHIGHAUS-25MAR01-B81.5",
            "count": 252,
            "created_time": "2025-03-01T19:26:20.901472Z",
            "yes_price": 4,
            "no_price": 96,
            "taker_side": "yes"
        },
        {
            "trade_id": "0b7ac1ec-ecc9-4ebd-a00c-76512588429a",
            "ticker": "KXHIGHAUS-25MAR01-B81.5",
            "count": 420,
            "created_time": "2025-03-01T19:26:20.901472Z",
            "yes_price": 5,
            "no_price": 95,
            "taker_side": "yes"
        },
        {
            "trade_id": "1083a2e8-1116-41ae-8405-0c3299226c94",
            "ticker": "KXHIGHAUS-25MAR01-B81.5",
            "count": 93,
            "created_time": "2025-03-01T19:25:44.98887Z",
            "yes_price": 4,
            "no_price": 96,
            "taker_side": "yes"
        },
        {
            "trade_id": "870d0099-5766-47f9-bfbd-b9af1222ebcd",
            "ticker": "KXHIGHAUS-25MAR01-B81.5",
            "count": 14,
            "created_time": "2025-03-01T18:45:42.718477Z",
            "yes_price": 1,
            "no_price": 99,
            "taker_side": "no"
        },
        {
            "trade_id": "fde13612-9837-421f-bef7-d354c304a766",
            "ticker": "KXHIGHAUS-25MAR01-B81.5",
            "count": 3,
            "created_time": "2025-03-01T18:45:41.864844Z",
            "yes_price": 1,
            "no_price": 99,
            "taker_side": "no"
        },
        {
            "trade_id": "78728c4f-b84e-4ba7-ae62-d3cae0e5410b",
            "ticker": "KXHIGHAUS-25MAR01-B81.5",
            "count": 18,
            "created_time": "2025-03-01T18:45:41.016369Z",
            "yes_price": 1,
            "no_price": 99,
            "taker_side": "no"
        },
        {
            "trade_id": "6aced05d-1865-4c81-aa6b-82d2f3291acf",
            "ticker": "KXHIGHAUS-25MAR01-B81.5",
            "count": 2,
            "created_time": "2025-03-01T18:45:41.016369Z",
            "yes_price": 2,
            "no_price": 98,
            "taker_side": "no"
        },
        {
            "trade_id": "a8d7977d-d50c-4bca-b25f-be037464b99c",
            "ticker": "KXHIGHAUS-25MAR01-B81.5",
            "count": 60,
            "created_time": "2025-03-01T18:30:16.018854Z",
            "yes_price": 6,
            "no_price": 94,
            "taker_side": "yes"
        },
        {
            "trade_id": "e934bdec-1fc4-431e-8114-06bfa315d748",
            "ticker": "KXHIGHAUS-25MAR01-B81.5",
            "count": 20,
            "created_time": "2025-03-01T18:29:11.797945Z",
            "yes_price": 5,
            "no_price": 95,
            "taker_side": "no"
        },
        {
            "trade_id": "d21b0b46-346c-4b72-8812-0498e63cc116",
            "ticker": "KXHIGHAUS-25MAR01-B81.5",
            "count": 50,
            "created_time": "2025-03-01T18:19:43.093515Z",
            "yes_price": 10,
            "no_price": 90,
            "taker_side": "yes"
        },
        {
            "trade_id": "aeb1d029-6e8a-4473-b2a0-5b959f715d9a",
            "ticker": "KXHIGHAUS-25MAR01-B81.5",
            "count": 11,
            "created_time": "2025-03-01T18:19:43.093515Z",
            "yes_price": 17,
            "no_price": 83,
            "taker_side": "yes"
        },
        {
            "trade_id": "8fb39fdf-fdcc-45c0-9773-97934b18c76e",
            "ticker": "KXHIGHAUS-25MAR01-B81.5",
            "count": 11,
            "created_time": "2025-03-01T18:19:43.093515Z",
            "yes_price": 23,
            "no_price": 77,
            "taker_side": "yes"
        },
        {
            "trade_id": "836df977-70b3-4ef0-bd90-696f1b996ce7",
            "ticker": "KXHIGHAUS-25MAR01-B81.5",
            "count": 76,
            "created_time": "2025-03-01T18:19:43.093515Z",
            "yes_price": 24,
            "no_price": 76,
            "taker_side": "yes"
        },
        {
            "trade_id": "154f4914-7c8f-4572-9bf4-0dcfa8128f41",
            "ticker": "KXHIGHAUS-25MAR01-B81.5",
            "count": 13,
            "created_time": "2025-03-01T18:19:43.093515Z",
            "yes_price": 18,
            "no_price": 82,
            "taker_side": "yes"
        },
        {
            "trade_id": "0662f0e4-aa6f-4a65-aed5-ea7460510d46",
            "ticker": "KXHIGHAUS-25MAR01-B81.5",
            "count": 20,
            "created_time": "2025-03-01T18:19:43.093515Z",
            "yes_price": 10,
            "no_price": 90,
            "taker_side": "yes"
        },
        {
            "trade_id": "e0468033-2697-464c-bfb3-d3e9970ac7c8",
            "ticker": "KXHIGHAUS-25MAR01-B81.5",
            "count": 50,
            "created_time": "2025-03-01T18:00:45.822681Z",
            "yes_price": 2,
            "no_price": 98,
            "taker_side": "no"
        },
        {
            "trade_id": "16622663-598f-4908-80d1-2c3ed665898d",
            "ticker": "KXHIGHAUS-25MAR01-B81.5",
            "count": 24,
            "created_time": "2025-03-01T18:00:45.822681Z",
            "yes_price": 1,
            "no_price": 99,
            "taker_side": "no"
        },
        {
            "trade_id": "2b5a7a78-1bec-4e10-991c-ed3ab674594b",
            "ticker": "KXHIGHAUS-25MAR01-B81.5",
            "count": 4,
            "created_time": "2025-03-01T17:46:09.960257Z",
            "yes_price": 2,
            "no_price": 98,
            "taker_side": "no"
        },
        {
            "trade_id": "bac0f43d-4c10-486f-a85f-f11abc877df3",
            "ticker": "KXHIGHAUS-25MAR01-B81.5",
            "count": 158,
            "created_time": "2025-03-01T17:46:09.108132Z",
            "yes_price": 3,
            "no_price": 97,
            "taker_side": "no"
        },
        {
            "trade_id": "3ab72445-1357-45f0-9d1a-3f626bd24a12",
            "ticker": "KXHIGHAUS-25MAR01-B81.5",
            "count": 4,
            "created_time": "2025-03-01T17:46:08.256658Z",
            "yes_price": 3,
            "no_price": 97,
            "taker_side": "no"
        },
        {
            "trade_id": "34d09aae-d352-41db-a0cc-7832d41d2ce6",
            "ticker": "KXHIGHAUS-25MAR01-B81.5",
            "count": 4,
            "created_time": "2025-03-01T17:46:07.405974Z",
            "yes_price": 3,
            "no_price": 97,
            "taker_side": "no"
        },
        {
            "trade_id": "e074ca7f-06db-4b46-9144-099534056011",
            "ticker": "KXHIGHAUS-25MAR01-B81.5",
            "count": 10,
            "created_time": "2025-03-01T17:46:06.560651Z",
            "yes_price": 3,
            "no_price": 97,
            "taker_side": "no"
        },
        {
            "trade_id": "578a568e-8aec-44ec-8a72-83573af51143",
            "ticker": "KXHIGHAUS-25MAR01-B81.5",
            "count": 20,
            "created_time": "2025-03-01T17:46:06.547425Z",
            "yes_price": 3,
            "no_price": 97,
            "taker_side": "no"
        },
        {
            "trade_id": "d6977ae0-8c6f-4128-ae28-44e1fd524553",
            "ticker": "KXHIGHAUS-25MAR01-B81.5",
            "count": 4,
            "created_time": "2025-03-01T17:45:40.244098Z",
            "yes_price": 3,
            "no_price": 97,
            "taker_side": "no"
        },
        {
            "trade_id": "f0470575-ee1f-420d-baeb-44a450512aba",
            "ticker": "KXHIGHAUS-25MAR01-B81.5",
            "count": 100,
            "created_time": "2025-03-01T17:35:42.204062Z",
            "yes_price": 2,
            "no_price": 98,
            "taker_side": "no"
        },
        {
            "trade_id": "b275dc23-3103-423e-8c2a-f1c528ca0b91",
            "ticker": "KXHIGHAUS-25MAR01-B81.5",
            "count": 278,
            "created_time": "2025-03-01T17:35:42.204062Z",
            "yes_price": 2,
            "no_price": 98,
            "taker_side": "no"
        },
        {
            "trade_id": "9a26d240-7a7e-419e-a8b0-a5ba0e4ee9bd",
            "ticker": "KXHIGHAUS-25MAR01-B81.5",
            "count": 200,
            "created_time": "2025-03-01T17:35:42.204062Z",
            "yes_price": 2,
            "no_price": 98,
            "taker_side": "no"
        },
        {
            "trade_id": "3c96fdd8-f340-428d-9038-15583a742c20",
            "ticker": "KXHIGHAUS-25MAR01-B81.5",
            "count": 13,
            "created_time": "2025-03-01T17:35:42.204062Z",
            "yes_price": 2,
            "no_price": 98,
            "taker_side": "no"
        },
        {
            "trade_id": "58cd3df7-1b9d-4b82-83c0-a149283ad754",
            "ticker": "KXHIGHAUS-25MAR01-B81.5",
            "count": 2,
            "created_time": "2025-03-01T17:34:29.364013Z",
            "yes_price": 4,
            "no_price": 96,
            "taker_side": "no"
        },
        {
            "trade_id": "eaba271e-dc68-4840-a5f3-563968392857",
            "ticker": "KXHIGHAUS-25MAR01-B81.5",
            "count": 2,
            "created_time": "2025-03-01T17:34:10.845465Z",
            "yes_price": 5,
            "no_price": 95,
            "taker_side": "no"
        },
        {
            "trade_id": "d2dfb406-a826-4462-891a-142c122b4d7d",
            "ticker": "KXHIGHAUS-25MAR01-B81.5",
            "count": 6,
            "created_time": "2025-03-01T17:34:09.186343Z",
            "yes_price": 5,
            "no_price": 95,
            "taker_side": "no"
        },
        {
            "trade_id": "45b78d52-253a-4a59-88a5-f7a100b22908",
            "ticker": "KXHIGHAUS-25MAR01-B81.5",
            "count": 20,
            "created_time": "2025-03-01T17:34:08.313088Z",
            "yes_price": 5,
            "no_price": 95,
            "taker_side": "no"
        },
        {
            "trade_id": "e024661b-c8d6-4303-a5bc-9c80ed324815",
            "ticker": "KXHIGHAUS-25MAR01-B81.5",
            "count": 30,
            "created_time": "2025-03-01T17:27:03.755776Z",
            "yes_price": 6,
            "no_price": 94,
            "taker_side": "no"
        },
        {
            "trade_id": "b547f7a6-ab79-4e46-8ff8-ce8d17a23101",
            "ticker": "KXHIGHAUS-25MAR01-B81.5",
            "count": 20,
            "created_time": "2025-03-01T17:27:03.755776Z",
            "yes_price": 4,
            "no_price": 96,
            "taker_side": "no"
        },
        {
            "trade_id": "0581b7f7-d399-4461-9212-7e714c5ef121",
            "ticker": "KXHIGHAUS-25MAR01-B81.5",
            "count": 300,
            "created_time": "2025-03-01T17:27:03.755776Z",
            "yes_price": 5,
            "no_price": 95,
            "taker_side": "no"
        },
        {
            "trade_id": "9fd4a073-0200-4ea2-8f13-7e78d6aeca4f",
            "ticker": "KXHIGHAUS-25MAR01-B81.5",
            "count": 2,
            "created_time": "2025-03-01T17:21:19.969175Z",
            "yes_price": 7,
            "no_price": 93,
            "taker_side": "no"
        },
        {
            "trade_id": "1b2ac88a-5570-4dba-bb02-96b03d2a05fd",
            "ticker": "KXHIGHAUS-25MAR01-B81.5",
            "count": 3,
            "created_time": "2025-03-01T17:21:19.969175Z",
            "yes_price": 7,
            "no_price": 93,
            "taker_side": "no"
        },
        {
            "trade_id": "f64e3873-b4d7-409f-8ce5-502542306042",
            "ticker": "KXHIGHAUS-25MAR01-B81.5",
            "count": 45,
            "created_time": "2025-03-01T17:15:21.43296Z",
            "yes_price": 12,
            "no_price": 88,
            "taker_side": "yes"
        },
        {
            "trade_id": "dcb4df7a-4ca2-455e-9676-9596d4a69f79",
            "ticker": "KXHIGHAUS-25MAR01-B81.5",
            "count": 200,
            "created_time": "2025-03-01T17:15:21.43296Z",
            "yes_price": 15,
            "no_price": 85,
            "taker_side": "yes"
        },
        {
            "trade_id": "12ae1052-cc57-4d57-b403-8b940bfbaef5",
            "ticker": "KXHIGHAUS-25MAR01-B81.5",
            "count": 100,
            "created_time": "2025-03-01T17:15:21.43296Z",
            "yes_price": 15,
            "no_price": 85,
            "taker_side": "yes"
        },
        {
            "trade_id": "bb8a228c-9aa1-442d-9113-82f326fba41a",
            "ticker": "KXHIGHAUS-25MAR01-B81.5",
            "count": 5,
            "created_time": "2025-03-01T17:12:05.00409Z",
            "yes_price": 8,
            "no_price": 92,
            "taker_side": "no"
        },
        {
            "trade_id": "94607a51-8d4a-475e-a34a-5595dcd919d0",
            "ticker": "KXHIGHAUS-25MAR01-B81.5",
            "count": 22,
            "created_time": "2025-03-01T17:01:40.272555Z",
            "yes_price": 10,
            "no_price": 90,
            "taker_side": "no"
        },
        {
            "trade_id": "5fef7ca0-5673-4d5c-b3a9-a7b2d7bf75aa",
            "ticker": "KXHIGHAUS-25MAR01-B81.5",
            "count": 124,
            "created_time": "2025-03-01T17:00:17.460388Z",
            "yes_price": 12,
            "no_price": 88,
            "taker_side": "no"
        },
        {
            "trade_id": "9d811b64-dec4-4e4f-8e30-9c64f51fa336",
            "ticker": "KXHIGHAUS-25MAR01-B81.5",
            "count": 2,
            "created_time": "2025-03-01T16:54:48.065454Z",
            "yes_price": 18,
            "no_price": 82,
            "taker_side": "yes"
        },
        {
            "trade_id": "e4e16448-9d7c-471e-a70b-9f32d834f99d",
            "ticker": "KXHIGHAUS-25MAR01-B81.5",
            "count": 22,
            "created_time": "2025-03-01T16:43:30.569827Z",
            "yes_price": 12,
            "no_price": 88,
            "taker_side": "no"
        },
        {
            "trade_id": "88edeae7-5228-4838-81bf-d98a6bd56489",
            "ticker": "KXHIGHAUS-25MAR01-B81.5",
            "count": 54,
            "created_time": "2025-03-01T16:40:23.959908Z",
            "yes_price": 12,
            "no_price": 88,
            "taker_side": "no"
        },
        {
            "trade_id": "7e0c1f85-7bc9-4ff8-afc5-ccea83dde1eb",
            "ticker": "KXHIGHAUS-25MAR01-B81.5",
            "count": 5,
            "created_time": "2025-03-01T16:20:19.835522Z",
            "yes_price": 20,
            "no_price": 80,
            "taker_side": "yes"
        },
        {
            "trade_id": "906037cd-bf42-48ea-ad5d-2da78ba397eb",
            "ticker": "KXHIGHAUS-25MAR01-B81.5",
            "count": 14,
            "created_time": "2025-03-01T16:08:38.765153Z",
            "yes_price": 20,
            "no_price": 80,
            "taker_side": "yes"
        },
        {
            "trade_id": "4f23bf97-4106-40b9-89e1-b09eb608aa47",
            "ticker": "KXHIGHAUS-25MAR01-B81.5",
            "count": 47,
            "created_time": "2025-03-01T15:42:19.246947Z",
            "yes_price": 16,
            "no_price": 84,
            "taker_side": "no"
        },
        {
            "trade_id": "e8bc9c2d-c2a8-4448-84df-43e351d6dccd",
            "ticker": "KXHIGHAUS-25MAR01-B81.5",
            "count": 2,
            "created_time": "2025-03-01T15:00:53.256063Z",
            "yes_price": 17,
            "no_price": 83,
            "taker_side": "no"
        },
        {
            "trade_id": "de85e07f-771e-4543-85d9-134bb6f62baf",
            "ticker": "KXHIGHAUS-25MAR01-B81.5",
            "count": 10,
            "created_time": "2025-03-01T15:00:53.256063Z",
            "yes_price": 17,
            "no_price": 83,
            "taker_side": "no"
        },
        {
            "trade_id": "55a63498-5420-4c45-b008-1110a1a268fc",
            "ticker": "KXHIGHAUS-25MAR01-B81.5",
            "count": 71,
            "created_time": "2025-03-01T15:00:53.256063Z",
            "yes_price": 19,
            "no_price": 81,
            "taker_side": "no"
        },
        {
            "trade_id": "13c649b7-9a55-404a-89cd-0071a8e9bd31",
            "ticker": "KXHIGHAUS-25MAR01-B81.5",
            "count": 240,
            "created_time": "2025-03-01T15:00:53.256063Z",
            "yes_price": 17,
            "no_price": 83,
            "taker_side": "no"
        },
        {
            "trade_id": "a1efbafa-a3e5-4ea1-91ee-c7751de260e4",
            "ticker": "KXHIGHAUS-25MAR01-B81.5",
            "count": 10,
            "created_time": "2025-03-01T15:00:37.966253Z",
            "yes_price": 19,
            "no_price": 81,
            "taker_side": "no"
        },
        {
            "trade_id": "cbd15cff-1713-4e98-8030-1602fd1519b5",
            "ticker": "KXHIGHAUS-25MAR01-B81.5",
            "count": 16,
            "created_time": "2025-03-01T15:00:15.890476Z",
            "yes_price": 20,
            "no_price": 80,
            "taker_side": "no"
        },
        {
            "trade_id": "c9617e74-3a99-4c02-9f0d-bf63fc005a75",
            "ticker": "KXHIGHAUS-25MAR01-B81.5",
            "count": 72,
            "created_time": "2025-03-01T15:00:15.890476Z",
            "yes_price": 19,
            "no_price": 81,
            "taker_side": "no"
        },
        {
            "trade_id": "5a6e8c08-5a8a-4de5-8bbf-3075f3ef7bd1",
            "ticker": "KXHIGHAUS-25MAR01-B81.5",
            "count": 50,
            "created_time": "2025-03-01T14:31:59.54503Z",
            "yes_price": 22,
            "no_price": 78,
            "taker_side": "no"
        },
        {
            "trade_id": "34da98ce-4716-4123-b4c6-34c3ef357f93",
            "ticker": "KXHIGHAUS-25MAR01-B81.5",
            "count": 26,
            "created_time": "2025-03-01T14:31:59.54503Z",
            "yes_price": 22,
            "no_price": 78,
            "taker_side": "no"
        },
        {
            "trade_id": "fcb5b9cd-14c0-451f-aa53-37e6428b9886",
            "ticker": "KXHIGHAUS-25MAR01-B81.5",
            "count": 38,
            "created_time": "2025-03-01T14:15:24.112341Z",
            "yes_price": 24,
            "no_price": 76,
            "taker_side": "yes"
        },
        {
            "trade_id": "82409674-d4b1-4999-9016-b02b597a3050",
            "ticker": "KXHIGHAUS-25MAR01-B81.5",
            "count": 20,
            "created_time": "2025-03-01T13:38:31.236802Z",
            "yes_price": 25,
            "no_price": 75,
            "taker_side": "yes"
        },
        {
            "trade_id": "b2b0ce35-44f0-42e7-b1e2-28190483d02b",
            "ticker": "KXHIGHAUS-25MAR01-B81.5",
            "count": 7,
            "created_time": "2025-03-01T13:36:22.06445Z",
            "yes_price": 24,
            "no_price": 76,
            "taker_side": "yes"
        },
        {
            "trade_id": "37530165-5fd6-4fa9-9d8b-03525715b43f",
            "ticker": "KXHIGHAUS-25MAR01-B81.5",
            "count": 48,
            "created_time": "2025-03-01T13:26:20.81192Z",
            "yes_price": 22,
            "no_price": 78,
            "taker_side": "no"
        },
        {
            "trade_id": "0cfc460f-688f-42b2-a523-32c1580d6ab4",
            "ticker": "KXHIGHAUS-25MAR01-B81.5",
            "count": 14,
            "created_time": "2025-03-01T13:26:20.81192Z",
            "yes_price": 21,
            "no_price": 79,
            "taker_side": "no"
        },
        {
            "trade_id": "04c36e27-a3a3-4292-bf0d-7de45b75e2c4",
            "ticker": "KXHIGHAUS-25MAR01-B81.5",
            "count": 136,
            "created_time": "2025-03-01T13:26:20.81192Z",
            "yes_price": 20,
            "no_price": 80,
            "taker_side": "no"
        },
        {
            "trade_id": "036b3640-3433-459f-aa2f-61c34b8ddb27",
            "ticker": "KXHIGHAUS-25MAR01-B81.5",
            "count": 2,
            "created_time": "2025-03-01T13:26:20.81192Z",
            "yes_price": 22,
            "no_price": 78,
            "taker_side": "no"
        },
        {
            "trade_id": "aaa6509e-cbcd-4df5-8b75-2452f52a7ce8",
            "ticker": "KXHIGHAUS-25MAR01-B81.5",
            "count": 10,
            "created_time": "2025-03-01T13:09:47.616522Z",
            "yes_price": 22,
            "no_price": 78,
            "taker_side": "no"
        },
        {
            "trade_id": "91578cb6-1e4c-4ac8-97ca-fa139a265309",
            "ticker": "KXHIGHAUS-25MAR01-B81.5",
            "count": 37,
            "created_time": "2025-03-01T13:09:47.616522Z",
            "yes_price": 20,
            "no_price": 80,
            "taker_side": "no"
        },
        {
            "trade_id": "4bfb1c8b-0843-4339-8669-fe7db4f29e1e",
            "ticker": "KXHIGHAUS-25MAR01-B81.5",
            "count": 37,
            "created_time": "2025-03-01T13:09:47.616522Z",
            "yes_price": 22,
            "no_price": 78,
            "taker_side": "no"
        },
        {
            "trade_id": "d72ef73c-9b95-41ad-8670-a094db59e0c2",
            "ticker": "KXHIGHAUS-25MAR01-B81.5",
            "count": 40,
            "created_time": "2025-03-01T13:09:25.92444Z",
            "yes_price": 22,
            "no_price": 78,
            "taker_side": "yes"
        },
        {
            "trade_id": "d983689c-cbe0-427e-b6c5-c785fb457f63",
            "ticker": "KXHIGHAUS-25MAR01-B81.5",
            "count": 106,
            "created_time": "2025-03-01T13:09:24.697046Z",
            "yes_price": 22,
            "no_price": 78,
            "taker_side": "yes"
        },
        {
            "trade_id": "a6fc3635-d3fe-4ebf-bcba-fb3ef917ecb6",
            "ticker": "KXHIGHAUS-25MAR01-B81.5",
            "count": 50,
            "created_time": "2025-03-01T13:06:23.347321Z",
            "yes_price": 22,
            "no_price": 78,
            "taker_side": "yes"
        },
        {
            "trade_id": "176d4a26-b7e1-4e85-a7d6-25679e5ff098",
            "ticker": "KXHIGHAUS-25MAR01-B81.5",
            "count": 4,
            "created_time": "2025-03-01T13:04:58.791328Z",
            "yes_price": 22,
            "no_price": 78,
            "taker_side": "yes"
        },
        {
            "trade_id": "57668348-246f-4ccf-93da-d475b9889f7a",
            "ticker": "KXHIGHAUS-25MAR01-B81.5",
            "count": 9,
            "created_time": "2025-03-01T13:00:03.527131Z",
            "yes_price": 21,
            "no_price": 79,
            "taker_side": "yes"
        },
        {
            "trade_id": "39c1646b-6852-4dce-a562-68af4e75051d",
            "ticker": "KXHIGHAUS-25MAR01-B81.5",
            "count": 16,
            "created_time": "2025-03-01T13:00:03.527131Z",
            "yes_price": 21,
            "no_price": 79,
            "taker_side": "yes"
        },
        {
            "trade_id": "7c8c4cd5-c24d-4b2e-b08c-2e5531d01bf7",
            "ticker": "KXHIGHAUS-25MAR01-B81.5",
            "count": 4,
            "created_time": "2025-03-01T07:45:28.893188Z",
            "yes_price": 20,
            "no_price": 80,
            "taker_side": "yes"
        },
        {
            "trade_id": "8e2c63ed-d692-4265-b542-0e5dad957b2f",
            "ticker": "KXHIGHAUS-25MAR01-B81.5",
            "count": 24,
            "created_time": "2025-03-01T07:24:20.477265Z",
            "yes_price": 20,
            "no_price": 80,
            "taker_side": "yes"
        },
        {
            "trade_id": "b3b7a5b5-57ed-48e7-8202-87849272f0e7",
            "ticker": "KXHIGHAUS-25MAR01-B81.5",
            "count": 22,
            "created_time": "2025-03-01T06:29:13.605189Z",
            "yes_price": 20,
            "no_price": 80,
            "taker_side": "yes"
        },
        {
            "trade_id": "7a32dc1b-4576-4190-9df2-aa8d9d33bc4b",
            "ticker": "KXHIGHAUS-25MAR01-B81.5",
            "count": 69,
            "created_time": "2025-03-01T06:12:15.294283Z",
            "yes_price": 20,
            "no_price": 80,
            "taker_side": "yes"
        },
        {
            "trade_id": "9ce9c858-e440-46fa-8999-24ca85a26443",
            "ticker": "KXHIGHAUS-25MAR01-B81.5",
            "count": 4,
            "created_time": "2025-03-01T06:01:57.521789Z",
            "yes_price": 20,
            "no_price": 80,
            "taker_side": "yes"
        },
        {
            "trade_id": "c3a6fa43-d238-447b-af68-63437ec697c9",
            "ticker": "KXHIGHAUS-25MAR01-B81.5",
            "count": 1,
            "created_time": "2025-03-01T05:54:27.66455Z",
            "yes_price": 18,
            "no_price": 82,
            "taker_side": "no"
        },
        {
            "trade_id": "229917d9-b828-4e16-aa4f-1be5df4e85bf",
            "ticker": "KXHIGHAUS-25MAR01-B81.5",
            "count": 47,
            "created_time": "2025-03-01T05:50:02.356336Z",
            "yes_price": 20,
            "no_price": 80,
            "taker_side": "yes"
        },
        {
            "trade_id": "4b54ba54-3f69-47f9-aec1-04499cbcda61",
            "ticker": "KXHIGHAUS-25MAR01-B81.5",
            "count": 47,
            "created_time": "2025-03-01T05:41:14.797954Z",
            "yes_price": 20,
            "no_price": 80,
            "taker_side": "yes"
        },
        {
            "trade_id": "2a4a3599-108c-4ec6-9135-4f774a12e677",
            "ticker": "KXHIGHAUS-25MAR01-B81.5",
            "count": 150,
            "created_time": "2025-03-01T03:47:56.266672Z",
            "yes_price": 20,
            "no_price": 80,
            "taker_side": "no"
        },
        {
            "trade_id": "b9aa572c-7847-407f-8f51-e7a35cce08b2",
            "ticker": "KXHIGHAUS-25MAR01-B81.5",
            "count": 200,
            "created_time": "2025-03-01T03:29:02.168276Z",
            "yes_price": 20,
            "no_price": 80,
            "taker_side": "no"
        },
        {
            "trade_id": "181615cf-83c7-40c5-a58a-53eced102ea9",
            "ticker": "KXHIGHAUS-25MAR01-B81.5",
            "count": 2,
            "created_time": "2025-03-01T03:17:45.117162Z",
            "yes_price": 21,
            "no_price": 79,
            "taker_side": "yes"
        },
        {
            "trade_id": "eaf1ab5e-534a-4cdb-9252-9e68191665b2",
            "ticker": "KXHIGHAUS-25MAR01-B81.5",
            "count": 1,
            "created_time": "2025-03-01T03:17:44.355633Z",
            "yes_price": 21,
            "no_price": 79,
            "taker_side": "no"
        },
        {
            "trade_id": "b9666238-30d4-4eb5-9b65-83abcce7529d",
            "ticker": "KXHIGHAUS-25MAR01-B81.5",
            "count": 1,
            "created_time": "2025-03-01T03:17:44.355633Z",
            "yes_price": 21,
            "no_price": 79,
            "taker_side": "no"
        },
        {
            "trade_id": "ea293d06-b119-4c24-a287-64ebb0c83c6f",
            "ticker": "KXHIGHAUS-25MAR01-B81.5",
            "count": 1,
            "created_time": "2025-03-01T01:31:49.112176Z",
            "yes_price": 29,
            "no_price": 71,
            "taker_side": "no"
        },
        {
            "trade_id": "a3c861f3-c0ed-4ad1-aada-ad4475453475",
            "ticker": "KXHIGHAUS-25MAR01-B81.5",
            "count": 18,
            "created_time": "2025-03-01T01:31:49.112176Z",
            "yes_price": 25,
            "no_price": 75,
            "taker_side": "no"
        },
        {
            "trade_id": "a19a78c4-8d0a-4c98-b633-701f96c40379",
            "ticker": "KXHIGHAUS-25MAR01-B81.5",
            "count": 22,
            "created_time": "2025-03-01T01:31:49.112176Z",
            "yes_price": 24,
            "no_price": 76,
            "taker_side": "no"
        },
        {
            "trade_id": "49d222aa-fe09-46c4-9872-6225896bf5cb",
            "ticker": "KXHIGHAUS-25MAR01-B81.5",
            "count": 7,
            "created_time": "2025-03-01T01:31:49.112176Z",
            "yes_price": 24,
            "no_price": 76,
            "taker_side": "no"
        },
        {
            "trade_id": "26769aec-d512-4633-bba9-80ada8c5be0e",
            "ticker": "KXHIGHAUS-25MAR01-B81.5",
            "count": 40,
            "created_time": "2025-03-01T01:31:49.112176Z",
            "yes_price": 28,
            "no_price": 72,
            "taker_side": "no"
        },
        {
            "trade_id": "007922c8-6016-4f5b-913b-b3ce51f139ba",
            "ticker": "KXHIGHAUS-25MAR01-B81.5",
            "count": 5,
            "created_time": "2025-03-01T01:31:49.112176Z",
            "yes_price": 29,
            "no_price": 71,
            "taker_side": "no"
        },
        {
            "trade_id": "6f081f11-6c3b-4c35-b090-416988eb5e41",
            "ticker": "KXHIGHAUS-25MAR01-B81.5",
            "count": 50,
            "created_time": "2025-03-01T01:30:35.205855Z",
            "yes_price": 29,
            "no_price": 71,
            "taker_side": "no"
        },
        {
            "trade_id": "506cf50b-90b7-4fc2-85c8-7216afb4ae91",
            "ticker": "KXHIGHAUS-25MAR01-B81.5",
            "count": 2,
            "created_time": "2025-03-01T01:30:35.205855Z",
            "yes_price": 29,
            "no_price": 71,
            "taker_side": "no"
        },
        {
            "trade_id": "e8657fa1-1d8f-45db-9f51-f305cb0df7ba",
            "ticker": "KXHIGHAUS-25MAR01-B81.5",
            "count": 57,
            "created_time": "2025-03-01T00:53:15.947429Z",
            "yes_price": 30,
            "no_price": 70,
            "taker_side": "yes"
        },
        {
            "trade_id": "e2f9c23f-47cc-4867-9b47-85e14701ae16",
            "ticker": "KXHIGHAUS-25MAR01-B81.5",
            "count": 200,
            "created_time": "2025-03-01T00:53:15.947429Z",
            "yes_price": 32,
            "no_price": 68,
            "taker_side": "yes"
        },
        {
            "trade_id": "a4ed8416-4484-4b23-a7ca-f8551b53d03a",
            "ticker": "KXHIGHAUS-25MAR01-B81.5",
            "count": 94,
            "created_time": "2025-03-01T00:53:15.947429Z",
            "yes_price": 34,
            "no_price": 66,
            "taker_side": "yes"
        },
        {
            "trade_id": "a11cfc53-8c3d-40db-8655-d625d6610774",
            "ticker": "KXHIGHAUS-25MAR01-B81.5",
            "count": 240,
            "created_time": "2025-03-01T00:53:15.947429Z",
            "yes_price": 32,
            "no_price": 68,
            "taker_side": "yes"
        },
        {
            "trade_id": "461527a8-bacd-47a5-98e5-854002323a6c",
            "ticker": "KXHIGHAUS-25MAR01-B81.5",
            "count": 7,
            "created_time": "2025-02-28T23:47:29.847404Z",
            "yes_price": 29,
            "no_price": 71,
            "taker_side": "yes"
        },
        {
            "trade_id": "41f915e2-f21f-49b8-b1a9-79baf41f828d",
            "ticker": "KXHIGHAUS-25MAR01-B81.5",
            "count": 58,
            "created_time": "2025-02-28T23:47:29.847404Z",
            "yes_price": 29,
            "no_price": 71,
            "taker_side": "yes"
        },
        {
            "trade_id": "4a46f8df-952d-40e1-ab48-6fbafea763cd",
            "ticker": "KXHIGHAUS-25MAR01-B81.5",
            "count": 57,
            "created_time": "2025-02-28T23:46:41.739107Z",
            "yes_price": 28,
            "no_price": 72,
            "taker_side": "no"
        },
        {
            "trade_id": "75fd6d83-6067-4015-a1a0-e29b720b0902",
            "ticker": "KXHIGHAUS-25MAR01-B81.5",
            "count": 5,
            "created_time": "2025-02-28T23:42:34.655662Z",
            "yes_price": 28,
            "no_price": 72,
            "taker_side": "no"
        },
        {
            "trade_id": "7e9c2ada-9abc-4349-9233-12ecf264b6c6",
            "ticker": "KXHIGHAUS-25MAR01-B81.5",
            "count": 95,
            "created_time": "2025-02-28T23:42:02.312868Z",
            "yes_price": 30,
            "no_price": 70,
            "taker_side": "yes"
        },
        {
            "trade_id": "a3963be7-f7cd-4f01-8ed5-62dac5edb9d7",
            "ticker": "KXHIGHAUS-25MAR01-B81.5",
            "count": 3,
            "created_time": "2025-02-28T23:24:27.251454Z",
            "yes_price": 28,
            "no_price": 72,
            "taker_side": "no"
        },
        {
            "trade_id": "c7ebdba0-7553-4260-bae4-9378d9bc83dd",
            "ticker": "KXHIGHAUS-25MAR01-B81.5",
            "count": 20,
            "created_time": "2025-02-28T22:42:01.209739Z",
            "yes_price": 28,
            "no_price": 72,
            "taker_side": "no"
        },
        {
            "trade_id": "f7622484-5d87-409a-8617-88c805c5a8b6",
            "ticker": "KXHIGHAUS-25MAR01-B81.5",
            "count": 2,
            "created_time": "2025-02-28T22:35:25.719631Z",
            "yes_price": 30,
            "no_price": 70,
            "taker_side": "yes"
        },
        {
            "trade_id": "c211d4ba-d1d1-49c5-97cd-85995caea254",
            "ticker": "KXHIGHAUS-25MAR01-B81.5",
            "count": 1,
            "created_time": "2025-02-28T22:35:25.719631Z",
            "yes_price": 31,
            "no_price": 69,
            "taker_side": "yes"
        },
        {
            "trade_id": "8034fc03-c4d3-4f9a-bec3-61e82b261446",
            "ticker": "KXHIGHAUS-25MAR01-B81.5",
            "count": 3,
            "created_time": "2025-02-28T22:23:09.758376Z",
            "yes_price": 30,
            "no_price": 70,
            "taker_side": "yes"
        },
        {
            "trade_id": "ab6c635f-3f94-4e4f-83c4-dcbee3bc79f6",
            "ticker": "KXHIGHAUS-25MAR01-B81.5",
            "count": 5,
            "created_time": "2025-02-28T20:13:27.438926Z",
            "yes_price": 32,
            "no_price": 68,
            "taker_side": "no"
        },
        {
            "trade_id": "a11f934a-f7f0-4545-a0ca-1a55fc022f7d",
            "ticker": "KXHIGHAUS-25MAR01-B81.5",
            "count": 240,
            "created_time": "2025-02-28T20:13:27.438926Z",
            "yes_price": 30,
            "no_price": 70,
            "taker_side": "no"
        },
        {
            "trade_id": "91f5cd98-ad32-46b7-bff2-57d7d9fca0ef",
            "ticker": "KXHIGHAUS-25MAR01-B81.5",
            "count": 41,
            "created_time": "2025-02-28T20:13:27.438926Z",
            "yes_price": 32,
            "no_price": 68,
            "taker_side": "no"
        },
        {
            "trade_id": "26009daa-e758-4969-b270-e48ca115ea94",
            "ticker": "KXHIGHAUS-25MAR01-B81.5",
            "count": 5,
            "created_time": "2025-02-28T20:13:27.438926Z",
            "yes_price": 31,
            "no_price": 69,
            "taker_side": "no"
        },
        {
            "trade_id": "141b2af4-4d2e-4124-be09-5d63afcf0fc3",
            "ticker": "KXHIGHAUS-25MAR01-B81.5",
            "count": 221,
            "created_time": "2025-02-28T20:13:27.438926Z",
            "yes_price": 28,
            "no_price": 72,
            "taker_side": "no"
        },
        {
            "trade_id": "131f7049-36ec-4642-a416-adce217052bf",
            "ticker": "KXHIGHAUS-25MAR01-B81.5",
            "count": 6,
            "created_time": "2025-02-28T20:13:27.438926Z",
            "yes_price": 28,
            "no_price": 72,
            "taker_side": "no"
        },
        {
            "trade_id": "07d8bb90-fc2d-438c-8750-e94828075763",
            "ticker": "KXHIGHAUS-25MAR01-B81.5",
            "count": 13,
            "created_time": "2025-02-28T20:13:27.438926Z",
            "yes_price": 29,
            "no_price": 71,
            "taker_side": "no"
        },
        {
            "trade_id": "eb0d9317-1c49-458d-bc47-2a7cdafe6da0",
            "ticker": "KXHIGHAUS-25MAR01-B81.5",
            "count": 14,
            "created_time": "2025-02-28T20:10:46.046364Z",
            "yes_price": 33,
            "no_price": 67,
            "taker_side": "yes"
        },
        {
            "trade_id": "d54670e6-17a9-4b57-8d1a-9134e2cce870",
            "ticker": "KXHIGHAUS-25MAR01-B81.5",
            "count": 123,
            "created_time": "2025-02-28T20:10:46.046364Z",
            "yes_price": 48,
            "no_price": 52,
            "taker_side": "yes"
        },
        {
            "trade_id": "be9a9054-e355-47c4-b363-52ec2145b10c",
            "ticker": "KXHIGHAUS-25MAR01-B81.5",
            "count": 20,
            "created_time": "2025-02-28T20:10:46.046364Z",
            "yes_price": 40,
            "no_price": 60,
            "taker_side": "yes"
        },
        {
            "trade_id": "ad7aa964-f799-4699-b820-c038b4679fe5",
            "ticker": "KXHIGHAUS-25MAR01-B81.5",
            "count": 240,
            "created_time": "2025-02-28T20:10:46.046364Z",
            "yes_price": 35,
            "no_price": 65,
            "taker_side": "yes"
        },
        {
            "trade_id": "a5aabf23-8499-47e5-8c13-d88a3a6747a5",
            "ticker": "KXHIGHAUS-25MAR01-B81.5",
            "count": 24,
            "created_time": "2025-02-28T20:10:46.046364Z",
            "yes_price": 47,
            "no_price": 53,
            "taker_side": "yes"
        },
        {
            "trade_id": "a3485133-b84d-4765-8554-07a207ce89b1",
            "ticker": "KXHIGHAUS-25MAR01-B81.5",
            "count": 1,
            "created_time": "2025-02-28T20:10:46.046364Z",
            "yes_price": 45,
            "no_price": 55,
            "taker_side": "yes"
        },
        {
            "trade_id": "9a108524-1bc9-45c7-a962-7b7a21cefbf6",
            "ticker": "KXHIGHAUS-25MAR01-B81.5",
            "count": 122,
            "created_time": "2025-02-28T20:10:46.046364Z",
            "yes_price": 33,
            "no_price": 67,
            "taker_side": "yes"
        },
        {
            "trade_id": "7a7a3b3f-a555-479b-9613-deba359025a8",
            "ticker": "KXHIGHAUS-25MAR01-B81.5",
            "count": 125,
            "created_time": "2025-02-28T20:10:46.046364Z",
            "yes_price": 46,
            "no_price": 54,
            "taker_side": "yes"
        },
        {
            "trade_id": "5bccd314-5508-47bd-905e-c4e6fa73fff7",
            "ticker": "KXHIGHAUS-25MAR01-B81.5",
            "count": 20,
            "created_time": "2025-02-28T20:10:46.046364Z",
            "yes_price": 45,
            "no_price": 55,
            "taker_side": "yes"
        },
        {
            "trade_id": "5a0a859b-2274-413a-a39a-a03092bbd747",
            "ticker": "KXHIGHAUS-25MAR01-B81.5",
            "count": 36,
            "created_time": "2025-02-28T20:10:46.046364Z",
            "yes_price": 33,
            "no_price": 67,
            "taker_side": "yes"
        },
        {
            "trade_id": "4b049f1e-fa5d-4bdc-8feb-d8530b845fe8",
            "ticker": "KXHIGHAUS-25MAR01-B81.5",
            "count": 100,
            "created_time": "2025-02-28T20:10:46.046364Z",
            "yes_price": 46,
            "no_price": 54,
            "taker_side": "yes"
        },
        {
            "trade_id": "35f7c427-ca64-4b3d-921e-96155e22cf11",
            "ticker": "KXHIGHAUS-25MAR01-B81.5",
            "count": 240,
            "created_time": "2025-02-28T20:10:46.046364Z",
            "yes_price": 37,
            "no_price": 63,
            "taker_side": "yes"
        },
        {
            "trade_id": "352c549f-09d4-4dcc-859f-dd47545e9e06",
            "ticker": "KXHIGHAUS-25MAR01-B81.5",
            "count": 105,
            "created_time": "2025-02-28T20:10:46.046364Z",
            "yes_price": 46,
            "no_price": 54,
            "taker_side": "yes"
        },
        {
            "trade_id": "325497f3-652b-4e89-8280-e75d9d53f5e6",
            "ticker": "KXHIGHAUS-25MAR01-B81.5",
            "count": 3,
            "created_time": "2025-02-28T20:10:46.046364Z",
            "yes_price": 33,
            "no_price": 67,
            "taker_side": "yes"
        },
        {
            "trade_id": "f72a3573-ae9d-45b3-9d20-2fb07c9a5bb1",
            "ticker": "KXHIGHAUS-25MAR01-B81.5",
            "count": 11,
            "created_time": "2025-02-28T19:54:52.853151Z",
            "yes_price": 33,
            "no_price": 67,
            "taker_side": "yes"
        },
        {
            "trade_id": "263aa44b-1b7c-4331-84e4-adb0701cf55b",
            "ticker": "KXHIGHAUS-25MAR01-B81.5",
            "count": 67,
            "created_time": "2025-02-28T19:53:35.795551Z",
            "yes_price": 33,
            "no_price": 67,
            "taker_side": "yes"
        },
        {
            "trade_id": "bdc3c7d4-246a-4c37-b8ee-27728ef10a99",
            "ticker": "KXHIGHAUS-25MAR01-B81.5",
            "count": 1,
            "created_time": "2025-02-28T18:03:07.750986Z",
            "yes_price": 34,
            "no_price": 66,
            "taker_side": "yes"
        },
        {
            "trade_id": "a1d5d662-f371-49a7-857b-7bf8d754bd9a",
            "ticker": "KXHIGHAUS-25MAR01-B81.5",
            "count": 49,
            "created_time": "2025-02-28T18:03:07.750986Z",
            "yes_price": 35,
            "no_price": 65,
            "taker_side": "yes"
        },
        {
            "trade_id": "baadca10-f1f1-49cc-a8cd-977533c51324",
            "ticker": "KXHIGHAUS-25MAR01-B81.5",
            "count": 57,
            "created_time": "2025-02-28T17:56:07.79173Z",
            "yes_price": 36,
            "no_price": 64,
            "taker_side": "yes"
        },
        {
            "trade_id": "15180848-64cb-4780-b996-49615c2ff522",
            "ticker": "KXHIGHAUS-25MAR01-B81.5",
            "count": 43,
            "created_time": "2025-02-28T17:56:07.79173Z",
            "yes_price": 34,
            "no_price": 66,
            "taker_side": "yes"
        },
        {
            "trade_id": "e1cd990d-b1d3-45c1-b4cb-f237945021ef",
            "ticker": "KXHIGHAUS-25MAR01-B81.5",
            "count": 31,
            "created_time": "2025-02-28T17:42:25.709686Z",
            "yes_price": 35,
            "no_price": 65,
            "taker_side": "no"
        },
        {
            "trade_id": "04dc80b4-b3df-4787-ae7c-4fd37506c3db",
            "ticker": "KXHIGHAUS-25MAR01-B81.5",
            "count": 6,
            "created_time": "2025-02-28T17:39:26.025191Z",
            "yes_price": 35,
            "no_price": 65,
            "taker_side": "no"
        },
        {
            "trade_id": "36f45c9b-0de7-43dc-a23a-969b6a629157",
            "ticker": "KXHIGHAUS-25MAR01-B81.5",
            "count": 95,
            "created_time": "2025-02-28T17:36:24.81757Z",
            "yes_price": 35,
            "no_price": 65,
            "taker_side": "no"
        },
        {
            "trade_id": "e325dc52-f21f-49e5-a3cd-cb8a70c5f40d",
            "ticker": "KXHIGHAUS-25MAR01-B81.5",
            "count": 47,
            "created_time": "2025-02-28T17:33:27.595001Z",
            "yes_price": 35,
            "no_price": 65,
            "taker_side": "no"
        },
        {
            "trade_id": "84446f2e-bc9a-4490-ad78-00f4cc2f6383",
            "ticker": "KXHIGHAUS-25MAR01-B81.5",
            "count": 8,
            "created_time": "2025-02-28T17:33:27.595001Z",
            "yes_price": 35,
            "no_price": 65,
            "taker_side": "no"
        },
        {
            "trade_id": "e01b9754-f8d7-45e6-90da-a1d15dcc5b6c",
            "ticker": "KXHIGHAUS-25MAR01-B81.5",
            "count": 35,
            "created_time": "2025-02-28T17:31:36.302628Z",
            "yes_price": 35,
            "no_price": 65,
            "taker_side": "no"
        },
        {
            "trade_id": "7bec2f3a-557a-418a-8308-b08afbdad874",
            "ticker": "KXHIGHAUS-25MAR01-B81.5",
            "count": 1,
            "created_time": "2025-02-28T17:30:22.335591Z",
            "yes_price": 35,
            "no_price": 65,
            "taker_side": "no"
        },
        {
            "trade_id": "e0bcf76f-ce90-4237-9422-cb59164479ea",
            "ticker": "KXHIGHAUS-25MAR01-B81.5",
            "count": 1,
            "created_time": "2025-02-28T17:16:29.917262Z",
            "yes_price": 35,
            "no_price": 65,
            "taker_side": "no"
        },
        {
            "trade_id": "29d44255-94cf-48d6-98bf-74cdf5d5d32b",
            "ticker": "KXHIGHAUS-25MAR01-B81.5",
            "count": 1,
            "created_time": "2025-02-28T16:46:44.880487Z",
            "yes_price": 35,
            "no_price": 65,
            "taker_side": "yes"
        },
        {
            "trade_id": "08d644c7-82ad-4ef5-b4c7-0ac9014e26d1",
            "ticker": "KXHIGHAUS-25MAR01-B81.5",
            "count": 41,
            "created_time": "2025-02-28T16:45:56.440993Z",
            "yes_price": 35,
            "no_price": 65,
            "taker_side": "yes"
        },
        {
            "trade_id": "b0cb958e-ec59-45c1-b2ad-391ff4552e7a",
            "ticker": "KXHIGHAUS-25MAR01-B81.5",
            "count": 21,
            "created_time": "2025-02-28T15:33:08.066375Z",
            "yes_price": 30,
            "no_price": 70,
            "taker_side": "no"
        }
    ],
    "KXHIGHAUS-25MAR01-B83.5": [
        {
            "trade_id": "8802b1dd-74c7-4d69-bf99-938e94a22a60",
            "ticker": "KXHIGHAUS-25MAR01-B83.5",
            "count": 5,
            "created_time": "2025-03-02T05:51:38.324429Z",
            "yes_price": 99,
            "no_price": 1,
            "taker_side": "no"
        },
        {
            "trade_id": "fa9b9bfa-0022-4e93-874f-e079873f1a62",
            "ticker": "KXHIGHAUS-25MAR01-B83.5",
            "count": 50,
            "created_time": "2025-03-02T04:00:48.971071Z",
            "yes_price": 99,
            "no_price": 1,
            "taker_side": "no"
        },
        {
            "trade_id": "24ddbfa2-6092-4904-8971-dafcdb63fed4",
            "ticker": "KXHIGHAUS-25MAR01-B83.5",
            "count": 113,
            "created_time": "2025-03-02T02:26:53.295133Z",
            "yes_price": 99,
            "no_price": 1,
            "taker_side": "no"
        },
        {
            "trade_id": "41f59a09-1e97-4993-bc55-6ce280c73270",
            "ticker": "KXHIGHAUS-25MAR01-B83.5",
            "count": 17,
            "created_time": "2025-03-02T01:25:41.273118Z",
            "yes_price": 99,
            "no_price": 1,
            "taker_side": "no"
        },
        {
            "trade_id": "336404fc-9547-4cbe-b79f-431e52493bc8",
            "ticker": "KXHIGHAUS-25MAR01-B83.5",
            "count": 100,
            "created_time": "2025-03-02T01:10:10.595767Z",
            "yes_price": 99,
            "no_price": 1,
            "taker_side": "no"
        },
        {
            "trade_id": "d624eb22-1378-460c-aa13-3a67d35917a8",
            "ticker": "KXHIGHAUS-25MAR01-B83.5",
            "count": 195,
            "created_time": "2025-03-02T01:01:35.549201Z",
            "yes_price": 99,
            "no_price": 1,
            "taker_side": "no"
        },
        {
            "trade_id": "9b615a32-a273-45ea-a612-2dc68a93defa",
            "ticker": "KXHIGHAUS-25MAR01-B83.5",
            "count": 74,
            "created_time": "2025-03-02T00:37:17.364712Z",
            "yes_price": 99,
            "no_price": 1,
            "taker_side": "no"
        },
        {
            "trade_id": "7e7ab7e6-f395-4b68-a3cc-0fdeaee6e62f",
            "ticker": "KXHIGHAUS-25MAR01-B83.5",
            "count": 93,
            "created_time": "2025-03-01T23:47:56.235786Z",
            "yes_price": 98,
            "no_price": 2,
            "taker_side": "no"
        },
        {
            "trade_id": "591644b2-091a-46e4-a10e-06e44daaab3e",
            "ticker": "KXHIGHAUS-25MAR01-B83.5",
            "count": 471,
            "created_time": "2025-03-01T23:14:48.561394Z",
            "yes_price": 99,
            "no_price": 1,
            "taker_side": "no"
        },
        {
            "trade_id": "3df0b323-cf73-4a47-bd88-9e0669e8aebe",
            "ticker": "KXHIGHAUS-25MAR01-B83.5",
            "count": 133,
            "created_time": "2025-03-01T23:14:48.561394Z",
            "yes_price": 98,
            "no_price": 2,
            "taker_side": "no"
        },
        {
            "trade_id": "02308f41-de8b-4d3b-ae31-ef7f53eadfbf",
            "ticker": "KXHIGHAUS-25MAR01-B83.5",
            "count": 48,
            "created_time": "2025-03-01T23:14:48.561394Z",
            "yes_price": 98,
            "no_price": 2,
            "taker_side": "no"
        },
        {
            "trade_id": "a56a41fa-8672-4037-926f-5504c8a80b32",
            "ticker": "KXHIGHAUS-25MAR01-B83.5",
            "count": 10,
            "created_time": "2025-03-01T23:01:55.285389Z",
            "yes_price": 99,
            "no_price": 1,
            "taker_side": "no"
        },
        {
            "trade_id": "5e928f26-59d8-449b-a566-cf4aeadc54ce",
            "ticker": "KXHIGHAUS-25MAR01-B83.5",
            "count": 19,
            "created_time": "2025-03-01T22:59:55.273598Z",
            "yes_price": 99,
            "no_price": 1,
            "taker_side": "no"
        },
        {
            "trade_id": "9f277131-7637-488a-8023-2979a4e5eef9",
            "ticker": "KXHIGHAUS-25MAR01-B83.5",
            "count": 44,
            "created_time": "2025-03-01T22:58:04.332377Z",
            "yes_price": 99,
            "no_price": 1,
            "taker_side": "yes"
        },
        {
            "trade_id": "90041688-1f05-430c-a8f3-2012e304b175",
            "ticker": "KXHIGHAUS-25MAR01-B83.5",
            "count": 101,
            "created_time": "2025-03-01T22:58:04.332377Z",
            "yes_price": 99,
            "no_price": 1,
            "taker_side": "yes"
        },
        {
            "trade_id": "1f857cfc-2d32-493e-a8a5-abceaaea2dc7",
            "ticker": "KXHIGHAUS-25MAR01-B83.5",
            "count": 30,
            "created_time": "2025-03-01T22:58:04.332377Z",
            "yes_price": 99,
            "no_price": 1,
            "taker_side": "yes"
        },
        {
            "trade_id": "ce3be05d-e451-49bf-a36e-ca308a0389b4",
            "ticker": "KXHIGHAUS-25MAR01-B83.5",
            "count": 33,
            "created_time": "2025-03-01T22:57:37.39299Z",
            "yes_price": 99,
            "no_price": 1,
            "taker_side": "yes"
        },
        {
            "trade_id": "b8d0a552-0dcc-417f-b1cc-19ea5d306913",
            "ticker": "KXHIGHAUS-25MAR01-B83.5",
            "count": 366,
            "created_time": "2025-03-01T22:43:32.451168Z",
            "yes_price": 99,
            "no_price": 1,
            "taker_side": "yes"
        },
        {
            "trade_id": "d9dc8a5d-51af-412a-bd04-753697361ecb",
            "ticker": "KXHIGHAUS-25MAR01-B83.5",
            "count": 48,
            "created_time": "2025-03-01T22:35:01.164202Z",
            "yes_price": 98,
            "no_price": 2,
            "taker_side": "no"
        },
        {
            "trade_id": "9afc0a1e-ab1e-437e-b416-6afd4dc0b8fe",
            "ticker": "KXHIGHAUS-25MAR01-B83.5",
            "count": 177,
            "created_time": "2025-03-01T22:34:16.860032Z",
            "yes_price": 98,
            "no_price": 2,
            "taker_side": "no"
        },
        {
            "trade_id": "a6d7506c-ef7c-45fe-ba32-157a441303c0",
            "ticker": "KXHIGHAUS-25MAR01-B83.5",
            "count": 15,
            "created_time": "2025-03-01T22:31:25.339049Z",
            "yes_price": 98,
            "no_price": 2,
            "taker_side": "no"
        },
        {
            "trade_id": "dd14bb12-3ea7-48d5-b5dc-892e2880b24f",
            "ticker": "KXHIGHAUS-25MAR01-B83.5",
            "count": 46,
            "created_time": "2025-03-01T22:22:31.133047Z",
            "yes_price": 98,
            "no_price": 2,
            "taker_side": "no"
        },
        {
            "trade_id": "53763d48-06fb-4565-9aa6-0a3ede669252",
            "ticker": "KXHIGHAUS-25MAR01-B83.5",
            "count": 100,
            "created_time": "2025-03-01T22:18:51.674344Z",
            "yes_price": 98,
            "no_price": 2,
            "taker_side": "yes"
        },
        {
            "trade_id": "347b81bc-471a-43db-a60d-5dcb239b5131",
            "ticker": "KXHIGHAUS-25MAR01-B83.5",
            "count": 281,
            "created_time": "2025-03-01T22:18:51.674344Z",
            "yes_price": 98,
            "no_price": 2,
            "taker_side": "yes"
        },
        {
            "trade_id": "821bb660-4492-4a52-a8fe-46c189536b34",
            "ticker": "KXHIGHAUS-25MAR01-B83.5",
            "count": 5,
            "created_time": "2025-03-01T22:18:30.179077Z",
            "yes_price": 96,
            "no_price": 4,
            "taker_side": "yes"
        },
        {
            "trade_id": "73b62b98-3d7d-4ccf-b8d7-3832c3b4a667",
            "ticker": "KXHIGHAUS-25MAR01-B83.5",
            "count": 160,
            "created_time": "2025-03-01T22:18:30.179077Z",
            "yes_price": 97,
            "no_price": 3,
            "taker_side": "yes"
        },
        {
            "trade_id": "677132f7-3391-4650-b686-5e6e8f4ec510",
            "ticker": "KXHIGHAUS-25MAR01-B83.5",
            "count": 6,
            "created_time": "2025-03-01T22:16:43.786366Z",
            "yes_price": 96,
            "no_price": 4,
            "taker_side": "yes"
        },
        {
            "trade_id": "d158ced6-46eb-405a-bf18-90a71cb128c1",
            "ticker": "KXHIGHAUS-25MAR01-B83.5",
            "count": 11,
            "created_time": "2025-03-01T22:10:01.494702Z",
            "yes_price": 91,
            "no_price": 9,
            "taker_side": "no"
        },
        {
            "trade_id": "92c0a03f-0cce-4bd1-96ee-dcc23f6f7480",
            "ticker": "KXHIGHAUS-25MAR01-B83.5",
            "count": 4,
            "created_time": "2025-03-01T22:10:01.494702Z",
            "yes_price": 88,
            "no_price": 12,
            "taker_side": "no"
        },
        {
            "trade_id": "840d944e-6c5c-42c6-afea-501c7bd59de4",
            "ticker": "KXHIGHAUS-25MAR01-B83.5",
            "count": 67,
            "created_time": "2025-03-01T22:10:01.494702Z",
            "yes_price": 96,
            "no_price": 4,
            "taker_side": "no"
        },
        {
            "trade_id": "265d1b11-1946-43f9-a630-5a209b7fe58e",
            "ticker": "KXHIGHAUS-25MAR01-B83.5",
            "count": 160,
            "created_time": "2025-03-01T22:10:01.494702Z",
            "yes_price": 90,
            "no_price": 10,
            "taker_side": "no"
        },
        {
            "trade_id": "c05655ef-ced8-44bc-bf95-f3eca6ede1d3",
            "ticker": "KXHIGHAUS-25MAR01-B83.5",
            "count": 55,
            "created_time": "2025-03-01T22:00:19.178786Z",
            "yes_price": 95,
            "no_price": 5,
            "taker_side": "yes"
        },
        {
            "trade_id": "8251517a-ba1a-48be-924a-31e97ed7b4b1",
            "ticker": "KXHIGHAUS-25MAR01-B83.5",
            "count": 378,
            "created_time": "2025-03-01T22:00:19.178786Z",
            "yes_price": 96,
            "no_price": 4,
            "taker_side": "yes"
        },
        {
            "trade_id": "6423cf51-9ddb-4d47-b572-6344963c9c9a",
            "ticker": "KXHIGHAUS-25MAR01-B83.5",
            "count": 15,
            "created_time": "2025-03-01T21:59:44.504468Z",
            "yes_price": 95,
            "no_price": 5,
            "taker_side": "yes"
        },
        {
            "trade_id": "ca56739f-b2f6-4823-b1a6-4ab8e0307e1b",
            "ticker": "KXHIGHAUS-25MAR01-B83.5",
            "count": 32,
            "created_time": "2025-03-01T21:35:42.667675Z",
            "yes_price": 88,
            "no_price": 12,
            "taker_side": "no"
        },
        {
            "trade_id": "4a2d4744-cf61-422d-b581-fdc3644e816d",
            "ticker": "KXHIGHAUS-25MAR01-B83.5",
            "count": 1,
            "created_time": "2025-03-01T21:35:42.667675Z",
            "yes_price": 89,
            "no_price": 11,
            "taker_side": "no"
        },
        {
            "trade_id": "311e83c2-0d40-47b8-9a0f-78a384e2bf12",
            "ticker": "KXHIGHAUS-25MAR01-B83.5",
            "count": 10,
            "created_time": "2025-03-01T21:30:17.557865Z",
            "yes_price": 96,
            "no_price": 4,
            "taker_side": "yes"
        },
        {
            "trade_id": "b23c8a89-dcce-40a2-b3d5-644400a058d3",
            "ticker": "KXHIGHAUS-25MAR01-B83.5",
            "count": 15,
            "created_time": "2025-03-01T21:22:32.495321Z",
            "yes_price": 97,
            "no_price": 3,
            "taker_side": "yes"
        },
        {
            "trade_id": "6359344a-6aac-4c55-b171-acadfa3a00a1",
            "ticker": "KXHIGHAUS-25MAR01-B83.5",
            "count": 15,
            "created_time": "2025-03-01T21:21:03.513129Z",
            "yes_price": 97,
            "no_price": 3,
            "taker_side": "yes"
        },
        {
            "trade_id": "59f59ff8-f703-4194-9b82-d032796e9f6b",
            "ticker": "KXHIGHAUS-25MAR01-B83.5",
            "count": 400,
            "created_time": "2025-03-01T21:19:33.410186Z",
            "yes_price": 97,
            "no_price": 3,
            "taker_side": "yes"
        },
        {
            "trade_id": "1e1c65c3-6003-4a17-95b1-ce5304cee621",
            "ticker": "KXHIGHAUS-25MAR01-B83.5",
            "count": 100,
            "created_time": "2025-03-01T21:19:33.410186Z",
            "yes_price": 97,
            "no_price": 3,
            "taker_side": "yes"
        },
        {
            "trade_id": "24b05e1c-51ac-4e77-99f3-0850aa49bb23",
            "ticker": "KXHIGHAUS-25MAR01-B83.5",
            "count": 7,
            "created_time": "2025-03-01T21:19:06.291386Z",
            "yes_price": 95,
            "no_price": 5,
            "taker_side": "yes"
        },
        {
            "trade_id": "ef11b59c-f884-4e94-b82d-f2df8b591132",
            "ticker": "KXHIGHAUS-25MAR01-B83.5",
            "count": 320,
            "created_time": "2025-03-01T21:16:20.958299Z",
            "yes_price": 95,
            "no_price": 5,
            "taker_side": "yes"
        },
        {
            "trade_id": "156cd874-151b-4e96-a554-b394b6acb1fd",
            "ticker": "KXHIGHAUS-25MAR01-B83.5",
            "count": 1000,
            "created_time": "2025-03-01T21:15:53.614828Z",
            "yes_price": 92,
            "no_price": 8,
            "taker_side": "yes"
        },
        {
            "trade_id": "cb6e451b-66e0-44ca-8694-0868bdc956cb",
            "ticker": "KXHIGHAUS-25MAR01-B83.5",
            "count": 50,
            "created_time": "2025-03-01T21:15:37.277268Z",
            "yes_price": 91,
            "no_price": 9,
            "taker_side": "yes"
        },
        {
            "trade_id": "9eba2a72-04f6-4f37-b6ae-bd7d5f65d7f4",
            "ticker": "KXHIGHAUS-25MAR01-B83.5",
            "count": 50,
            "created_time": "2025-03-01T21:15:37.277268Z",
            "yes_price": 91,
            "no_price": 9,
            "taker_side": "yes"
        },
        {
            "trade_id": "709f2506-862a-4700-9cba-5a5c77bae86c",
            "ticker": "KXHIGHAUS-25MAR01-B83.5",
            "count": 75,
            "created_time": "2025-03-01T21:15:24.35134Z",
            "yes_price": 90,
            "no_price": 10,
            "taker_side": "yes"
        },
        {
            "trade_id": "7a969130-510f-482e-9ff2-3a5da9ce28de",
            "ticker": "KXHIGHAUS-25MAR01-B83.5",
            "count": 55,
            "created_time": "2025-03-01T21:11:45.657742Z",
            "yes_price": 90,
            "no_price": 10,
            "taker_side": "yes"
        },
        {
            "trade_id": "1106eba4-bcdc-4182-be80-5611fd41fbec",
            "ticker": "KXHIGHAUS-25MAR01-B83.5",
            "count": 5,
            "created_time": "2025-03-01T21:10:46.126799Z",
            "yes_price": 90,
            "no_price": 10,
            "taker_side": "yes"
        },
        {
            "trade_id": "e948e90e-8d47-45b3-91ef-1362225f690b",
            "ticker": "KXHIGHAUS-25MAR01-B83.5",
            "count": 41,
            "created_time": "2025-03-01T21:07:43.519064Z",
            "yes_price": 85,
            "no_price": 15,
            "taker_side": "no"
        },
        {
            "trade_id": "e484dc6e-4e57-43dc-8e8a-629481ee87ae",
            "ticker": "KXHIGHAUS-25MAR01-B83.5",
            "count": 300,
            "created_time": "2025-03-01T21:07:43.519064Z",
            "yes_price": 88,
            "no_price": 12,
            "taker_side": "no"
        },
        {
            "trade_id": "10f3f45a-160e-41c9-9c19-fe206cd71203",
            "ticker": "KXHIGHAUS-25MAR01-B83.5",
            "count": 25,
            "created_time": "2025-03-01T21:07:43.519064Z",
            "yes_price": 89,
            "no_price": 11,
            "taker_side": "no"
        },
        {
            "trade_id": "d754c172-ef4a-40ca-92d6-29d48ee34227",
            "ticker": "KXHIGHAUS-25MAR01-B83.5",
            "count": 150,
            "created_time": "2025-03-01T21:04:07.513034Z",
            "yes_price": 89,
            "no_price": 11,
            "taker_side": "yes"
        },
        {
            "trade_id": "c7972e5a-246a-4ee4-953b-3ee4152bbc2c",
            "ticker": "KXHIGHAUS-25MAR01-B83.5",
            "count": 500,
            "created_time": "2025-03-01T21:04:07.513034Z",
            "yes_price": 89,
            "no_price": 11,
            "taker_side": "yes"
        },
        {
            "trade_id": "c184d510-5684-4316-beac-579f52376f93",
            "ticker": "KXHIGHAUS-25MAR01-B83.5",
            "count": 23,
            "created_time": "2025-03-01T21:02:44.170481Z",
            "yes_price": 88,
            "no_price": 12,
            "taker_side": "yes"
        },
        {
            "trade_id": "07a45057-555a-4203-863d-077f0cbc6068",
            "ticker": "KXHIGHAUS-25MAR01-B83.5",
            "count": 23,
            "created_time": "2025-03-01T21:01:58.848501Z",
            "yes_price": 88,
            "no_price": 12,
            "taker_side": "no"
        },
        {
            "trade_id": "b8b12f75-de45-40ae-a4fb-09aeb501155f",
            "ticker": "KXHIGHAUS-25MAR01-B83.5",
            "count": 7,
            "created_time": "2025-03-01T21:01:58.769592Z",
            "yes_price": 88,
            "no_price": 12,
            "taker_side": "no"
        },
        {
            "trade_id": "5520f1d9-6926-474a-98d7-18a3ef097ea8",
            "ticker": "KXHIGHAUS-25MAR01-B83.5",
            "count": 7,
            "created_time": "2025-03-01T21:01:58.769592Z",
            "yes_price": 88,
            "no_price": 12,
            "taker_side": "no"
        },
        {
            "trade_id": "0ff345b2-4730-4493-8a85-fb69c4dc51d5",
            "ticker": "KXHIGHAUS-25MAR01-B83.5",
            "count": 10,
            "created_time": "2025-03-01T21:01:58.573734Z",
            "yes_price": 88,
            "no_price": 12,
            "taker_side": "no"
        },
        {
            "trade_id": "7d5a0736-e36a-41f2-9ef7-5342f71fdad8",
            "ticker": "KXHIGHAUS-25MAR01-B83.5",
            "count": 7,
            "created_time": "2025-03-01T21:01:58.399302Z",
            "yes_price": 88,
            "no_price": 12,
            "taker_side": "no"
        },
        {
            "trade_id": "22a56711-8d63-4d29-938f-4b716f6fced4",
            "ticker": "KXHIGHAUS-25MAR01-B83.5",
            "count": 3,
            "created_time": "2025-03-01T21:01:58.399302Z",
            "yes_price": 88,
            "no_price": 12,
            "taker_side": "no"
        },
        {
            "trade_id": "b07f7039-d4d0-455c-9474-326142ef3374",
            "ticker": "KXHIGHAUS-25MAR01-B83.5",
            "count": 20,
            "created_time": "2025-03-01T21:01:58.029721Z",
            "yes_price": 88,
            "no_price": 12,
            "taker_side": "no"
        },
        {
            "trade_id": "57697fd8-903c-417e-8e3d-389343ca044b",
            "ticker": "KXHIGHAUS-25MAR01-B83.5",
            "count": 34,
            "created_time": "2025-03-01T21:01:57.997193Z",
            "yes_price": 88,
            "no_price": 12,
            "taker_side": "no"
        },
        {
            "trade_id": "af98b603-6a40-4df6-9d5b-22b627a51783",
            "ticker": "KXHIGHAUS-25MAR01-B83.5",
            "count": 11,
            "created_time": "2025-03-01T21:01:52.685815Z",
            "yes_price": 88,
            "no_price": 12,
            "taker_side": "yes"
        },
        {
            "trade_id": "9e942606-1b98-468a-8847-cca4b69f11b7",
            "ticker": "KXHIGHAUS-25MAR01-B83.5",
            "count": 50,
            "created_time": "2025-03-01T21:01:52.685815Z",
            "yes_price": 88,
            "no_price": 12,
            "taker_side": "yes"
        },
        {
            "trade_id": "2915fb39-9891-4f76-a582-891eceb38ede",
            "ticker": "KXHIGHAUS-25MAR01-B83.5",
            "count": 10,
            "created_time": "2025-03-01T21:01:48.002732Z",
            "yes_price": 85,
            "no_price": 15,
            "taker_side": "yes"
        },
        {
            "trade_id": "a8bc7239-c183-4868-b1d5-10a7efb1b8b9",
            "ticker": "KXHIGHAUS-25MAR01-B83.5",
            "count": 22,
            "created_time": "2025-03-01T21:01:37.073949Z",
            "yes_price": 76,
            "no_price": 24,
            "taker_side": "yes"
        },
        {
            "trade_id": "313faf9f-c062-4e9f-afd1-76a9b14d8eed",
            "ticker": "KXHIGHAUS-25MAR01-B83.5",
            "count": 25,
            "created_time": "2025-03-01T20:57:24.11994Z",
            "yes_price": 76,
            "no_price": 24,
            "taker_side": "yes"
        },
        {
            "trade_id": "aad048d9-c53f-4605-bb0c-0b6e7698e741",
            "ticker": "KXHIGHAUS-25MAR01-B83.5",
            "count": 3,
            "created_time": "2025-03-01T20:57:19.70408Z",
            "yes_price": 76,
            "no_price": 24,
            "taker_side": "yes"
        },
        {
            "trade_id": "2a99c7de-bbcb-4be9-af95-8e7203327a11",
            "ticker": "KXHIGHAUS-25MAR01-B83.5",
            "count": 4,
            "created_time": "2025-03-01T20:56:47.796343Z",
            "yes_price": 55,
            "no_price": 45,
            "taker_side": "no"
        },
        {
            "trade_id": "e79ff056-2835-4b74-9ba9-65073fc4955e",
            "ticker": "KXHIGHAUS-25MAR01-B83.5",
            "count": 6,
            "created_time": "2025-03-01T20:53:29.778953Z",
            "yes_price": 72,
            "no_price": 28,
            "taker_side": "yes"
        },
        {
            "trade_id": "a6fe18c4-8fc2-4189-9c6d-63b9218265b5",
            "ticker": "KXHIGHAUS-25MAR01-B83.5",
            "count": 11,
            "created_time": "2025-03-01T20:53:29.778953Z",
            "yes_price": 73,
            "no_price": 27,
            "taker_side": "yes"
        },
        {
            "trade_id": "63eafcc7-b0b7-4502-8429-c65b4296b608",
            "ticker": "KXHIGHAUS-25MAR01-B83.5",
            "count": 31,
            "created_time": "2025-03-01T20:53:29.778953Z",
            "yes_price": 69,
            "no_price": 31,
            "taker_side": "yes"
        },
        {
            "trade_id": "c5fbd4e5-0721-454a-a3ad-f674e1c623b7",
            "ticker": "KXHIGHAUS-25MAR01-B83.5",
            "count": 3,
            "created_time": "2025-03-01T20:51:16.294738Z",
            "yes_price": 65,
            "no_price": 35,
            "taker_side": "yes"
        },
        {
            "trade_id": "09bf317a-f425-41b2-b40a-2eac1268c278",
            "ticker": "KXHIGHAUS-25MAR01-B83.5",
            "count": 12,
            "created_time": "2025-03-01T20:51:16.294738Z",
            "yes_price": 68,
            "no_price": 32,
            "taker_side": "yes"
        },
        {
            "trade_id": "c9fd4db0-62f2-4277-ac33-fd337027e618",
            "ticker": "KXHIGHAUS-25MAR01-B83.5",
            "count": 50,
            "created_time": "2025-03-01T20:51:00.67145Z",
            "yes_price": 64,
            "no_price": 36,
            "taker_side": "yes"
        },
        {
            "trade_id": "59ae7664-fe59-4381-b028-a43d0acecd8a",
            "ticker": "KXHIGHAUS-25MAR01-B83.5",
            "count": 20,
            "created_time": "2025-03-01T20:49:01.574525Z",
            "yes_price": 64,
            "no_price": 36,
            "taker_side": "yes"
        },
        {
            "trade_id": "d6624cf2-a791-4c03-af32-8cdc3f544a70",
            "ticker": "KXHIGHAUS-25MAR01-B83.5",
            "count": 127,
            "created_time": "2025-03-01T20:46:25.198786Z",
            "yes_price": 64,
            "no_price": 36,
            "taker_side": "yes"
        },
        {
            "trade_id": "353612be-213d-4f79-b56a-bd219052fe7b",
            "ticker": "KXHIGHAUS-25MAR01-B83.5",
            "count": 10,
            "created_time": "2025-03-01T20:46:25.198786Z",
            "yes_price": 63,
            "no_price": 37,
            "taker_side": "yes"
        },
        {
            "trade_id": "90b4b8aa-16d3-49ba-ac85-3926f363486b",
            "ticker": "KXHIGHAUS-25MAR01-B83.5",
            "count": 10,
            "created_time": "2025-03-01T20:42:26.018364Z",
            "yes_price": 63,
            "no_price": 37,
            "taker_side": "yes"
        },
        {
            "trade_id": "465921a6-5240-423c-b01c-f50c3685a4af",
            "ticker": "KXHIGHAUS-25MAR01-B83.5",
            "count": 2,
            "created_time": "2025-03-01T20:42:26.018364Z",
            "yes_price": 64,
            "no_price": 36,
            "taker_side": "yes"
        },
        {
            "trade_id": "05838600-e219-444e-a642-0121f44b97c0",
            "ticker": "KXHIGHAUS-25MAR01-B83.5",
            "count": 24,
            "created_time": "2025-03-01T20:42:26.018364Z",
            "yes_price": 65,
            "no_price": 35,
            "taker_side": "yes"
        },
        {
            "trade_id": "efcac133-a1d7-48b0-9e0e-dd5e6e69514b",
            "ticker": "KXHIGHAUS-25MAR01-B83.5",
            "count": 10,
            "created_time": "2025-03-01T20:40:07.399423Z",
            "yes_price": 61,
            "no_price": 39,
            "taker_side": "yes"
        },
        {
            "trade_id": "8a9348c4-5565-4c86-bda3-9daea1d1da55",
            "ticker": "KXHIGHAUS-25MAR01-B83.5",
            "count": 9,
            "created_time": "2025-03-01T20:40:07.399423Z",
            "yes_price": 64,
            "no_price": 36,
            "taker_side": "yes"
        },
        {
            "trade_id": "de3e401f-705a-44e9-916a-d2952f6598b2",
            "ticker": "KXHIGHAUS-25MAR01-B83.5",
            "count": 1,
            "created_time": "2025-03-01T20:39:22.298534Z",
            "yes_price": 61,
            "no_price": 39,
            "taker_side": "yes"
        },
        {
            "trade_id": "16b09e61-772e-46d4-8a7f-753b8fe44cf2",
            "ticker": "KXHIGHAUS-25MAR01-B83.5",
            "count": 5,
            "created_time": "2025-03-01T20:35:41.99369Z",
            "yes_price": 64,
            "no_price": 36,
            "taker_side": "yes"
        },
        {
            "trade_id": "c089a0ff-a926-42a0-a578-b50e10ce1ac4",
            "ticker": "KXHIGHAUS-25MAR01-B83.5",
            "count": 30,
            "created_time": "2025-03-01T20:32:20.546857Z",
            "yes_price": 61,
            "no_price": 39,
            "taker_side": "yes"
        },
        {
            "trade_id": "7ae0c144-907d-4450-a809-23e5361706d3",
            "ticker": "KXHIGHAUS-25MAR01-B83.5",
            "count": 29,
            "created_time": "2025-03-01T20:32:20.546857Z",
            "yes_price": 62,
            "no_price": 38,
            "taker_side": "yes"
        },
        {
            "trade_id": "57d40cf7-c3a1-443c-89c7-69cf3d52022c",
            "ticker": "KXHIGHAUS-25MAR01-B83.5",
            "count": 20,
            "created_time": "2025-03-01T20:32:20.546857Z",
            "yes_price": 61,
            "no_price": 39,
            "taker_side": "yes"
        },
        {
            "trade_id": "d4e97ca0-b978-4511-9a52-b7c28d356b74",
            "ticker": "KXHIGHAUS-25MAR01-B83.5",
            "count": 30,
            "created_time": "2025-03-01T20:30:00.35815Z",
            "yes_price": 52,
            "no_price": 48,
            "taker_side": "no"
        },
        {
            "trade_id": "86167976-fb07-4a52-bac8-e615ae445917",
            "ticker": "KXHIGHAUS-25MAR01-B83.5",
            "count": 9,
            "created_time": "2025-03-01T20:30:00.35815Z",
            "yes_price": 52,
            "no_price": 48,
            "taker_side": "no"
        },
        {
            "trade_id": "504cbc6b-8d48-47c9-9a5b-04f1d4e71a02",
            "ticker": "KXHIGHAUS-25MAR01-B83.5",
            "count": 25,
            "created_time": "2025-03-01T20:30:00.35815Z",
            "yes_price": 52,
            "no_price": 48,
            "taker_side": "no"
        },
        {
            "trade_id": "1231a9d8-403d-4829-8b03-971a9bb67a91",
            "ticker": "KXHIGHAUS-25MAR01-B83.5",
            "count": 258,
            "created_time": "2025-03-01T20:30:00.35815Z",
            "yes_price": 51,
            "no_price": 49,
            "taker_side": "no"
        },
        {
            "trade_id": "d448209b-de7a-4e83-91b7-f7951f5dfa8a",
            "ticker": "KXHIGHAUS-25MAR01-B83.5",
            "count": 8,
            "created_time": "2025-03-01T20:23:23.900124Z",
            "yes_price": 61,
            "no_price": 39,
            "taker_side": "no"
        },
        {
            "trade_id": "44a1dd18-b081-494c-ace1-d2201c5c5474",
            "ticker": "KXHIGHAUS-25MAR01-B83.5",
            "count": 25,
            "created_time": "2025-03-01T20:23:23.900124Z",
            "yes_price": 60,
            "no_price": 40,
            "taker_side": "no"
        },
        {
            "trade_id": "152c9df4-8a71-4774-9e6e-51977095dbfd",
            "ticker": "KXHIGHAUS-25MAR01-B83.5",
            "count": 2,
            "created_time": "2025-03-01T20:19:55.721354Z",
            "yes_price": 55,
            "no_price": 45,
            "taker_side": "no"
        },
        {
            "trade_id": "0c35308b-8f82-452e-9439-00b55e42dd60",
            "ticker": "KXHIGHAUS-25MAR01-B83.5",
            "count": 10,
            "created_time": "2025-03-01T20:19:26.57679Z",
            "yes_price": 58,
            "no_price": 42,
            "taker_side": "no"
        },
        {
            "trade_id": "5a1aec11-cb80-4032-9596-bb0063f24c17",
            "ticker": "KXHIGHAUS-25MAR01-B83.5",
            "count": 3,
            "created_time": "2025-03-01T20:19:03.797786Z",
            "yes_price": 65,
            "no_price": 35,
            "taker_side": "yes"
        },
        {
            "trade_id": "ba459452-f1e6-49ae-a5df-42fa4c6b9813",
            "ticker": "KXHIGHAUS-25MAR01-B83.5",
            "count": 10,
            "created_time": "2025-03-01T20:17:02.402177Z",
            "yes_price": 54,
            "no_price": 46,
            "taker_side": "no"
        },
        {
            "trade_id": "88e298eb-ce2b-4939-a485-3f513d0e9ef2",
            "ticker": "KXHIGHAUS-25MAR01-B83.5",
            "count": 10,
            "created_time": "2025-03-01T20:16:47.50674Z",
            "yes_price": 52,
            "no_price": 48,
            "taker_side": "no"
        },
        {
            "trade_id": "447f5707-fa1d-4896-91a3-5658477d951b",
            "ticker": "KXHIGHAUS-25MAR01-B83.5",
            "count": 10,
            "created_time": "2025-03-01T20:16:17.476225Z",
            "yes_price": 54,
            "no_price": 46,
            "taker_side": "no"
        },
        {
            "trade_id": "0cb2aa22-c331-4608-ad35-8d4ee39f9207",
            "ticker": "KXHIGHAUS-25MAR01-B83.5",
            "count": 5,
            "created_time": "2025-03-01T20:16:15.245708Z",
            "yes_price": 57,
            "no_price": 43,
            "taker_side": "no"
        },
        {
            "trade_id": "dba50b84-8993-4d5f-b921-3459d9cb2945",
            "ticker": "KXHIGHAUS-25MAR01-B83.5",
            "count": 5,
            "created_time": "2025-03-01T20:16:15.171519Z",
            "yes_price": 55,
            "no_price": 45,
            "taker_side": "yes"
        },
        {
            "trade_id": "26b34fc0-7d11-466b-b0cb-f429bba1f4d6",
            "ticker": "KXHIGHAUS-25MAR01-B83.5",
            "count": 5,
            "created_time": "2025-03-01T20:16:13.096984Z",
            "yes_price": 55,
            "no_price": 45,
            "taker_side": "no"
        },
        {
            "trade_id": "5461b939-5996-48b2-994b-84ff8172362b",
