{
    "KXHIGHAUS-25JAN26-T49": [
        {
            "trade_id": "e7a13fc3-b2da-4eb9-83f3-71d9455e8830",
            "ticker": "KXHIGHAUS-25JAN26-T49",
            "count": 100,
            "created_time": "2025-01-26T03:02:18.526693Z",
            "yes_price": 1,
            "no_price": 99,
            "taker_side": "yes"
        },
        {
            "trade_id": "9f5b94de-3860-4ecd-ac28-28722fee988b",
            "ticker": "KXHIGHAUS-25JAN26-T49",
            "count": 100,
            "created_time": "2025-01-26T03:02:18.526693Z",
            "yes_price": 1,
            "no_price": 99,
            "taker_side": "yes"
        },
        {
            "trade_id": "39d5fd06-e1ee-4758-a607-ac6409bff241",
            "ticker": "KXHIGHAUS-25JAN26-T49",
            "count": 200,
            "created_time": "2025-01-26T03:02:18.526693Z",
            "yes_price": 1,
            "no_price": 99,
            "taker_side": "yes"
        },
        {
            "trade_id": "ea1ae3e8-d305-4f6a-bcf5-e6bbefd4daa0",
            "ticker": "KXHIGHAUS-25JAN26-T49",
            "count": 100,
            "created_time": "2025-01-25T20:45:26.469113Z",
            "yes_price": 2,
            "no_price": 98,
            "taker_side": "no"
        },
        {
            "trade_id": "5ad42b73-ce7b-4f36-a996-f9062820c2f0",
            "ticker": "KXHIGHAUS-25JAN26-T49",
            "count": 79,
            "created_time": "2025-01-25T16:15:46.495896Z",
            "yes_price": 10,
            "no_price": 90,
            "taker_side": "no"
        },
        {
            "trade_id": "2d599300-1cc0-4eac-a96e-ae431fa93ac7",
            "ticker": "KXHIGHAUS-25JAN26-T49",
            "count": 2,
            "created_time": "2025-01-25T16:14:22.01494Z",
            "yes_price": 10,
            "no_price": 90,
            "taker_side": "no"
        },
        {
            "trade_id": "7fcab34f-a6ff-409d-941a-4d96925c2e3b",
            "ticker": "KXHIGHAUS-25JAN26-T49",
            "count": 63,
            "created_time": "2025-01-25T16:14:18.157404Z",
            "yes_price": 10,
            "no_price": 90,
            "taker_side": "no"
        },
        {
            "trade_id": "d6b25d4a-8e99-4465-a3ea-79c48afea647",
            "ticker": "KXHIGHAUS-25JAN26-T49",
            "count": 89,
            "created_time": "2025-01-25T16:12:40.151996Z",
            "yes_price": 10,
            "no_price": 90,
            "taker_side": "no"
        },
        {
            "trade_id": "b7917a06-9bbd-4a51-bacb-3bbdf61e9113",
            "ticker": "KXHIGHAUS-25JAN26-T49",
            "count": 16,
            "created_time": "2025-01-25T16:12:33.525796Z",
            "yes_price": 9,
            "no_price": 91,
            "taker_side": "yes"
        },
        {
            "trade_id": "b5dd2ee4-ddf2-4513-adb0-cacc1b710376",
            "ticker": "KXHIGHAUS-25JAN26-T49",
            "count": 23,
            "created_time": "2025-01-25T16:12:33.525796Z",
            "yes_price": 9,
            "no_price": 91,
            "taker_side": "yes"
        },
        {
            "trade_id": "4d7c75b5-7b7e-44e4-ae8d-0009e3915601",
            "ticker": "KXHIGHAUS-25JAN26-T49",
            "count": 54,
            "created_time": "2025-01-25T16:11:20.627131Z",
            "yes_price": 10,
            "no_price": 90,
            "taker_side": "no"
        },
        {
            "trade_id": "f34dfe90-25ef-408d-8706-2b27001ea8cc",
            "ticker": "KXHIGHAUS-25JAN26-T49",
            "count": 9,
            "created_time": "2025-01-25T16:11:14.696555Z",
            "yes_price": 10,
            "no_price": 90,
            "taker_side": "yes"
        },
        {
            "trade_id": "9b6a9021-bca9-4427-874e-3cafd4e99c97",
            "ticker": "KXHIGHAUS-25JAN26-T49",
            "count": 180,
            "created_time": "2025-01-25T16:11:14.696555Z",
            "yes_price": 7,
            "no_price": 93,
            "taker_side": "yes"
        },
        {
            "trade_id": "5ad9e7fa-2465-4324-9f69-70754c42920f",
            "ticker": "KXHIGHAUS-25JAN26-T49",
            "count": 180,
            "created_time": "2025-01-25T16:11:14.696555Z",
            "yes_price": 9,
            "no_price": 91,
            "taker_side": "yes"
        },
        {
            "trade_id": "439151a8-3db2-427d-875d-d11f6ab7a268",
            "ticker": "KXHIGHAUS-25JAN26-T49",
            "count": 74,
            "created_time": "2025-01-25T16:11:14.696555Z",
            "yes_price": 5,
            "no_price": 95,
            "taker_side": "yes"
        },
        {
            "trade_id": "392a521d-b775-4ce8-bac1-0f08eec83592",
            "ticker": "KXHIGHAUS-25JAN26-T49",
            "count": 3,
            "created_time": "2025-01-25T16:11:14.696555Z",
            "yes_price": 5,
            "no_price": 95,
            "taker_side": "yes"
        }
    ],
    "KXHIGHAUS-25JAN26-B49.5": [
        {
            "trade_id": "b5547ad1-5669-4759-b37b-8e6f233c3681",
            "ticker": "KXHIGHAUS-25JAN26-B49.5",
            "count": 100,
            "created_time": "2025-01-26T03:01:59.966365Z",
            "yes_price": 4,
            "no_price": 96,
            "taker_side": "yes"
        },
        {
            "trade_id": "b1801ca7-6357-401c-8069-98f3c451820a",
            "ticker": "KXHIGHAUS-25JAN26-B49.5",
            "count": 100,
            "created_time": "2025-01-26T03:01:59.966365Z",
            "yes_price": 2,
            "no_price": 98,
            "taker_side": "yes"
        },
        {
            "trade_id": "9c50bc1f-7b91-42dd-a8e1-ddb388d553d2",
            "ticker": "KXHIGHAUS-25JAN26-B49.5",
            "count": 100,
            "created_time": "2025-01-26T03:01:59.966365Z",
            "yes_price": 1,
            "no_price": 99,
            "taker_side": "yes"
        },
        {
            "trade_id": "8679899d-893c-4809-a251-d43c2949ace6",
            "ticker": "KXHIGHAUS-25JAN26-B49.5",
            "count": 100,
            "created_time": "2025-01-26T03:01:59.966365Z",
            "yes_price": 3,
            "no_price": 97,
            "taker_side": "yes"
        },
        {
            "trade_id": "9d8fb8a2-c6c6-443b-a5e2-5fce6e702fd0",
            "ticker": "KXHIGHAUS-25JAN26-B49.5",
            "count": 100,
            "created_time": "2025-01-26T00:49:01.587292Z",
            "yes_price": 1,
            "no_price": 99,
            "taker_side": "yes"
        },
        {
            "trade_id": "c43041e9-8e77-4660-8b00-1d50932b19d9",
            "ticker": "KXHIGHAUS-25JAN26-B49.5",
            "count": 1,
            "created_time": "2025-01-25T23:05:06.074549Z",
            "yes_price": 13,
            "no_price": 87,
            "taker_side": "yes"
        },
        {
            "trade_id": "116f037f-e057-4408-92fa-53a63faa478c",
            "ticker": "KXHIGHAUS-25JAN26-B49.5",
            "count": 10,
            "created_time": "2025-01-25T16:15:46.675646Z",
            "yes_price": 10,
            "no_price": 90,
            "taker_side": "no"
        },
        {
            "trade_id": "04f6036b-fcda-4939-ab1a-b1f354e58187",
            "ticker": "KXHIGHAUS-25JAN26-B49.5",
            "count": 180,
            "created_time": "2025-01-25T16:15:46.604301Z",
            "yes_price": 10,
            "no_price": 90,
            "taker_side": "no"
        },
        {
            "trade_id": "f63a37a5-88de-49c7-896f-bdc01b96b1d0",
            "ticker": "KXHIGHAUS-25JAN26-B49.5",
            "count": 2,
            "created_time": "2025-01-25T16:14:22.155276Z",
            "yes_price": 10,
            "no_price": 90,
            "taker_side": "no"
        },
        {
            "trade_id": "6e2a453a-bc42-48bb-a416-93a681be1b85",
            "ticker": "KXHIGHAUS-25JAN26-B49.5",
            "count": 63,
            "created_time": "2025-01-25T16:14:18.157706Z",
            "yes_price": 10,
            "no_price": 90,
            "taker_side": "no"
        },
        {
            "trade_id": "3f52d702-f76f-49b0-bb77-b2f011b86819",
            "ticker": "KXHIGHAUS-25JAN26-B49.5",
            "count": 2,
            "created_time": "2025-01-25T16:12:42.198893Z",
            "yes_price": 9,
            "no_price": 91,
            "taker_side": "yes"
        },
        {
            "trade_id": "261e3ca8-22e8-420a-92b2-88a36e2494b5",
            "ticker": "KXHIGHAUS-25JAN26-B49.5",
            "count": 2,
            "created_time": "2025-01-25T16:12:42.198893Z",
            "yes_price": 9,
            "no_price": 91,
            "taker_side": "yes"
        },
        {
            "trade_id": "3c0dc733-918a-4eb9-8d85-c82904f8f704",
            "ticker": "KXHIGHAUS-25JAN26-B49.5",
            "count": 87,
            "created_time": "2025-01-25T16:12:22.69563Z",
            "yes_price": 10,
            "no_price": 90,
            "taker_side": "no"
        },
        {
            "trade_id": "0db2afce-3fce-407c-9de7-ec6f72764b3c",
            "ticker": "KXHIGHAUS-25JAN26-B49.5",
            "count": 4,
            "created_time": "2025-01-25T16:12:22.595348Z",
            "yes_price": 10,
            "no_price": 90,
            "taker_side": "no"
        },
        {
            "trade_id": "f0a5d005-14a7-469a-bfb9-a9d1491274d9",
            "ticker": "KXHIGHAUS-25JAN26-B49.5",
            "count": 4,
            "created_time": "2025-01-25T16:11:24.939791Z",
            "yes_price": 5,
            "no_price": 95,
            "taker_side": "yes"
        },
        {
            "trade_id": "cdedb83b-0952-47d5-a739-2dd80d30f164",
            "ticker": "KXHIGHAUS-25JAN26-B49.5",
            "count": 180,
            "created_time": "2025-01-25T16:11:24.939791Z",
            "yes_price": 7,
            "no_price": 93,
            "taker_side": "yes"
        },
        {
            "trade_id": "c76a862b-d8c0-4240-8ede-283ae1478bb6",
            "ticker": "KXHIGHAUS-25JAN26-B49.5",
            "count": 180,
            "created_time": "2025-01-25T16:11:24.939791Z",
            "yes_price": 9,
            "no_price": 91,
            "taker_side": "yes"
        },
        {
            "trade_id": "adcaba30-a9cd-48ab-9521-8d29783d68b3",
            "ticker": "KXHIGHAUS-25JAN26-B49.5",
            "count": 9,
            "created_time": "2025-01-25T16:11:24.939791Z",
            "yes_price": 10,
            "no_price": 90,
            "taker_side": "yes"
        },
        {
            "trade_id": "ad3e00ba-8ec4-4f35-925a-ea10fa98cfa5",
            "ticker": "KXHIGHAUS-25JAN26-B49.5",
            "count": 23,
            "created_time": "2025-01-25T16:11:24.939791Z",
            "yes_price": 5,
            "no_price": 95,
            "taker_side": "yes"
        },
        {
            "trade_id": "981d96ad-38a8-47cd-a4bb-e78b17ccdc26",
            "ticker": "KXHIGHAUS-25JAN26-B49.5",
            "count": 13,
            "created_time": "2025-01-25T16:11:24.939791Z",
            "yes_price": 9,
            "no_price": 91,
            "taker_side": "yes"
        }
    ],
    "KXHIGHAUS-25JAN26-B51.5": [
        {
            "trade_id": "3a572eb4-b48e-4457-aef5-a68ec061bbf7",
            "ticker": "KXHIGHAUS-25JAN26-B51.5",
            "count": 35,
            "created_time": "2025-01-26T13:52:27.874158Z",
            "yes_price": 1,
            "no_price": 99,
            "taker_side": "yes"
        },
        {
            "trade_id": "8b16fc20-bfe4-49be-bfb1-6094fa12055e",
            "ticker": "KXHIGHAUS-25JAN26-B51.5",
            "count": 35,
            "created_time": "2025-01-26T05:20:04.820124Z",
            "yes_price": 1,
            "no_price": 99,
            "taker_side": "no"
        },
        {
            "trade_id": "86f50784-45a8-431c-b2a4-99d249a6fb34",
            "ticker": "KXHIGHAUS-25JAN26-B51.5",
            "count": 16,
            "created_time": "2025-01-26T04:41:27.200879Z",
            "yes_price": 5,
            "no_price": 95,
            "taker_side": "yes"
        },
        {
            "trade_id": "dae9a643-88f3-4b63-91a2-04a92c983d35",
            "ticker": "KXHIGHAUS-25JAN26-B51.5",
            "count": 18,
            "created_time": "2025-01-26T03:50:13.387811Z",
            "yes_price": 5,
            "no_price": 95,
            "taker_side": "yes"
        },
        {
            "trade_id": "1a2a9df3-9128-4757-9c08-c4da64adaa60",
            "ticker": "KXHIGHAUS-25JAN26-B51.5",
            "count": 6,
            "created_time": "2025-01-26T03:01:45.523547Z",
            "yes_price": 12,
            "no_price": 88,
            "taker_side": "no"
        },
        {
            "trade_id": "8bf6f79f-4d82-442d-893c-369552191618",
            "ticker": "KXHIGHAUS-25JAN26-B51.5",
            "count": 36,
            "created_time": "2025-01-26T03:01:44.602381Z",
            "yes_price": 12,
            "no_price": 88,
            "taker_side": "no"
        },
        {
            "trade_id": "fe71b8a2-d61e-49bb-b0f6-94d72894abb2",
            "ticker": "KXHIGHAUS-25JAN26-B51.5",
            "count": 14,
            "created_time": "2025-01-26T03:01:44.447254Z",
            "yes_price": 8,
            "no_price": 92,
            "taker_side": "yes"
        },
        {
            "trade_id": "f60eae78-1776-4d68-ac80-a9aeea7a2c4a",
            "ticker": "KXHIGHAUS-25JAN26-B51.5",
            "count": 9,
            "created_time": "2025-01-26T03:01:44.447254Z",
            "yes_price": 12,
            "no_price": 88,
            "taker_side": "yes"
        },
        {
            "trade_id": "6c46f4f9-85c8-471d-9bfe-73bafb2d5a23",
            "ticker": "KXHIGHAUS-25JAN26-B51.5",
            "count": 180,
            "created_time": "2025-01-26T03:01:44.447254Z",
            "yes_price": 10,
            "no_price": 90,
            "taker_side": "yes"
        },
        {
            "trade_id": "1d02d6bf-4c62-4e65-b18a-52c88e3cfc99",
            "ticker": "KXHIGHAUS-25JAN26-B51.5",
            "count": 180,
            "created_time": "2025-01-26T03:01:44.447254Z",
            "yes_price": 12,
            "no_price": 88,
            "taker_side": "yes"
        },
        {
            "trade_id": "f5c0be16-359b-4a5b-9ddc-b65792807605",
            "ticker": "KXHIGHAUS-25JAN26-B51.5",
            "count": 3,
            "created_time": "2025-01-26T03:01:08.319751Z",
            "yes_price": 4,
            "no_price": 96,
            "taker_side": "yes"
        },
        {
            "trade_id": "f3506289-68b9-4166-b205-4544f1061b02",
            "ticker": "KXHIGHAUS-25JAN26-B51.5",
            "count": 60,
            "created_time": "2025-01-26T03:01:08.319751Z",
            "yes_price": 8,
            "no_price": 92,
            "taker_side": "yes"
        },
        {
            "trade_id": "93621036-0b4c-45bc-b873-94870f0afcc1",
            "ticker": "KXHIGHAUS-25JAN26-B51.5",
            "count": 120,
            "created_time": "2025-01-26T03:01:08.319751Z",
            "yes_price": 8,
            "no_price": 92,
            "taker_side": "yes"
        },
        {
            "trade_id": "90d35639-f841-4d38-ad7e-41e42b31bb69",
            "ticker": "KXHIGHAUS-25JAN26-B51.5",
            "count": 120,
            "created_time": "2025-01-26T03:01:08.319751Z",
            "yes_price": 6,
            "no_price": 94,
            "taker_side": "yes"
        },
        {
            "trade_id": "4a03fc3d-3eb0-4043-9b33-8d5300795713",
            "ticker": "KXHIGHAUS-25JAN26-B51.5",
            "count": 60,
            "created_time": "2025-01-26T03:01:08.319751Z",
            "yes_price": 6,
            "no_price": 94,
            "taker_side": "yes"
        },
        {
            "trade_id": "261fe133-64cc-4ee0-b851-209452f6ce20",
            "ticker": "KXHIGHAUS-25JAN26-B51.5",
            "count": 17,
            "created_time": "2025-01-26T03:01:08.319751Z",
            "yes_price": 4,
            "no_price": 96,
            "taker_side": "yes"
        },
        {
            "trade_id": "249e3e39-4fc2-41f4-96b8-d0a9ff0d1e9f",
            "ticker": "KXHIGHAUS-25JAN26-B51.5",
            "count": 1,
            "created_time": "2025-01-26T03:01:08.319751Z",
            "yes_price": 4,
            "no_price": 96,
            "taker_side": "yes"
        },
        {
            "trade_id": "762baf9e-66b8-43db-a90b-d4159d671e52",
            "ticker": "KXHIGHAUS-25JAN26-B51.5",
            "count": 50,
            "created_time": "2025-01-26T02:58:17.766138Z",
            "yes_price": 3,
            "no_price": 97,
            "taker_side": "yes"
        },
        {
            "trade_id": "9b466c4c-05b8-489c-a038-eeaccced93b7",
            "ticker": "KXHIGHAUS-25JAN26-B51.5",
            "count": 126,
            "created_time": "2025-01-26T01:44:42.704711Z",
            "yes_price": 1,
            "no_price": 99,
            "taker_side": "no"
        },
        {
            "trade_id": "66614771-41e7-4428-a1e1-864d633e6c51",
            "ticker": "KXHIGHAUS-25JAN26-B51.5",
            "count": 358,
            "created_time": "2025-01-26T01:26:15.438218Z",
            "yes_price": 1,
            "no_price": 99,
            "taker_side": "no"
        },
        {
            "trade_id": "58676b21-e688-46fe-856f-0cf6b17f8dbe",
            "ticker": "KXHIGHAUS-25JAN26-B51.5",
            "count": 70,
            "created_time": "2025-01-26T01:25:35.202874Z",
            "yes_price": 1,
            "no_price": 99,
            "taker_side": "no"
        },
        {
            "trade_id": "737cd961-773d-416a-b27c-9ba54a05ba3f",
            "ticker": "KXHIGHAUS-25JAN26-B51.5",
            "count": 20,
            "created_time": "2025-01-26T01:25:01.020583Z",
            "yes_price": 1,
            "no_price": 99,
            "taker_side": "no"
        },
        {
            "trade_id": "32b2e12d-27b7-4712-b3a1-2a75bd93258a",
            "ticker": "KXHIGHAUS-25JAN26-B51.5",
            "count": 21,
            "created_time": "2025-01-26T01:24:26.900761Z",
            "yes_price": 1,
            "no_price": 99,
            "taker_side": "no"
        },
        {
            "trade_id": "fff88251-232c-415e-b568-e168357dc5f2",
            "ticker": "KXHIGHAUS-25JAN26-B51.5",
            "count": 70,
            "created_time": "2025-01-26T01:24:26.022404Z",
            "yes_price": 1,
            "no_price": 99,
            "taker_side": "no"
        },
        {
            "trade_id": "306c0557-a5f6-4daf-9eb0-d84455a3fca9",
            "ticker": "KXHIGHAUS-25JAN26-B51.5",
            "count": 100,
            "created_time": "2025-01-26T00:35:41.330353Z",
            "yes_price": 1,
            "no_price": 99,
            "taker_side": "yes"
        },
        {
            "trade_id": "f921057b-d7c2-4e9b-b797-db73c4a04614",
            "ticker": "KXHIGHAUS-25JAN26-B51.5",
            "count": 1,
            "created_time": "2025-01-25T23:05:40.832614Z",
            "yes_price": 13,
            "no_price": 87,
            "taker_side": "yes"
        },
        {
            "trade_id": "e575b14e-f5c4-4720-99ac-5479c95206f3",
            "ticker": "KXHIGHAUS-25JAN26-B51.5",
            "count": 1,
            "created_time": "2025-01-25T22:59:47.060084Z",
            "yes_price": 7,
            "no_price": 93,
            "taker_side": "yes"
        },
        {
            "trade_id": "b93a4826-1de5-4c89-b091-f7d749cc0cd2",
            "ticker": "KXHIGHAUS-25JAN26-B51.5",
            "count": 180,
            "created_time": "2025-01-25T22:59:47.060084Z",
            "yes_price": 9,
            "no_price": 91,
            "taker_side": "yes"
        },
        {
            "trade_id": "5d462c9e-6bc0-47c3-b40f-288308a7890f",
            "ticker": "KXHIGHAUS-25JAN26-B51.5",
            "count": 180,
            "created_time": "2025-01-25T22:59:47.060084Z",
            "yes_price": 11,
            "no_price": 89,
            "taker_side": "yes"
        },
        {
            "trade_id": "436217fa-03e7-427d-8ce9-a61a678e771f",
            "ticker": "KXHIGHAUS-25JAN26-B51.5",
            "count": 87,
            "created_time": "2025-01-25T16:15:46.877042Z",
            "yes_price": 15,
            "no_price": 85,
            "taker_side": "no"
        },
        {
            "trade_id": "e595f88c-bf66-4d99-94c8-814f76af227a",
            "ticker": "KXHIGHAUS-25JAN26-B51.5",
            "count": 10,
            "created_time": "2025-01-25T16:15:31.142892Z",
            "yes_price": 15,
            "no_price": 85,
            "taker_side": "no"
        },
        {
            "trade_id": "587deaa8-538a-4785-bbf4-6d996bf90e9b",
            "ticker": "KXHIGHAUS-25JAN26-B51.5",
            "count": 4,
            "created_time": "2025-01-25T16:14:22.286177Z",
            "yes_price": 15,
            "no_price": 85,
            "taker_side": "no"
        },
        {
            "trade_id": "f07cd1b5-778d-4ebe-88bc-6f2862459ca6",
            "ticker": "KXHIGHAUS-25JAN26-B51.5",
            "count": 63,
            "created_time": "2025-01-25T16:14:18.15704Z",
            "yes_price": 15,
            "no_price": 85,
            "taker_side": "no"
        },
        {
            "trade_id": "4bdf83d4-93dd-4223-b4f0-64966047764a",
            "ticker": "KXHIGHAUS-25JAN26-B51.5",
            "count": 180,
            "created_time": "2025-01-25T16:14:17.962699Z",
            "yes_price": 12,
            "no_price": 88,
            "taker_side": "yes"
        },
        {
            "trade_id": "3ed2a8c3-2d00-433d-83b5-e35b1b8e18fb",
            "ticker": "KXHIGHAUS-25JAN26-B51.5",
            "count": 180,
            "created_time": "2025-01-25T16:14:17.962699Z",
            "yes_price": 14,
            "no_price": 86,
            "taker_side": "yes"
        },
        {
            "trade_id": "84bf020f-2e98-4f2d-9cd4-9b05df9e4d9d",
            "ticker": "KXHIGHAUS-25JAN26-B51.5",
            "count": 7,
            "created_time": "2025-01-25T16:12:45.534523Z",
            "yes_price": 10,
            "no_price": 90,
            "taker_side": "no"
        },
        {
            "trade_id": "a3bc1ec1-bd74-495b-8904-1bf1bd10c9a5",
            "ticker": "KXHIGHAUS-25JAN26-B51.5",
            "count": 180,
            "created_time": "2025-01-25T16:12:22.973517Z",
            "yes_price": 10,
            "no_price": 90,
            "taker_side": "no"
        },
        {
            "trade_id": "5472a740-24be-423a-a41a-b605ecd7663d",
            "ticker": "KXHIGHAUS-25JAN26-B51.5",
            "count": 18,
            "created_time": "2025-01-25T16:12:22.835404Z",
            "yes_price": 10,
            "no_price": 90,
            "taker_side": "no"
        }
    ],
    "KXHIGHAUS-25JAN26-B53.5": [
        {
            "trade_id": "1adddc86-496f-480e-84fc-136731a288a9",
            "ticker": "KXHIGHAUS-25JAN26-B53.5",
            "count": 748,
            "created_time": "2025-01-26T23:04:26.762787Z",
            "yes_price": 1,
            "no_price": 99,
            "taker_side": "yes"
        },
        {
            "trade_id": "2e6bc4ff-0d23-4ce1-9ae3-3bac85dfdbde",
            "ticker": "KXHIGHAUS-25JAN26-B53.5",
            "count": 1106,
            "created_time": "2025-01-26T20:57:05.271931Z",
            "yes_price": 1,
            "no_price": 99,
            "taker_side": "yes"
        },
        {
            "trade_id": "4030cd8c-a2a4-4a17-a2f0-1fa706abcbbc",
            "ticker": "KXHIGHAUS-25JAN26-B53.5",
            "count": 16,
            "created_time": "2025-01-26T20:30:34.336434Z",
            "yes_price": 1,
            "no_price": 99,
            "taker_side": "yes"
        },
        {
            "trade_id": "68d8d3e4-fa0f-452a-9fe3-e330af814545",
            "ticker": "KXHIGHAUS-25JAN26-B53.5",
            "count": 111,
            "created_time": "2025-01-26T20:07:19.682904Z",
            "yes_price": 1,
            "no_price": 99,
            "taker_side": "yes"
        },
        {
            "trade_id": "dad60fd5-2b72-4a68-8be0-c2b99c50b0cb",
            "ticker": "KXHIGHAUS-25JAN26-B53.5",
            "count": 9233,
            "created_time": "2025-01-26T19:40:43.387328Z",
            "yes_price": 1,
            "no_price": 99,
            "taker_side": "yes"
        },
        {
            "trade_id": "479145fc-64d4-45db-90b6-321a12b190b9",
            "ticker": "KXHIGHAUS-25JAN26-B53.5",
            "count": 2500,
            "created_time": "2025-01-26T19:40:43.387328Z",
            "yes_price": 1,
            "no_price": 99,
            "taker_side": "yes"
        },
        {
            "trade_id": "3b5322e9-7a89-412a-b5f9-77e2ea86db23",
            "ticker": "KXHIGHAUS-25JAN26-B53.5",
            "count": 2006,
            "created_time": "2025-01-26T19:40:43.387328Z",
            "yes_price": 1,
            "no_price": 99,
            "taker_side": "yes"
        },
        {
            "trade_id": "50d6a25e-b9d8-4661-a946-b02190e4240c",
            "ticker": "KXHIGHAUS-25JAN26-B53.5",
            "count": 5517,
            "created_time": "2025-01-26T19:32:17.228645Z",
            "yes_price": 1,
            "no_price": 99,
            "taker_side": "yes"
        },
        {
            "trade_id": "ecd20c37-af62-4f6e-b601-7222f73d6432",
            "ticker": "KXHIGHAUS-25JAN26-B53.5",
            "count": 1828,
            "created_time": "2025-01-26T19:09:24.290443Z",
            "yes_price": 1,
            "no_price": 99,
            "taker_side": "yes"
        },
        {
            "trade_id": "de018a38-6c3a-4ad3-b9d5-c9ec0f766c2e",
            "ticker": "KXHIGHAUS-25JAN26-B53.5",
            "count": 5092,
            "created_time": "2025-01-26T19:09:24.290443Z",
            "yes_price": 1,
            "no_price": 99,
            "taker_side": "yes"
        },
        {
            "trade_id": "b4a9f59f-569c-4e0f-b5a3-956d71907cfb",
            "ticker": "KXHIGHAUS-25JAN26-B53.5",
            "count": 4488,
            "created_time": "2025-01-26T18:58:29.916609Z",
            "yes_price": 1,
            "no_price": 99,
            "taker_side": "yes"
        },
        {
            "trade_id": "45000387-a1da-43bd-91d8-27efcbf44e9d",
            "ticker": "KXHIGHAUS-25JAN26-B53.5",
            "count": 5122,
            "created_time": "2025-01-26T18:22:12.019893Z",
            "yes_price": 1,
            "no_price": 99,
            "taker_side": "yes"
        },
        {
            "trade_id": "dfa75849-856a-47ee-ac78-1a7541098704",
            "ticker": "KXHIGHAUS-25JAN26-B53.5",
            "count": 1,
            "created_time": "2025-01-26T18:16:35.228024Z",
            "yes_price": 1,
            "no_price": 99,
            "taker_side": "yes"
        },
        {
            "trade_id": "b59e71e2-15d5-4d8b-b38d-e16994995739",
            "ticker": "KXHIGHAUS-25JAN26-B53.5",
            "count": 20,
            "created_time": "2025-01-26T18:16:07.438038Z",
            "yes_price": 1,
            "no_price": 99,
            "taker_side": "yes"
        },
        {
            "trade_id": "845777bd-3072-4a77-af68-e52ac348006d",
            "ticker": "KXHIGHAUS-25JAN26-B53.5",
            "count": 4675,
            "created_time": "2025-01-26T18:05:51.872355Z",
            "yes_price": 1,
            "no_price": 99,
            "taker_side": "yes"
        },
        {
            "trade_id": "b041f79f-66ad-44ac-af9c-4b78e290907a",
            "ticker": "KXHIGHAUS-25JAN26-B53.5",
            "count": 17,
            "created_time": "2025-01-26T17:58:04.410527Z",
            "yes_price": 1,
            "no_price": 99,
            "taker_side": "yes"
        },
        {
            "trade_id": "1c7b13d8-e2e9-4f20-87d7-648bcc4ba0e2",
            "ticker": "KXHIGHAUS-25JAN26-B53.5",
            "count": 600,
            "created_time": "2025-01-26T17:16:11.947919Z",
            "yes_price": 1,
            "no_price": 99,
            "taker_side": "yes"
        },
        {
            "trade_id": "ea834517-0b94-43a3-9063-36668060cf8e",
            "ticker": "KXHIGHAUS-25JAN26-B53.5",
            "count": 4582,
            "created_time": "2025-01-26T17:06:58.915561Z",
            "yes_price": 1,
            "no_price": 99,
            "taker_side": "yes"
        },
        {
            "trade_id": "a02acb73-362d-480b-b44b-c6084d097bc2",
            "ticker": "KXHIGHAUS-25JAN26-B53.5",
            "count": 403,
            "created_time": "2025-01-26T16:08:41.682063Z",
            "yes_price": 1,
            "no_price": 99,
            "taker_side": "yes"
        },
        {
            "trade_id": "85522f6b-0b74-40dd-8ed1-3aa4cc0f948c",
            "ticker": "KXHIGHAUS-25JAN26-B53.5",
            "count": 513,
            "created_time": "2025-01-26T16:08:41.682063Z",
            "yes_price": 1,
            "no_price": 99,
            "taker_side": "yes"
        },
        {
            "trade_id": "a7b7c40a-be26-4a0e-8824-372e8e4a1d62",
            "ticker": "KXHIGHAUS-25JAN26-B53.5",
            "count": 467,
            "created_time": "2025-01-26T16:03:45.195257Z",
            "yes_price": 1,
            "no_price": 99,
            "taker_side": "yes"
        },
        {
            "trade_id": "4d1d699a-c8b2-4e39-bf4e-7a55e09a1bf3",
            "ticker": "KXHIGHAUS-25JAN26-B53.5",
            "count": 9989,
            "created_time": "2025-01-26T16:02:58.021571Z",
            "yes_price": 1,
            "no_price": 99,
            "taker_side": "yes"
        },
        {
            "trade_id": "88a6441c-987d-49c5-b1d1-0e7fc2f716e3",
            "ticker": "KXHIGHAUS-25JAN26-B53.5",
            "count": 108,
            "created_time": "2025-01-26T15:19:03.549428Z",
            "yes_price": 1,
            "no_price": 99,
            "taker_side": "yes"
        },
        {
            "trade_id": "86e6f2f6-20df-4a00-a383-ddad0386726e",
            "ticker": "KXHIGHAUS-25JAN26-B53.5",
            "count": 2,
            "created_time": "2025-01-26T15:05:21.092485Z",
            "yes_price": 1,
            "no_price": 99,
            "taker_side": "yes"
        },
        {
            "trade_id": "272c071c-6dc1-4486-8d19-331d7a6a1784",
            "ticker": "KXHIGHAUS-25JAN26-B53.5",
            "count": 100,
            "created_time": "2025-01-26T14:30:25.548101Z",
            "yes_price": 1,
            "no_price": 99,
            "taker_side": "yes"
        },
        {
            "trade_id": "c1ef3171-290c-4792-b1a2-111d2e05fcbc",
            "ticker": "KXHIGHAUS-25JAN26-B53.5",
            "count": 467,
            "created_time": "2025-01-26T14:20:29.070046Z",
            "yes_price": 1,
            "no_price": 99,
            "taker_side": "yes"
        },
        {
            "trade_id": "b0bb410c-3b52-44d7-a2e5-4c64ca7fcd0e",
            "ticker": "KXHIGHAUS-25JAN26-B53.5",
            "count": 4675,
            "created_time": "2025-01-26T14:18:15.56639Z",
            "yes_price": 1,
            "no_price": 99,
            "taker_side": "yes"
        },
        {
            "trade_id": "50904fe3-b8a6-46d7-bcb4-1bae7e5cca19",
            "ticker": "KXHIGHAUS-25JAN26-B53.5",
            "count": 3,
            "created_time": "2025-01-26T14:11:42.229178Z",
            "yes_price": 1,
            "no_price": 99,
            "taker_side": "yes"
        },
        {
            "trade_id": "0da5766a-78c1-4911-97ee-36eacf2659d1",
            "ticker": "KXHIGHAUS-25JAN26-B53.5",
            "count": 100,
            "created_time": "2025-01-26T13:55:04.945913Z",
            "yes_price": 1,
            "no_price": 99,
            "taker_side": "yes"
        },
        {
            "trade_id": "55765959-c454-4480-8236-ccf91c3770bd",
            "ticker": "KXHIGHAUS-25JAN26-B53.5",
            "count": 550,
            "created_time": "2025-01-26T13:47:58.012352Z",
            "yes_price": 1,
            "no_price": 99,
            "taker_side": "yes"
        },
        {
            "trade_id": "816cf939-6398-467b-a5f2-4f57153ad375",
            "ticker": "KXHIGHAUS-25JAN26-B53.5",
            "count": 187,
            "created_time": "2025-01-26T13:34:58.491763Z",
            "yes_price": 1,
            "no_price": 99,
            "taker_side": "yes"
        },
        {
            "trade_id": "404b0d26-7e95-45cb-8034-b9747a2922b9",
            "ticker": "KXHIGHAUS-25JAN26-B53.5",
            "count": 467,
            "created_time": "2025-01-26T13:12:27.055503Z",
            "yes_price": 1,
            "no_price": 99,
            "taker_side": "yes"
        },
        {
            "trade_id": "e2747a35-1605-408b-8f79-2671ab1c7a56",
            "ticker": "KXHIGHAUS-25JAN26-B53.5",
            "count": 1899,
            "created_time": "2025-01-26T13:02:50.540855Z",
            "yes_price": 1,
            "no_price": 99,
            "taker_side": "yes"
        },
        {
            "trade_id": "12e24e46-3346-4eb5-822c-7278576afd6a",
            "ticker": "KXHIGHAUS-25JAN26-B53.5",
            "count": 80,
            "created_time": "2025-01-26T13:02:50.540855Z",
            "yes_price": 1,
            "no_price": 99,
            "taker_side": "yes"
        },
        {
            "trade_id": "091c3353-d158-43d9-a562-26b97f7c7651",
            "ticker": "KXHIGHAUS-25JAN26-B53.5",
            "count": 7372,
            "created_time": "2025-01-26T13:02:50.540855Z",
            "yes_price": 1,
            "no_price": 99,
            "taker_side": "yes"
        },
        {
            "trade_id": "63f4a5b3-7c0a-4364-b409-94eb1420cf3f",
            "ticker": "KXHIGHAUS-25JAN26-B53.5",
            "count": 50,
            "created_time": "2025-01-26T13:00:31.757297Z",
            "yes_price": 1,
            "no_price": 99,
            "taker_side": "yes"
        },
        {
            "trade_id": "a30d3760-4503-4089-b0dc-ad88f25d99c9",
            "ticker": "KXHIGHAUS-25JAN26-B53.5",
            "count": 50,
            "created_time": "2025-01-26T13:00:00.574489Z",
            "yes_price": 4,
            "no_price": 96,
            "taker_side": "no"
        },
        {
            "trade_id": "1838b35a-5c1c-4d64-a8fb-4a5ed013dcb5",
            "ticker": "KXHIGHAUS-25JAN26-B53.5",
            "count": 5,
            "created_time": "2025-01-26T07:43:32.181583Z",
            "yes_price": 5,
            "no_price": 95,
            "taker_side": "no"
        },
        {
            "trade_id": "bdae11d9-41dc-4700-a1c7-9b08e4027de3",
            "ticker": "KXHIGHAUS-25JAN26-B53.5",
            "count": 5,
            "created_time": "2025-01-26T06:55:41.91772Z",
            "yes_price": 5,
            "no_price": 95,
            "taker_side": "no"
        },
        {
            "trade_id": "fc80cecd-639a-414b-bd7e-c25776e7ed66",
            "ticker": "KXHIGHAUS-25JAN26-B53.5",
            "count": 100,
            "created_time": "2025-01-26T06:46:36.061755Z",
            "yes_price": 5,
            "no_price": 95,
            "taker_side": "no"
        },
        {
            "trade_id": "31f6f827-ea30-4246-9741-742f9c3d201b",
            "ticker": "KXHIGHAUS-25JAN26-B53.5",
            "count": 500,
            "created_time": "2025-01-26T06:44:49.911925Z",
            "yes_price": 7,
            "no_price": 93,
            "taker_side": "no"
        },
        {
            "trade_id": "da0386d7-c968-45ce-b81d-c804dcb1ecae",
            "ticker": "KXHIGHAUS-25JAN26-B53.5",
            "count": 80,
            "created_time": "2025-01-26T06:40:14.711495Z",
            "yes_price": 10,
            "no_price": 90,
            "taker_side": "no"
        },
        {
            "trade_id": "285e553e-9a20-41e0-ac6f-e02b3edee0fb",
            "ticker": "KXHIGHAUS-25JAN26-B53.5",
            "count": 342,
            "created_time": "2025-01-26T06:40:14.711495Z",
            "yes_price": 10,
            "no_price": 90,
            "taker_side": "no"
        },
        {
            "trade_id": "54e8c198-1507-43f1-a948-e0caadcfada1",
            "ticker": "KXHIGHAUS-25JAN26-B53.5",
            "count": 58,
            "created_time": "2025-01-26T06:36:35.291365Z",
            "yes_price": 10,
            "no_price": 90,
            "taker_side": "no"
        },
        {
            "trade_id": "560e100b-bc2a-4953-aad6-b6f9d5d99585",
            "ticker": "KXHIGHAUS-25JAN26-B53.5",
            "count": 20,
            "created_time": "2025-01-26T06:03:20.863022Z",
            "yes_price": 14,
            "no_price": 86,
            "taker_side": "yes"
        },
        {
            "trade_id": "1f7f50ed-fd79-42a5-a06b-b05d1514515f",
            "ticker": "KXHIGHAUS-25JAN26-B53.5",
            "count": 200,
            "created_time": "2025-01-26T06:03:20.863022Z",
            "yes_price": 15,
            "no_price": 85,
            "taker_side": "yes"
        },
        {
            "trade_id": "0157ee0a-49b7-430a-84fd-25f862e07cd6",
            "ticker": "KXHIGHAUS-25JAN26-B53.5",
            "count": 47,
            "created_time": "2025-01-26T06:03:20.863022Z",
            "yes_price": 15,
            "no_price": 85,
            "taker_side": "yes"
        },
        {
            "trade_id": "fa4be98e-cf47-4ac7-9fae-0f9cf55af202",
            "ticker": "KXHIGHAUS-25JAN26-B53.5",
            "count": 20,
            "created_time": "2025-01-26T05:40:42.431428Z",
            "yes_price": 9,
            "no_price": 91,
            "taker_side": "no"
        },
        {
            "trade_id": "f95ad319-8060-42e6-ad74-1eeadcb5ae9e",
            "ticker": "KXHIGHAUS-25JAN26-B53.5",
            "count": 20,
            "created_time": "2025-01-26T05:40:42.431428Z",
            "yes_price": 8,
            "no_price": 92,
            "taker_side": "no"
        },
        {
            "trade_id": "1c08cd22-5043-49d5-9a7f-1d9015c74665",
            "ticker": "KXHIGHAUS-25JAN26-B53.5",
            "count": 57,
            "created_time": "2025-01-26T05:40:30.41574Z",
            "yes_price": 9,
            "no_price": 91,
            "taker_side": "no"
        },
        {
            "trade_id": "f2bf2ba2-989a-4259-9204-6205a5a3cc74",
            "ticker": "KXHIGHAUS-25JAN26-B53.5",
            "count": 4,
            "created_time": "2025-01-26T05:27:41.780836Z",
            "yes_price": 13,
            "no_price": 87,
            "taker_side": "yes"
        },
        {
            "trade_id": "0158635a-5ae8-437c-a460-9b4d14114d1f",
            "ticker": "KXHIGHAUS-25JAN26-B53.5",
            "count": 76,
            "created_time": "2025-01-26T05:27:41.780836Z",
            "yes_price": 13,
            "no_price": 87,
            "taker_side": "yes"
        },
        {
            "trade_id": "29f3fbc4-04db-4692-901e-c9d94f69bcbe",
            "ticker": "KXHIGHAUS-25JAN26-B53.5",
            "count": 44,
            "created_time": "2025-01-26T05:22:12.323361Z",
            "yes_price": 9,
            "no_price": 91,
            "taker_side": "no"
        },
        {
            "trade_id": "e1e9f165-6848-4979-8168-034b81c7e2ab",
            "ticker": "KXHIGHAUS-25JAN26-B53.5",
            "count": 446,
            "created_time": "2025-01-26T05:11:03.126188Z",
            "yes_price": 13,
            "no_price": 87,
            "taker_side": "yes"
        },
        {
            "trade_id": "99e3f978-feda-422f-92df-da0093606b95",
            "ticker": "KXHIGHAUS-25JAN26-B53.5",
            "count": 20,
            "created_time": "2025-01-26T05:11:03.126188Z",
            "yes_price": 10,
            "no_price": 90,
            "taker_side": "yes"
        },
        {
            "trade_id": "1998833a-c627-4ac4-8db7-d9f3c950411e",
            "ticker": "KXHIGHAUS-25JAN26-B53.5",
            "count": 34,
            "created_time": "2025-01-26T05:11:03.126188Z",
            "yes_price": 11,
            "no_price": 89,
            "taker_side": "yes"
        },
        {
            "trade_id": "529833d9-2567-4244-987b-92ae3ef4a1c9",
            "ticker": "KXHIGHAUS-25JAN26-B53.5",
            "count": 44,
            "created_time": "2025-01-26T05:06:52.881162Z",
            "yes_price": 11,
            "no_price": 89,
            "taker_side": "yes"
        },
        {
            "trade_id": "c9b6504e-d22f-4394-8ff3-ea5adbec110b",
            "ticker": "KXHIGHAUS-25JAN26-B53.5",
            "count": 83,
            "created_time": "2025-01-26T04:44:03.458268Z",
            "yes_price": 10,
            "no_price": 90,
            "taker_side": "no"
        },
        {
            "trade_id": "b50113a1-c2a2-4a3f-b0cc-9d27ff8b0467",
            "ticker": "KXHIGHAUS-25JAN26-B53.5",
            "count": 25,
            "created_time": "2025-01-26T04:44:03.458268Z",
            "yes_price": 10,
            "no_price": 90,
            "taker_side": "no"
        },
        {
            "trade_id": "fa29bf2a-e719-4bf6-a559-7fb449ed0460",
            "ticker": "KXHIGHAUS-25JAN26-B53.5",
            "count": 44,
            "created_time": "2025-01-26T04:43:04.940243Z",
            "yes_price": 11,
            "no_price": 89,
            "taker_side": "no"
        },
        {
            "trade_id": "b93ea957-bc75-49e1-8b81-44a1e5232f29",
            "ticker": "KXHIGHAUS-25JAN26-B53.5",
            "count": 67,
            "created_time": "2025-01-26T04:43:04.940243Z",
            "yes_price": 11,
            "no_price": 89,
            "taker_side": "no"
        },
        {
            "trade_id": "e27f6de8-04ea-4b65-b355-6be88ea68f5a",
            "ticker": "KXHIGHAUS-25JAN26-B53.5",
            "count": 1,
            "created_time": "2025-01-26T04:28:21.495106Z",
            "yes_price": 12,
            "no_price": 88,
            "taker_side": "no"
        },
        {
            "trade_id": "c1331ddc-e17c-42cf-a04f-7729a8179056",
            "ticker": "KXHIGHAUS-25JAN26-B53.5",
            "count": 4,
            "created_time": "2025-01-26T04:28:21.495106Z",
            "yes_price": 12,
            "no_price": 88,
            "taker_side": "no"
        },
        {
            "trade_id": "889f1273-cab9-4098-8abe-8733e802fdf7",
            "ticker": "KXHIGHAUS-25JAN26-B53.5",
            "count": 5,
            "created_time": "2025-01-26T04:28:21.495106Z",
            "yes_price": 12,
            "no_price": 88,
            "taker_side": "no"
        },
        {
            "trade_id": "62e1b16c-f92b-4d73-bade-d74b26c3ccdf",
            "ticker": "KXHIGHAUS-25JAN26-B53.5",
            "count": 63,
            "created_time": "2025-01-26T04:03:36.004022Z",
            "yes_price": 15,
            "no_price": 85,
            "taker_side": "yes"
        },
        {
            "trade_id": "ea05837c-c6ed-49b0-b215-972a4bdc952f",
            "ticker": "KXHIGHAUS-25JAN26-B53.5",
            "count": 57,
            "created_time": "2025-01-26T03:26:21.230438Z",
            "yes_price": 14,
            "no_price": 86,
            "taker_side": "no"
        },
        {
            "trade_id": "cbb15665-ee37-41c4-9fdc-99d8587d2ae6",
            "ticker": "KXHIGHAUS-25JAN26-B53.5",
            "count": 180,
            "created_time": "2025-01-26T03:26:21.230438Z",
            "yes_price": 12,
            "no_price": 88,
            "taker_side": "no"
        },
        {
            "trade_id": "94427a46-9ce1-4692-9777-555bc51efa1f",
            "ticker": "KXHIGHAUS-25JAN26-B53.5",
            "count": 33,
            "created_time": "2025-01-26T03:26:21.230438Z",
            "yes_price": 14,
            "no_price": 86,
            "taker_side": "no"
        },
        {
            "trade_id": "72c35769-22d9-40db-a0c1-2faaa152c412",
            "ticker": "KXHIGHAUS-25JAN26-B53.5",
            "count": 405,
            "created_time": "2025-01-26T03:26:21.230438Z",
            "yes_price": 11,
            "no_price": 89,
            "taker_side": "no"
        },
        {
            "trade_id": "6eb317f8-9295-4037-b33b-fdae55af7e39",
            "ticker": "KXHIGHAUS-25JAN26-B53.5",
            "count": 400,
            "created_time": "2025-01-26T03:26:21.230438Z",
            "yes_price": 13,
            "no_price": 87,
            "taker_side": "no"
        },
        {
            "trade_id": "5d4e5abd-0355-43a6-8ea0-da073481d044",
            "ticker": "KXHIGHAUS-25JAN26-B53.5",
            "count": 29,
            "created_time": "2025-01-26T03:26:21.230438Z",
            "yes_price": 13,
            "no_price": 87,
            "taker_side": "no"
        },
        {
            "trade_id": "51227f54-0134-4200-8d59-17c230f9ab74",
            "ticker": "KXHIGHAUS-25JAN26-B53.5",
            "count": 2,
            "created_time": "2025-01-26T03:26:21.230438Z",
            "yes_price": 14,
            "no_price": 86,
            "taker_side": "no"
        },
        {
            "trade_id": "3f4b1b48-e7ee-48c1-983f-6cc9b227ad4d",
            "ticker": "KXHIGHAUS-25JAN26-B53.5",
            "count": 6,
            "created_time": "2025-01-26T03:01:45.521428Z",
            "yes_price": 15,
            "no_price": 85,
            "taker_side": "no"
        },
        {
            "trade_id": "58625133-88ce-42b6-ad3c-18527895bbd8",
            "ticker": "KXHIGHAUS-25JAN26-B53.5",
            "count": 36,
            "created_time": "2025-01-26T03:01:44.607998Z",
            "yes_price": 16,
            "no_price": 84,
            "taker_side": "no"
        },
        {
            "trade_id": "e0748cf8-178a-4a3b-829e-1dc8326cde3a",
            "ticker": "KXHIGHAUS-25JAN26-B53.5",
            "count": 4,
            "created_time": "2025-01-26T03:01:21.677155Z",
            "yes_price": 17,
            "no_price": 83,
            "taker_side": "yes"
        },
        {
            "trade_id": "81d2f5e8-0dc8-4281-8783-161926c7206b",
            "ticker": "KXHIGHAUS-25JAN26-B53.5",
            "count": 9,
            "created_time": "2025-01-26T03:01:21.677155Z",
            "yes_price": 19,
            "no_price": 81,
            "taker_side": "yes"
        },
        {
            "trade_id": "686a4a2a-e2a5-4925-b7ca-dd7c5cf31d78",
            "ticker": "KXHIGHAUS-25JAN26-B53.5",
            "count": 1,
            "created_time": "2025-01-26T03:01:21.677155Z",
            "yes_price": 17,
            "no_price": 83,
            "taker_side": "yes"
        },
        {
            "trade_id": "460a67f3-717f-4ce2-854a-a4c1d203015a",
            "ticker": "KXHIGHAUS-25JAN26-B53.5",
            "count": 180,
            "created_time": "2025-01-26T03:01:21.677155Z",
            "yes_price": 21,
            "no_price": 79,
            "taker_side": "yes"
        },
        {
            "trade_id": "3855fe7d-5cfb-4e47-93fb-84610cb8bf1d",
            "ticker": "KXHIGHAUS-25JAN26-B53.5",
            "count": 1,
            "created_time": "2025-01-26T03:01:21.677155Z",
            "yes_price": 17,
            "no_price": 83,
            "taker_side": "yes"
        },
        {
            "trade_id": "2c74e051-5b2d-4608-a2fe-b6c000895fbb",
            "ticker": "KXHIGHAUS-25JAN26-B53.5",
            "count": 56,
            "created_time": "2025-01-26T03:01:21.677155Z",
            "yes_price": 17,
            "no_price": 83,
            "taker_side": "yes"
        },
        {
            "trade_id": "2aae92d4-2de8-4e3a-b47a-cbdf8e4e2c34",
            "ticker": "KXHIGHAUS-25JAN26-B53.5",
            "count": 180,
            "created_time": "2025-01-26T03:01:21.677155Z",
            "yes_price": 19,
            "no_price": 81,
            "taker_side": "yes"
        },
        {
            "trade_id": "101405f5-af48-4e7d-8f01-2c7931a5fe23",
            "ticker": "KXHIGHAUS-25JAN26-B53.5",
            "count": 22,
            "created_time": "2025-01-26T03:01:21.677155Z",
            "yes_price": 18,
            "no_price": 82,
            "taker_side": "yes"
        },
        {
            "trade_id": "8fa47dd9-ffd5-4efe-8892-f21489e0aa45",
            "ticker": "KXHIGHAUS-25JAN26-B53.5",
            "count": 22,
            "created_time": "2025-01-26T02:53:32.119196Z",
            "yes_price": 16,
            "no_price": 84,
            "taker_side": "yes"
        },
        {
            "trade_id": "7c5f865d-2894-40a8-accc-a7a02aa7b2ce",
            "ticker": "KXHIGHAUS-25JAN26-B53.5",
            "count": 22,
            "created_time": "2025-01-26T02:52:46.314105Z",
            "yes_price": 16,
            "no_price": 84,
            "taker_side": "yes"
        },
        {
            "trade_id": "0c5e7481-a537-4d00-87e1-eea8142560e7",
            "ticker": "KXHIGHAUS-25JAN26-B53.5",
            "count": 10,
            "created_time": "2025-01-26T02:37:00.471483Z",
            "yes_price": 15,
            "no_price": 85,
            "taker_side": "yes"
        },
        {
            "trade_id": "4e7b44ff-7078-4055-8dcf-d9b9096e9e94",
            "ticker": "KXHIGHAUS-25JAN26-B53.5",
            "count": 69,
            "created_time": "2025-01-26T02:36:12.917611Z",
            "yes_price": 15,
            "no_price": 85,
            "taker_side": "yes"
        },
        {
            "trade_id": "3e07afd3-3d05-4916-b20f-82d61bdb177a",
            "ticker": "KXHIGHAUS-25JAN26-B53.5",
            "count": 20,
            "created_time": "2025-01-26T02:36:12.917611Z",
            "yes_price": 15,
            "no_price": 85,
            "taker_side": "yes"
        },
        {
            "trade_id": "286c99f1-974e-4aa4-ada3-2b83131dabb9",
            "ticker": "KXHIGHAUS-25JAN26-B53.5",
            "count": 2,
            "created_time": "2025-01-26T02:19:37.004727Z",
            "yes_price": 13,
            "no_price": 87,
            "taker_side": "no"
        },
        {
            "trade_id": "0d3ef41f-1264-40e9-b26a-04901c994b8e",
            "ticker": "KXHIGHAUS-25JAN26-B53.5",
            "count": 5,
            "created_time": "2025-01-26T01:49:33.555548Z",
            "yes_price": 17,
            "no_price": 83,
            "taker_side": "yes"
        },
        {
            "trade_id": "aeb75806-602c-4dee-8a85-a4f089f4c4ef",
            "ticker": "KXHIGHAUS-25JAN26-B53.5",
            "count": 126,
            "created_time": "2025-01-26T01:44:42.70395Z",
            "yes_price": 18,
            "no_price": 82,
            "taker_side": "no"
        },
        {
            "trade_id": "abe6f95a-9b47-4d1d-a7b0-8a3fb05c41a4",
            "ticker": "KXHIGHAUS-25JAN26-B53.5",
            "count": 180,
            "created_time": "2025-01-26T01:44:42.537056Z",
            "yes_price": 16,
            "no_price": 84,
            "taker_side": "yes"
        },
        {
            "trade_id": "5e2894e6-6083-4cbb-89df-1a3987e9cca2",
            "ticker": "KXHIGHAUS-25JAN26-B53.5",
            "count": 14,
            "created_time": "2025-01-26T01:44:42.537056Z",
            "yes_price": 14,
            "no_price": 86,
            "taker_side": "yes"
        },
        {
            "trade_id": "14bf4134-729f-4d7b-b456-5e16352f4ab8",
            "ticker": "KXHIGHAUS-25JAN26-B53.5",
            "count": 180,
            "created_time": "2025-01-26T01:44:42.537056Z",
            "yes_price": 18,
            "no_price": 82,
            "taker_side": "yes"
        },
        {
            "trade_id": "46d9fe07-c587-49e9-8a15-b7fe4a738f1c",
            "ticker": "KXHIGHAUS-25JAN26-B53.5",
            "count": 6,
            "created_time": "2025-01-26T01:30:00.550519Z",
            "yes_price": 15,
            "no_price": 85,
            "taker_side": "yes"
        },
        {
            "trade_id": "f01985e0-eb3f-4f28-bca6-d8371963b78a",
            "ticker": "KXHIGHAUS-25JAN26-B53.5",
            "count": 358,
            "created_time": "2025-01-26T01:26:15.451294Z",
            "yes_price": 13,
            "no_price": 87,
            "taker_side": "no"
        },
        {
            "trade_id": "7e045257-1ac6-4774-aa54-d1878917fe7c",
            "ticker": "KXHIGHAUS-25JAN26-B53.5",
            "count": 70,
            "created_time": "2025-01-26T01:25:35.206341Z",
            "yes_price": 13,
            "no_price": 87,
            "taker_side": "no"
        },
        {
            "trade_id": "a69a0f5c-d346-4ea0-9bf0-070b8072686d",
            "ticker": "KXHIGHAUS-25JAN26-B53.5",
            "count": 20,
            "created_time": "2025-01-26T01:25:01.017975Z",
            "yes_price": 13,
            "no_price": 87,
            "taker_side": "no"
        },
        {
            "trade_id": "2681d91e-8768-4008-a113-50738f2da8b6",
            "ticker": "KXHIGHAUS-25JAN26-B53.5",
            "count": 21,
            "created_time": "2025-01-26T01:24:26.898014Z",
            "yes_price": 13,
            "no_price": 87,
            "taker_side": "no"
        },
        {
            "trade_id": "cc2aaedc-0b81-4913-8bff-257d7ab67ea6",
            "ticker": "KXHIGHAUS-25JAN26-B53.5",
            "count": 7,
            "created_time": "2025-01-26T01:24:26.027121Z",
            "yes_price": 14,
            "no_price": 86,
            "taker_side": "no"
        },
        {
            "trade_id": "42728da0-646a-4b37-b55f-fe339cac9711",
            "ticker": "KXHIGHAUS-25JAN26-B53.5",
            "count": 63,
            "created_time": "2025-01-26T01:24:26.027121Z",
            "yes_price": 14,
            "no_price": 86,
            "taker_side": "no"
        },
        {
            "trade_id": "fb976f6f-9c98-4634-b63d-ee76efcf0aee",
            "ticker": "KXHIGHAUS-25JAN26-B53.5",
            "count": 400,
            "created_time": "2025-01-26T00:48:51.301507Z",
            "yes_price": 17,
            "no_price": 83,
            "taker_side": "yes"
        },
        {
            "trade_id": "ef790a93-92f1-4ca9-ab5c-39532cea96b4",
            "ticker": "KXHIGHAUS-25JAN26-B53.5",
            "count": 180,
            "created_time": "2025-01-26T00:48:51.301507Z",
            "yes_price": 19,
            "no_price": 81,
            "taker_side": "yes"
        },
        {
            "trade_id": "da6dd218-f897-4b46-85af-8a01f73d0350",
            "ticker": "KXHIGHAUS-25JAN26-B53.5",
            "count": 2,
            "created_time": "2025-01-26T00:48:51.301507Z",
            "yes_price": 17,
            "no_price": 83,
            "taker_side": "yes"
        },
        {
            "trade_id": "949fd824-a7cb-49f1-9255-99df0113b54b",
            "ticker": "KXHIGHAUS-25JAN26-B53.5",
            "count": 10,
            "created_time": "2025-01-26T00:48:51.301507Z",
            "yes_price": 21,
            "no_price": 79,
            "taker_side": "yes"
        },
        {
            "trade_id": "51fd0a67-81dd-49cb-a9d4-3a3da6f639a1",
            "ticker": "KXHIGHAUS-25JAN26-B53.5",
            "count": 10,
            "created_time": "2025-01-26T00:48:51.301507Z",
            "yes_price": 16,
            "no_price": 84,
            "taker_side": "yes"
        },
        {
            "trade_id": "2b542b57-244b-4f73-b70f-843fe4d1c724",
            "ticker": "KXHIGHAUS-25JAN26-B53.5",
            "count": 180,
            "created_time": "2025-01-26T00:48:51.301507Z",
            "yes_price": 21,
            "no_price": 79,
            "taker_side": "yes"
        },
        {
            "trade_id": "282e9daa-00ad-49ac-bdac-3fa944697394",
            "ticker": "KXHIGHAUS-25JAN26-B53.5",
            "count": 8,
            "created_time": "2025-01-26T00:48:51.301507Z",
            "yes_price": 17,
            "no_price": 83,
            "taker_side": "yes"
        },
        {
            "trade_id": "02fa3b47-66d4-4f61-a679-aa5ed5add5ce",
            "ticker": "KXHIGHAUS-25JAN26-B53.5",
            "count": 10,
            "created_time": "2025-01-26T00:48:51.301507Z",
            "yes_price": 17,
            "no_price": 83,
            "taker_side": "yes"
        },
        {
            "trade_id": "2b2a79ca-e1f7-49c3-9f7f-ae063e1fc40b",
            "ticker": "KXHIGHAUS-25JAN26-B53.5",
            "count": 69,
            "created_time": "2025-01-26T00:35:13.379755Z",
            "yes_price": 14,
            "no_price": 86,
            "taker_side": "yes"
        },
        {
            "trade_id": "0d8380fe-42ab-408f-9905-9f5037c6ecbd",
            "ticker": "KXHIGHAUS-25JAN26-B53.5",
            "count": 42,
            "created_time": "2025-01-26T00:35:13.379755Z",
            "yes_price": 14,
            "no_price": 86,
            "taker_side": "yes"
        },
        {
            "trade_id": "fd903941-12c9-4b2c-8cc7-eaa80deae759",
            "ticker": "KXHIGHAUS-25JAN26-B53.5",
            "count": 10,
            "created_time": "2025-01-26T00:26:01.26903Z",
            "yes_price": 12,
            "no_price": 88,
            "taker_side": "no"
        },
        {
            "trade_id": "f3b5b82d-9a30-4aa1-87cd-90777f6c64b2",
            "ticker": "KXHIGHAUS-25JAN26-B53.5",
            "count": 8,
            "created_time": "2025-01-26T00:23:48.298884Z",
            "yes_price": 14,
            "no_price": 86,
            "taker_side": "no"
        },
        {
            "trade_id": "6a55c4b5-ca30-4216-a178-b1065e38dd00",
            "ticker": "KXHIGHAUS-25JAN26-B53.5",
            "count": 50,
            "created_time": "2025-01-26T00:16:17.804897Z",
            "yes_price": 15,
            "no_price": 85,
            "taker_side": "no"
        },
        {
            "trade_id": "a8089573-49cf-4d7c-b61f-17ab96f28e47",
            "ticker": "KXHIGHAUS-25JAN26-B53.5",
            "count": 1,
            "created_time": "2025-01-25T23:35:34.204224Z",
            "yes_price": 21,
            "no_price": 79,
            "taker_side": "yes"
        },
        {
            "trade_id": "576f9d8c-cac5-421a-ab77-dd7207350a49",
            "ticker": "KXHIGHAUS-25JAN26-B53.5",
            "count": 9,
            "created_time": "2025-01-25T23:35:34.204224Z",
            "yes_price": 19,
            "no_price": 81,
            "taker_side": "yes"
        },
        {
            "trade_id": "eec0a6c7-41d4-4f9f-af96-e0632dfdb7f0",
            "ticker": "KXHIGHAUS-25JAN26-B53.5",
            "count": 180,
            "created_time": "2025-01-25T22:59:33.562307Z",
            "yes_price": 20,
            "no_price": 80,
            "taker_side": "yes"
        },
        {
            "trade_id": "c91b534f-7034-4841-8211-e4ff40f6629b",
            "ticker": "KXHIGHAUS-25JAN26-B53.5",
            "count": 180,
            "created_time": "2025-01-25T22:59:33.562307Z",
            "yes_price": 18,
            "no_price": 82,
            "taker_side": "yes"
        },
        {
            "trade_id": "c8dfcefb-8a43-40fa-81df-160e30c9d1b6",
            "ticker": "KXHIGHAUS-25JAN26-B53.5",
            "count": 1,
            "created_time": "2025-01-25T22:59:33.562307Z",
            "yes_price": 16,
            "no_price": 84,
            "taker_side": "yes"
        },
        {
            "trade_id": "85bb89d5-58e1-4638-b13e-d03ca6f11840",
            "ticker": "KXHIGHAUS-25JAN26-B53.5",
            "count": 4,
            "created_time": "2025-01-25T22:59:33.562307Z",
            "yes_price": 16,
            "no_price": 84,
            "taker_side": "yes"
        },
        {
            "trade_id": "61afdb53-77d4-47a8-a294-e4a36d453998",
            "ticker": "KXHIGHAUS-25JAN26-B53.5",
            "count": 10,
            "created_time": "2025-01-25T22:59:33.562307Z",
            "yes_price": 16,
            "no_price": 84,
            "taker_side": "yes"
        },
        {
            "trade_id": "5ae4590d-462f-4a69-8c8f-f099c3739d84",
            "ticker": "KXHIGHAUS-25JAN26-B53.5",
            "count": 9,
            "created_time": "2025-01-25T22:59:33.562307Z",
            "yes_price": 18,
            "no_price": 82,
            "taker_side": "yes"
        },
        {
            "trade_id": "17dcad28-1a77-475b-b284-54716f34d534",
            "ticker": "KXHIGHAUS-25JAN26-B53.5",
            "count": 7,
            "created_time": "2025-01-25T22:59:33.562307Z",
            "yes_price": 16,
            "no_price": 84,
            "taker_side": "yes"
        },
        {
            "trade_id": "b501314c-f37d-4d2f-8195-7a37dc74d855",
            "ticker": "KXHIGHAUS-25JAN26-B53.5",
            "count": 10,
            "created_time": "2025-01-25T22:50:58.338831Z",
            "yes_price": 11,
            "no_price": 89,
            "taker_side": "no"
        },
        {
            "trade_id": "3cc2924f-4dcf-485a-95d4-0ae83b5f0b0e",
            "ticker": "KXHIGHAUS-25JAN26-B53.5",
            "count": 10,
            "created_time": "2025-01-25T21:27:26.971575Z",
            "yes_price": 14,
            "no_price": 86,
            "taker_side": "yes"
        },
        {
            "trade_id": "91dc4a96-2fb8-475f-a543-025952b7d401",
            "ticker": "KXHIGHAUS-25JAN26-B53.5",
            "count": 8,
            "created_time": "2025-01-25T20:48:25.049384Z",
            "yes_price": 12,
            "no_price": 88,
            "taker_side": "yes"
        },
        {
            "trade_id": "416c19d0-a13f-4cc4-a6cf-3aa59eb979d7",
            "ticker": "KXHIGHAUS-25JAN26-B53.5",
            "count": 25,
            "created_time": "2025-01-25T20:45:15.574724Z",
            "yes_price": 10,
            "no_price": 90,
            "taker_side": "no"
        },
        {
            "trade_id": "8fabda90-a740-4425-9105-508981ddef0e",
            "ticker": "KXHIGHAUS-25JAN26-B53.5",
            "count": 9,
            "created_time": "2025-01-25T20:42:25.336796Z",
            "yes_price": 10,
            "no_price": 90,
            "taker_side": "yes"
        },
        {
            "trade_id": "4347d189-20a0-4de7-ad63-ab7ed70f1040",
            "ticker": "KXHIGHAUS-25JAN26-B53.5",
            "count": 1,
            "created_time": "2025-01-25T20:17:46.749063Z",
            "yes_price": 10,
            "no_price": 90,
            "taker_side": "yes"
        },
        {
            "trade_id": "a3bd50ee-26fb-459c-8e9c-0472c9e9da69",
            "ticker": "KXHIGHAUS-25JAN26-B53.5",
            "count": 4,
            "created_time": "2025-01-25T20:17:41.225356Z",
            "yes_price": 10,
            "no_price": 90,
            "taker_side": "no"
        },
        {
            "trade_id": "dbceed65-9952-4664-ac14-1e6ee09e717b",
            "ticker": "KXHIGHAUS-25JAN26-B53.5",
            "count": 7,
            "created_time": "2025-01-25T20:15:35.978299Z",
            "yes_price": 10,
            "no_price": 90,
            "taker_side": "yes"
        },
        {
            "trade_id": "5a542a8c-ade1-4591-8b40-0af8dd89ec28",
            "ticker": "KXHIGHAUS-25JAN26-B53.5",
            "count": 2,
            "created_time": "2025-01-25T20:15:31.580389Z",
            "yes_price": 10,
            "no_price": 90,
            "taker_side": "no"
        },
        {
            "trade_id": "16bd7fe8-75b5-4bba-9f95-c7fd1acd8629",
            "ticker": "KXHIGHAUS-25JAN26-B53.5",
            "count": 10,
            "created_time": "2025-01-25T20:10:34.089747Z",
            "yes_price": 10,
            "no_price": 90,
            "taker_side": "no"
        },
        {
            "trade_id": "c136b3f4-e357-4bb1-9826-401fdbfe3a8f",
            "ticker": "KXHIGHAUS-25JAN26-B53.5",
            "count": 9,
            "created_time": "2025-01-25T20:06:34.24167Z",
            "yes_price": 10,
            "no_price": 90,
            "taker_side": "yes"
        },
        {
            "trade_id": "ebccda71-c8d2-4a9d-ad15-c298f567fdd8",
            "ticker": "KXHIGHAUS-25JAN26-B53.5",
            "count": 60,
            "created_time": "2025-01-25T20:01:48.687575Z",
            "yes_price": 15,
            "no_price": 85,
            "taker_side": "yes"
        },
        {
            "trade_id": "ea10f293-b928-42ce-a2a4-ea4a088579ef",
            "ticker": "KXHIGHAUS-25JAN26-B53.5",
            "count": 5,
            "created_time": "2025-01-25T20:01:48.687575Z",
            "yes_price": 11,
            "no_price": 89,
            "taker_side": "yes"
        },
        {
            "trade_id": "d92a0746-43a6-4c8e-838c-a82d21f3999c",
            "ticker": "KXHIGHAUS-25JAN26-B53.5",
            "count": 120,
            "created_time": "2025-01-25T20:01:48.687575Z",
            "yes_price": 15,
            "no_price": 85,
            "taker_side": "yes"
        },
        {
            "trade_id": "c4c5082a-c97a-4e78-a294-dd83cee7e8d7",
            "ticker": "KXHIGHAUS-25JAN26-B53.5",
            "count": 60,
            "created_time": "2025-01-25T20:01:48.687575Z",
            "yes_price": 13,
            "no_price": 87,
            "taker_side": "yes"
        },
        {
            "trade_id": "613c4326-4488-415c-a26c-b822d3280b21",
            "ticker": "KXHIGHAUS-25JAN26-B53.5",
            "count": 120,
            "created_time": "2025-01-25T20:01:48.687575Z",
            "yes_price": 13,
            "no_price": 87,
            "taker_side": "yes"
        },
        {
            "trade_id": "22762ae4-4ff3-4484-8f4f-c622ab2f7944",
            "ticker": "KXHIGHAUS-25JAN26-B53.5",
            "count": 3,
            "created_time": "2025-01-25T20:01:48.687575Z",
            "yes_price": 11,
            "no_price": 89,
            "taker_side": "yes"
        },
        {
            "trade_id": "a4f0f930-513c-41c3-a2dc-a5c364a9165e",
            "ticker": "KXHIGHAUS-25JAN26-B53.5",
            "count": 9,
            "created_time": "2025-01-25T20:00:33.074949Z",
            "yes_price": 10,
            "no_price": 90,
            "taker_side": "no"
        },
        {
            "trade_id": "a63f0c86-0227-4085-92ee-f3a94115b508",
            "ticker": "KXHIGHAUS-25JAN26-B53.5",
            "count": 9,
            "created_time": "2025-01-25T19:57:49.013689Z",
            "yes_price": 10,
            "no_price": 90,
            "taker_side": "yes"
        },
        {
            "trade_id": "8cc5bf0b-a9c7-4913-8834-5d4665c6418f",
            "ticker": "KXHIGHAUS-25JAN26-B53.5",
            "count": 180,
            "created_time": "2025-01-25T19:57:49.013689Z",
            "yes_price": 8,
            "no_price": 92,
            "taker_side": "yes"
        },
        {
            "trade_id": "68191de7-f5c1-49d1-9765-1bed5a0e8730",
            "ticker": "KXHIGHAUS-25JAN26-B53.5",
            "count": 25,
            "created_time": "2025-01-25T19:57:49.013689Z",
            "yes_price": 6,
            "no_price": 94,
            "taker_side": "yes"
        },
        {
            "trade_id": "62a4729e-06ce-4edc-aef9-b28dc3764516",
            "ticker": "KXHIGHAUS-25JAN26-B53.5",
            "count": 9,
            "created_time": "2025-01-25T19:57:49.013689Z",
            "yes_price": 6,
            "no_price": 94,
            "taker_side": "yes"
        },
        {
            "trade_id": "450d047b-0cf6-48ae-936c-3dbe931e2b11",
            "ticker": "KXHIGHAUS-25JAN26-B53.5",
            "count": 180,
            "created_time": "2025-01-25T19:57:49.013689Z",
            "yes_price": 10,
            "no_price": 90,
            "taker_side": "yes"
        },
        {
            "trade_id": "0c72d037-9ca0-4a05-80fa-59442d3cdad3",
            "ticker": "KXHIGHAUS-25JAN26-B53.5",
            "count": 11,
            "created_time": "2025-01-25T18:05:46.875443Z",
            "yes_price": 7,
            "no_price": 93,
            "taker_side": "no"
        },
        {
            "trade_id": "9feb3d96-75ef-4113-a4d6-d4ba4ac1f01d",
            "ticker": "KXHIGHAUS-25JAN26-B53.5",
            "count": 40,
            "created_time": "2025-01-25T18:03:21.805891Z",
            "yes_price": 9,
            "no_price": 91,
            "taker_side": "no"
        },
        {
            "trade_id": "99996d84-712f-4312-b9af-4124b622c444",
            "ticker": "KXHIGHAUS-25JAN26-B53.5",
            "count": 63,
            "created_time": "2025-01-25T16:14:18.159032Z",
            "yes_price": 20,
            "no_price": 80,
            "taker_side": "no"
        }
    ],
    "KXHIGHAUS-25JAN26-B55.5": [
        {
            "trade_id": "ab9d513f-47b1-460c-bb2a-d7bf09da82a5",
            "ticker": "KXHIGHAUS-25JAN26-B55.5",
            "count": 93,
            "created_time": "2025-01-27T03:48:52.365221Z",
            "yes_price": 99,
            "no_price": 1,
            "taker_side": "no"
        },
        {
            "trade_id": "903fc5d0-a75f-4eca-bd07-948fe943a1a9",
            "ticker": "KXHIGHAUS-25JAN26-B55.5",
            "count": 467,
            "created_time": "2025-01-27T02:40:43.269099Z",
            "yes_price": 99,
            "no_price": 1,
            "taker_side": "no"
        },
        {
            "trade_id": "dd09023d-6664-4afe-9d13-a955fd4df1da",
            "ticker": "KXHIGHAUS-25JAN26-B55.5",
            "count": 1,
            "created_time": "2025-01-27T00:46:12.634873Z",
            "yes_price": 99,
            "no_price": 1,
            "taker_side": "no"
        },
        {
            "trade_id": "c4a53a24-7a69-4546-8cd7-0b04c32c440d",
            "ticker": "KXHIGHAUS-25JAN26-B55.5",
            "count": 23,
            "created_time": "2025-01-27T00:46:12.634873Z",
            "yes_price": 99,
            "no_price": 1,
            "taker_side": "no"
        },
        {
            "trade_id": "811908a7-8ace-420f-9b86-4c4d1e3261cd",
            "ticker": "KXHIGHAUS-25JAN26-B55.5",
            "count": 44,
            "created_time": "2025-01-26T21:56:55.002618Z",
            "yes_price": 99,
            "no_price": 1,
            "taker_side": "yes"
        },
        {
            "trade_id": "32c1a82c-f436-4b7b-a8dc-1e05d6475d96",
            "ticker": "KXHIGHAUS-25JAN26-B55.5",
            "count": 10,
            "created_time": "2025-01-26T21:53:52.183586Z",
            "yes_price": 99,
            "no_price": 1,
            "taker_side": "yes"
        },
        {
            "trade_id": "9af7f1c3-843a-4e87-b5f2-ca7ca66453e8",
            "ticker": "KXHIGHAUS-25JAN26-B55.5",
            "count": 1,
            "created_time": "2025-01-26T21:46:09.12633Z",
            "yes_price": 98,
            "no_price": 2,
            "taker_side": "no"
        },
        {
            "trade_id": "b1ab1910-8da9-4d86-8b78-71408fde89b9",
            "ticker": "KXHIGHAUS-25JAN26-B55.5",
            "count": 12,
            "created_time": "2025-01-26T21:45:48.949075Z",
            "yes_price": 98,
            "no_price": 2,
            "taker_side": "no"
        },
        {
            "trade_id": "fb2db42e-367d-4e8e-a22f-41b21ea49c76",
            "ticker": "KXHIGHAUS-25JAN26-B55.5",
            "count": 11,
            "created_time": "2025-01-26T21:45:30.228678Z",
            "yes_price": 98,
            "no_price": 2,
            "taker_side": "no"
        },
        {
            "trade_id": "5688f5c6-5583-4d5c-8caf-f9972b22afb3",
            "ticker": "KXHIGHAUS-25JAN26-B55.5",
            "count": 100,
            "created_time": "2025-01-26T21:43:18.45974Z",
            "yes_price": 99,
            "no_price": 1,
            "taker_side": "yes"
        },
        {
            "trade_id": "0b4da1c0-8bc7-460e-a125-e11d26058d5e",
            "ticker": "KXHIGHAUS-25JAN26-B55.5",
            "count": 100,
            "created_time": "2025-01-26T20:53:07.601089Z",
            "yes_price": 98,
            "no_price": 2,
            "taker_side": "no"
        },
        {
            "trade_id": "3c958f4d-a1a8-4721-8c40-8ac353e0f34d",
            "ticker": "KXHIGHAUS-25JAN26-B55.5",
            "count": 1,
            "created_time": "2025-01-26T20:45:26.674362Z",
            "yes_price": 98,
            "no_price": 2,
            "taker_side": "no"
        },
        {
            "trade_id": "7953c935-40f4-4a2c-b3f8-a05f84107206",
            "ticker": "KXHIGHAUS-25JAN26-B55.5",
            "count": 4,
            "created_time": "2025-01-26T20:15:07.563301Z",
            "yes_price": 99,
            "no_price": 1,
            "taker_side": "yes"
        },
        {
            "trade_id": "1cb20bc9-92b3-4b21-9a55-0242705b5523",
            "ticker": "KXHIGHAUS-25JAN26-B55.5",
            "count": 5,
            "created_time": "2025-01-26T20:15:07.563301Z",
            "yes_price": 99,
            "no_price": 1,
            "taker_side": "yes"
        },
        {
            "trade_id": "ba538d69-198d-4706-b1c1-58401421ee8a",
            "ticker": "KXHIGHAUS-25JAN26-B55.5",
            "count": 15,
            "created_time": "2025-01-26T20:05:19.593464Z",
            "yes_price": 99,
            "no_price": 1,
            "taker_side": "yes"
        },
        {
            "trade_id": "52c6d12d-91e9-44bc-b864-a6d61550d919",
            "ticker": "KXHIGHAUS-25JAN26-B55.5",
            "count": 35,
            "created_time": "2025-01-26T20:05:19.593464Z",
            "yes_price": 99,
            "no_price": 1,
            "taker_side": "yes"
        },
        {
            "trade_id": "98e3367e-b15b-456e-9333-d1b009d336bc",
            "ticker": "KXHIGHAUS-25JAN26-B55.5",
            "count": 1,
            "created_time": "2025-01-26T20:04:37.805716Z",
            "yes_price": 99,
            "no_price": 1,
            "taker_side": "yes"
        },
        {
            "trade_id": "561c5c07-7276-4fd8-8e64-c97423229e3a",
            "ticker": "KXHIGHAUS-25JAN26-B55.5",
            "count": 26,
            "created_time": "2025-01-26T19:59:11.035595Z",
            "yes_price": 98,
            "no_price": 2,
            "taker_side": "no"
        },
        {
            "trade_id": "1c145e39-97bf-4210-876d-e3336f047548",
            "ticker": "KXHIGHAUS-25JAN26-B55.5",
            "count": 3,
            "created_time": "2025-01-26T19:58:56.038192Z",
            "yes_price": 98,
            "no_price": 2,
            "taker_side": "no"
        },
        {
            "trade_id": "fde984d6-b98c-4d5b-900f-179e81878411",
            "ticker": "KXHIGHAUS-25JAN26-B55.5",
            "count": 40,
            "created_time": "2025-01-26T19:58:40.534719Z",
            "yes_price": 99,
            "no_price": 1,
            "taker_side": "yes"
        },
        {
            "trade_id": "7612f835-c977-4423-bdc2-8505ce455d42",
            "ticker": "KXHIGHAUS-25JAN26-B55.5",
            "count": 8,
            "created_time": "2025-01-26T19:58:40.534719Z",
            "yes_price": 99,
            "no_price": 1,
            "taker_side": "yes"
        },
        {
            "trade_id": "52763f6d-478d-4a0d-9851-6bd08af05bca",
            "ticker": "KXHIGHAUS-25JAN26-B55.5",
            "count": 11,
            "created_time": "2025-01-26T19:58:40.534719Z",
            "yes_price": 99,
            "no_price": 1,
            "taker_side": "yes"
        },
        {
            "trade_id": "0f5a0d42-f3a6-4446-b6e6-fe0cf680ed94",
            "ticker": "KXHIGHAUS-25JAN26-B55.5",
            "count": 5,
            "created_time": "2025-01-26T19:55:10.622613Z",
            "yes_price": 99,
            "no_price": 1,
            "taker_side": "yes"
        },
        {
            "trade_id": "8a022049-2f2a-4136-8111-65e777de9e40",
            "ticker": "KXHIGHAUS-25JAN26-B55.5",
            "count": 40,
            "created_time": "2025-01-26T19:47:32.802015Z",
            "yes_price": 99,
            "no_price": 1,
            "taker_side": "yes"
        },
        {
            "trade_id": "69f1c10d-c680-4136-baf8-9ed700085af3",
            "ticker": "KXHIGHAUS-25JAN26-B55.5",
            "count": 11,
            "created_time": "2025-01-26T19:47:32.802015Z",
            "yes_price": 99,
            "no_price": 1,
            "taker_side": "yes"
        },
        {
            "trade_id": "51b6fb08-b066-4fc1-9b33-289009f38eb5",
            "ticker": "KXHIGHAUS-25JAN26-B55.5",
            "count": 16,
            "created_time": "2025-01-26T19:47:32.802015Z",
            "yes_price": 99,
            "no_price": 1,
            "taker_side": "yes"
        },
        {
            "trade_id": "a5aea528-e636-4d7e-a88f-1a2b5e80d53d",
            "ticker": "KXHIGHAUS-25JAN26-B55.5",
            "count": 23,
            "created_time": "2025-01-26T19:44:47.475168Z",
            "yes_price": 98,
            "no_price": 2,
            "taker_side": "no"
        },
        {
            "trade_id": "db7d9110-0d3a-4fbc-947e-3175248909f2",
            "ticker": "KXHIGHAUS-25JAN26-B55.5",
            "count": 1,
            "created_time": "2025-01-26T19:44:40.860992Z",
            "yes_price": 98,
            "no_price": 2,
            "taker_side": "no"
        },
        {
            "trade_id": "b556edaa-93ed-4ac2-9efd-8e28c7e1a8ed",
            "ticker": "KXHIGHAUS-25JAN26-B55.5",
            "count": 56,
            "created_time": "2025-01-26T19:31:33.394651Z",
            "yes_price": 99,
            "no_price": 1,
            "taker_side": "yes"
        },
        {
            "trade_id": "7dc1c2c4-a21c-4503-98ec-4bcadd3a8d3f",
            "ticker": "KXHIGHAUS-25JAN26-B55.5",
            "count": 14,
            "created_time": "2025-01-26T19:31:33.394651Z",
            "yes_price": 99,
            "no_price": 1,
            "taker_side": "yes"
        },
        {
            "trade_id": "5b9bb289-cd28-4dbf-a3b5-75ade8fa60e5",
            "ticker": "KXHIGHAUS-25JAN26-B55.5",
            "count": 16,
            "created_time": "2025-01-26T19:31:33.394651Z",
            "yes_price": 99,
            "no_price": 1,
            "taker_side": "yes"
        },
        {
            "trade_id": "4e7c6d99-90a5-4a24-a021-fbb1868f4688",
            "ticker": "KXHIGHAUS-25JAN26-B55.5",
            "count": 40,
            "created_time": "2025-01-26T19:31:33.394651Z",
            "yes_price": 99,
            "no_price": 1,
            "taker_side": "yes"
        },
        {
            "trade_id": "b2024d10-5507-474d-9a58-f0ec70527420",
            "ticker": "KXHIGHAUS-25JAN26-B55.5",
            "count": 800,
            "created_time": "2025-01-26T19:30:25.998997Z",
            "yes_price": 99,
            "no_price": 1,
            "taker_side": "yes"
        },
        {
            "trade_id": "804c9b6a-3ab6-4ea1-b670-06bf49fbff50",
            "ticker": "KXHIGHAUS-25JAN26-B55.5",
            "count": 6,
            "created_time": "2025-01-26T19:16:29.532334Z",
            "yes_price": 99,
            "no_price": 1,
            "taker_side": "yes"
        },
        {
            "trade_id": "40dd38f2-4a38-4a2a-bcc4-f8568bc37a17",
            "ticker": "KXHIGHAUS-25JAN26-B55.5",
            "count": 1,
            "created_time": "2025-01-26T19:14:14.521175Z",
            "yes_price": 93,
            "no_price": 7,
            "taker_side": "no"
        },
        {
            "trade_id": "ff9597a6-d4b7-4e13-8634-320059c2665c",
            "ticker": "KXHIGHAUS-25JAN26-B55.5",
            "count": 15,
            "created_time": "2025-01-26T19:14:02.219389Z",
            "yes_price": 99,
            "no_price": 1,
            "taker_side": "yes"
        },
        {
            "trade_id": "d163f4cc-13e2-49f7-b8b5-33f67b0b9563",
            "ticker": "KXHIGHAUS-25JAN26-B55.5",
            "count": 10,
            "created_time": "2025-01-26T19:12:39.614675Z",
            "yes_price": 99,
            "no_price": 1,
            "taker_side": "yes"
        },
        {
            "trade_id": "119c8ffd-abf6-4bc1-9b80-f880b6575f9d",
            "ticker": "KXHIGHAUS-25JAN26-B55.5",
            "count": 1,
            "created_time": "2025-01-26T18:43:49.193487Z",
            "yes_price": 90,
            "no_price": 10,
            "taker_side": "no"
        },
        {
            "trade_id": "fde0d99d-a240-4a2b-bdcc-da6bbc5c1200",
            "ticker": "KXHIGHAUS-25JAN26-B55.5",
            "count": 7,
            "created_time": "2025-01-26T18:33:33.607757Z",
            "yes_price": 99,
            "no_price": 1,
            "taker_side": "yes"
        },
        {
            "trade_id": "9bd246b6-271b-449c-952f-628ae2c38694",
            "ticker": "KXHIGHAUS-25JAN26-B55.5",
            "count": 75,
            "created_time": "2025-01-26T18:24:58.209976Z",
            "yes_price": 99,
            "no_price": 1,
            "taker_side": "yes"
        },
        {
            "trade_id": "e14f7923-d8ea-48f6-8d97-7b99d4a87327",
            "ticker": "KXHIGHAUS-25JAN26-B55.5",
            "count": 100,
            "created_time": "2025-01-26T18:20:10.484003Z",
            "yes_price": 98,
            "no_price": 2,
            "taker_side": "yes"
        },
        {
            "trade_id": "b068a796-89bb-41a8-bb0c-0173eb5494fb",
            "ticker": "KXHIGHAUS-25JAN26-B55.5",
            "count": 5,
            "created_time": "2025-01-26T18:20:10.484003Z",
            "yes_price": 98,
            "no_price": 2,
            "taker_side": "yes"
        },
        {
            "trade_id": "1b8ece2b-4f75-4784-91cb-f5e3dd0db4b5",
            "ticker": "KXHIGHAUS-25JAN26-B55.5",
            "count": 31,
            "created_time": "2025-01-26T18:20:10.484003Z",
            "yes_price": 99,
            "no_price": 1,
            "taker_side": "yes"
        },
        {
            "trade_id": "09e5b84d-1372-4167-b8b6-1b751faa68a1",
            "ticker": "KXHIGHAUS-25JAN26-B55.5",
            "count": 100,
            "created_time": "2025-01-26T18:20:10.484003Z",
            "yes_price": 97,
            "no_price": 3,
            "taker_side": "yes"
        },
        {
            "trade_id": "4abacbbf-a836-495c-b007-286edb91c35e",
            "ticker": "KXHIGHAUS-25JAN26-B55.5",
            "count": 1,
            "created_time": "2025-01-26T18:16:35.985931Z",
            "yes_price": 87,
            "no_price": 13,
            "taker_side": "no"
        },
        {
            "trade_id": "36505c68-b09d-497b-8ff9-a21e4fa8e1d8",
            "ticker": "KXHIGHAUS-25JAN26-B55.5",
            "count": 53,
            "created_time": "2025-01-26T18:10:23.55509Z",
            "yes_price": 96,
            "no_price": 4,
            "taker_side": "yes"
        },
        {
            "trade_id": "ba427552-2142-4020-953c-6164ebdbf1de",
            "ticker": "KXHIGHAUS-25JAN26-B55.5",
            "count": 200,
            "created_time": "2025-01-26T18:03:25.978236Z",
            "yes_price": 96,
            "no_price": 4,
            "taker_side": "yes"
        },
        {
            "trade_id": "63293cd8-2d22-42ca-855a-309ae404d301",
            "ticker": "KXHIGHAUS-25JAN26-B55.5",
            "count": 50,
            "created_time": "2025-01-26T18:00:34.856053Z",
            "yes_price": 96,
            "no_price": 4,
            "taker_side": "yes"
        },
        {
            "trade_id": "3c72d62d-05d7-4ad2-bb2f-2e6d7a2b4690",
            "ticker": "KXHIGHAUS-25JAN26-B55.5",
            "count": 21,
            "created_time": "2025-01-26T18:00:34.856053Z",
            "yes_price": 96,
            "no_price": 4,
            "taker_side": "yes"
        },
        {
            "trade_id": "c4c5fd68-5cb4-420a-ae09-91db5a3aecbc",
            "ticker": "KXHIGHAUS-25JAN26-B55.5",
            "count": 20,
            "created_time": "2025-01-26T18:00:33.051148Z",
            "yes_price": 95,
            "no_price": 5,
            "taker_side": "yes"
        },
        {
            "trade_id": "25ccd7d1-e1b2-4fca-a8c6-3807347d2b72",
            "ticker": "KXHIGHAUS-25JAN26-B55.5",
            "count": 10,
            "created_time": "2025-01-26T17:31:33.462686Z",
            "yes_price": 82,
            "no_price": 18,
            "taker_side": "no"
        },
        {
            "trade_id": "d7013ce5-eccc-42e7-a12f-3911f9c475a9",
            "ticker": "KXHIGHAUS-25JAN26-B55.5",
            "count": 105,
            "created_time": "2025-01-26T17:17:42.914486Z",
            "yes_price": 82,
            "no_price": 18,
            "taker_side": "no"
        },
        {
            "trade_id": "4d08984c-bbb1-429c-bbec-c59206830557",
            "ticker": "KXHIGHAUS-25JAN26-B55.5",
            "count": 3,
            "created_time": "2025-01-26T17:16:15.794846Z",
            "yes_price": 92,
            "no_price": 8,
            "taker_side": "yes"
        },
        {
            "trade_id": "c602961f-ea40-4027-b971-83297a8fca6f",
            "ticker": "KXHIGHAUS-25JAN26-B55.5",
            "count": 197,
            "created_time": "2025-01-26T17:13:37.536295Z",
            "yes_price": 82,
            "no_price": 18,
            "taker_side": "no"
        },
        {
            "trade_id": "afb039e8-b738-4aae-9fb1-89d39a9ae57e",
            "ticker": "KXHIGHAUS-25JAN26-B55.5",
            "count": 62,
            "created_time": "2025-01-26T17:11:56.750341Z",
            "yes_price": 90,
            "no_price": 10,
            "taker_side": "yes"
        },
        {
            "trade_id": "fef81989-a3a4-4784-949e-d875c5f7d229",
            "ticker": "KXHIGHAUS-25JAN26-B55.5",
            "count": 39,
            "created_time": "2025-01-26T16:58:42.834818Z",
            "yes_price": 82,
            "no_price": 18,
            "taker_side": "no"
        },
        {
            "trade_id": "d6851477-4fd2-4771-8718-abe31c4e0b2d",
            "ticker": "KXHIGHAUS-25JAN26-B55.5",
            "count": 131,
            "created_time": "2025-01-26T16:51:26.791209Z",
            "yes_price": 82,
            "no_price": 18,
            "taker_side": "no"
        },
        {
            "trade_id": "a1d83fa7-6f0e-4d63-903f-665044783be3",
            "ticker": "KXHIGHAUS-25JAN26-B55.5",
            "count": 12,
            "created_time": "2025-01-26T16:33:16.759884Z",
            "yes_price": 94,
            "no_price": 6,
            "taker_side": "yes"
        },
        {
            "trade_id": "66762145-3d3b-4ec9-b59a-5ac107c2eb0e",
            "ticker": "KXHIGHAUS-25JAN26-B55.5",
            "count": 5,
            "created_time": "2025-01-26T16:21:47.255287Z",
            "yes_price": 92,
            "no_price": 8,
            "taker_side": "yes"
        },
        {
            "trade_id": "2908fdea-2b70-4e28-b590-894532226c54",
            "ticker": "KXHIGHAUS-25JAN26-B55.5",
            "count": 11,
            "created_time": "2025-01-26T16:18:22.54949Z",
            "yes_price": 94,
            "no_price": 6,
            "taker_side": "yes"
        },
        {
            "trade_id": "96419aee-ffc8-4303-880e-e0501152a069",
            "ticker": "KXHIGHAUS-25JAN26-B55.5",
            "count": 803,
            "created_time": "2025-01-26T16:12:01.384284Z",
            "yes_price": 95,
            "no_price": 5,
            "taker_side": "yes"
        },
        {
            "trade_id": "1177a827-2bb1-4c88-ba5f-0cabc4037aed",
            "ticker": "KXHIGHAUS-25JAN26-B55.5",
            "count": 144,
            "created_time": "2025-01-26T16:12:01.384284Z",
            "yes_price": 94,
            "no_price": 6,
            "taker_side": "yes"
        },
        {
            "trade_id": "355f1e7c-9d4f-49fb-862f-80d0ec07bcd5",
            "ticker": "KXHIGHAUS-25JAN26-B55.5",
            "count": 183,
            "created_time": "2025-01-26T16:11:35.184115Z",
            "yes_price": 94,
            "no_price": 6,
            "taker_side": "yes"
        },
        {
            "trade_id": "2c4ae2f3-deb2-4f2e-964a-3522c2e3c6e3",
            "ticker": "KXHIGHAUS-25JAN26-B55.5",
            "count": 17,
            "created_time": "2025-01-26T16:11:35.184115Z",
            "yes_price": 93,
            "no_price": 7,
            "taker_side": "yes"
        },
        {
            "trade_id": "ddb57560-938e-403c-837f-575f12c17e2f",
            "ticker": "KXHIGHAUS-25JAN26-B55.5",
            "count": 18,
            "created_time": "2025-01-26T16:08:58.500327Z",
            "yes_price": 93,
            "no_price": 7,
            "taker_side": "yes"
        },
        {
            "trade_id": "ad826591-d1d8-47d1-8baf-44b9a5759c8c",
            "ticker": "KXHIGHAUS-25JAN26-B55.5",
            "count": 67,
            "created_time": "2025-01-26T16:08:58.500327Z",
            "yes_price": 94,
            "no_price": 6,
            "taker_side": "yes"
        },
        {
            "trade_id": "600fe00c-f65d-4e2d-887e-64e6fb589883",
            "ticker": "KXHIGHAUS-25JAN26-B55.5",
            "count": 21,
            "created_time": "2025-01-26T16:08:58.500327Z",
            "yes_price": 94,
            "no_price": 6,
            "taker_side": "yes"
        },
        {
            "trade_id": "f4addbbc-e708-4668-bec2-fb75825719b6",
            "ticker": "KXHIGHAUS-25JAN26-B55.5",
            "count": 20,
            "created_time": "2025-01-26T15:38:33.686399Z",
            "yes_price": 93,
            "no_price": 7,
            "taker_side": "yes"
        },
        {
            "trade_id": "eccd833a-b68f-47f6-91cf-cd47788ba1fa",
            "ticker": "KXHIGHAUS-25JAN26-B55.5",
            "count": 22,
            "created_time": "2025-01-26T15:38:33.686399Z",
            "yes_price": 93,
            "no_price": 7,
            "taker_side": "yes"
        },
        {
            "trade_id": "dee9577c-9eed-4a3d-80c3-3825b83c583e",
            "ticker": "KXHIGHAUS-25JAN26-B55.5",
            "count": 28,
            "created_time": "2025-01-26T15:38:33.686399Z",
            "yes_price": 96,
            "no_price": 4,
            "taker_side": "yes"
        },
        {
            "trade_id": "391ac575-2155-4072-b38a-b240dae13e57",
            "ticker": "KXHIGHAUS-25JAN26-B55.5",
            "count": 10,
            "created_time": "2025-01-26T15:38:33.686399Z",
            "yes_price": 96,
            "no_price": 4,
            "taker_side": "yes"
        },
        {
            "trade_id": "286836ab-2c25-4238-8023-42b454f8c6b5",
            "ticker": "KXHIGHAUS-25JAN26-B55.5",
            "count": 10,
            "created_time": "2025-01-26T15:38:33.686399Z",
            "yes_price": 96,
            "no_price": 4,
            "taker_side": "yes"
        },
        {
            "trade_id": "1ca9557a-b60f-4639-9aea-76e889a062e9",
            "ticker": "KXHIGHAUS-25JAN26-B55.5",
            "count": 10,
            "created_time": "2025-01-26T15:38:33.686399Z",
            "yes_price": 95,
            "no_price": 5,
            "taker_side": "yes"
        },
        {
            "trade_id": "057b0f89-031e-4854-ac8b-c643a6f4d3df",
            "ticker": "KXHIGHAUS-25JAN26-B55.5",
            "count": 5,
            "created_time": "2025-01-26T15:25:34.630496Z",
            "yes_price": 92,
            "no_price": 8,
            "taker_side": "yes"
        },
        {
            "trade_id": "786ea571-032f-4fb5-b1a2-4ff858c20e04",
            "ticker": "KXHIGHAUS-25JAN26-B55.5",
            "count": 8,
            "created_time": "2025-01-26T15:25:19.120689Z",
            "yes_price": 92,
            "no_price": 8,
            "taker_side": "yes"
        },
        {
            "trade_id": "1f7805c9-1a5b-4359-9ec4-2899ce2eea61",
            "ticker": "KXHIGHAUS-25JAN26-B55.5",
            "count": 23,
            "created_time": "2025-01-26T15:25:19.120689Z",
            "yes_price": 92,
            "no_price": 8,
            "taker_side": "yes"
        },
        {
            "trade_id": "477ed032-9a98-459d-8bb4-eec32a886804",
            "ticker": "KXHIGHAUS-25JAN26-B55.5",
            "count": 5,
            "created_time": "2025-01-26T15:08:22.717017Z",
            "yes_price": 82,
            "no_price": 18,
            "taker_side": "no"
        },
        {
            "trade_id": "7285b0c6-b173-4dfa-8b61-f9223b37a863",
            "ticker": "KXHIGHAUS-25JAN26-B55.5",
            "count": 7,
            "created_time": "2025-01-26T15:08:20.893383Z",
            "yes_price": 92,
            "no_price": 8,
            "taker_side": "yes"
        },
        {
            "trade_id": "2e530a76-3955-4309-8c30-7d6285ccbf42",
            "ticker": "KXHIGHAUS-25JAN26-B55.5",
            "count": 2,
            "created_time": "2025-01-26T15:08:20.893383Z",
            "yes_price": 91,
            "no_price": 9,
            "taker_side": "yes"
        },
        {
            "trade_id": "59925e3f-76b1-491e-b81a-cb80ac2409e1",
            "ticker": "KXHIGHAUS-25JAN26-B55.5",
            "count": 19,
            "created_time": "2025-01-26T14:58:50.80962Z",
            "yes_price": 81,
            "no_price": 19,
            "taker_side": "no"
        },
        {
            "trade_id": "1eadca6d-6ae5-4086-9f9d-af3bc56ad73d",
            "ticker": "KXHIGHAUS-25JAN26-B55.5",
            "count": 2,
            "created_time": "2025-01-26T14:58:50.80962Z",
            "yes_price": 79,
            "no_price": 21,
            "taker_side": "no"
        },
        {
            "trade_id": "0e8ef521-2c25-4492-a409-ecb6f36adf64",
            "ticker": "KXHIGHAUS-25JAN26-B55.5",
            "count": 33,
            "created_time": "2025-01-26T14:58:50.80962Z",
            "yes_price": 79,
            "no_price": 21,
            "taker_side": "no"
        },
        {
            "trade_id": "939dbeb6-a85d-4f27-bd0a-d71fa6a8cdcf",
            "ticker": "KXHIGHAUS-25JAN26-B55.5",
            "count": 17,
            "created_time": "2025-01-26T14:31:53.108488Z",
            "yes_price": 77,
            "no_price": 23,
            "taker_side": "no"
        },
        {
            "trade_id": "56a996c4-5614-499a-91f2-4b45b09c9f10",
            "ticker": "KXHIGHAUS-25JAN26-B55.5",
            "count": 3,
            "created_time": "2025-01-26T14:31:53.108488Z",
            "yes_price": 75,
            "no_price": 25,
            "taker_side": "no"
        },
        {
            "trade_id": "1da2aa30-6860-481d-9829-ca6ac3ea6558",
            "ticker": "KXHIGHAUS-25JAN26-B55.5",
            "count": 40,
            "created_time": "2025-01-26T14:31:53.108488Z",
            "yes_price": 76,
            "no_price": 24,
            "taker_side": "no"
        },
        {
            "trade_id": "75af48b1-5248-422f-9a92-105dfc1edd9c",
            "ticker": "KXHIGHAUS-25JAN26-B55.5",
            "count": 4,
            "created_time": "2025-01-26T14:27:01.32869Z",
            "yes_price": 92,
            "no_price": 8,
            "taker_side": "yes"
        },
        {
            "trade_id": "705c3bde-8efd-451b-b435-ccd163fbb6cc",
            "ticker": "KXHIGHAUS-25JAN26-B55.5",
            "count": 10,
            "created_time": "2025-01-26T14:18:21.55689Z",
            "yes_price": 91,
            "no_price": 9,
            "taker_side": "yes"
        },
        {
            "trade_id": "114b6dea-c7b7-445f-a4b5-5c095adacafa",
            "ticker": "KXHIGHAUS-25JAN26-B55.5",
            "count": 6,
            "created_time": "2025-01-26T14:18:21.55689Z",
            "yes_price": 91,
            "no_price": 9,
            "taker_side": "yes"
        },
        {
            "trade_id": "13caa0ee-08ee-44b7-ba8f-86f7c8f6d5fa",
            "ticker": "KXHIGHAUS-25JAN26-B55.5",
            "count": 1,
            "created_time": "2025-01-26T14:18:03.452875Z",
            "yes_price": 91,
            "no_price": 9,
            "taker_side": "yes"
        },
        {
            "trade_id": "5e050632-7fbc-41cd-9378-a0c7e11cf288",
            "ticker": "KXHIGHAUS-25JAN26-B55.5",
            "count": 1,
            "created_time": "2025-01-26T14:17:04.749747Z",
            "yes_price": 91,
            "no_price": 9,
            "taker_side": "yes"
        },
        {
            "trade_id": "1228e604-2ade-485a-ad4d-982b6ecbc94c",
            "ticker": "KXHIGHAUS-25JAN26-B55.5",
            "count": 1,
            "created_time": "2025-01-26T14:16:03.874757Z",
            "yes_price": 91,
            "no_price": 9,
            "taker_side": "yes"
        },
        {
            "trade_id": "05df0dd0-9f72-4912-9889-36aca5e29531",
            "ticker": "KXHIGHAUS-25JAN26-B55.5",
            "count": 1,
            "created_time": "2025-01-26T14:15:07.930361Z",
            "yes_price": 91,
            "no_price": 9,
            "taker_side": "yes"
        },
        {
            "trade_id": "58d99c65-2cf7-41c4-93b2-6e11fa49075e",
            "ticker": "KXHIGHAUS-25JAN26-B55.5",
            "count": 1,
            "created_time": "2025-01-26T14:14:04.438675Z",
            "yes_price": 91,
            "no_price": 9,
            "taker_side": "yes"
        },
        {
            "trade_id": "fb01b240-2b8b-46b4-bbc3-45f9b7208628",
            "ticker": "KXHIGHAUS-25JAN26-B55.5",
            "count": 10,
            "created_time": "2025-01-26T14:13:48.714407Z",
            "yes_price": 91,
            "no_price": 9,
            "taker_side": "yes"
        },
        {
            "trade_id": "d9130780-5ba2-4f82-b1a3-f7a477866731",
            "ticker": "KXHIGHAUS-25JAN26-B55.5",
            "count": 1,
            "created_time": "2025-01-26T14:13:04.153844Z",
            "yes_price": 91,
            "no_price": 9,
            "taker_side": "yes"
        },
        {
            "trade_id": "2d6c3042-4c42-4568-9f11-e81bc7a2ea87",
            "ticker": "KXHIGHAUS-25JAN26-B55.5",
            "count": 1,
            "created_time": "2025-01-26T14:12:05.381235Z",
            "yes_price": 91,
            "no_price": 9,
            "taker_side": "yes"
        },
        {
            "trade_id": "6ac3f7cc-a214-4f4a-9ba6-0a0270312a6f",
            "ticker": "KXHIGHAUS-25JAN26-B55.5",
            "count": 1,
            "created_time": "2025-01-26T14:11:04.50601Z",
            "yes_price": 91,
            "no_price": 9,
            "taker_side": "yes"
        },
        {
            "trade_id": "fa0ed1c0-edba-4361-80ea-733cc4d66ff0",
            "ticker": "KXHIGHAUS-25JAN26-B55.5",
            "count": 1,
            "created_time": "2025-01-26T14:10:05.508283Z",
            "yes_price": 92,
            "no_price": 8,
            "taker_side": "yes"
        },
        {
            "trade_id": "f16d837c-52f1-497e-995c-816748d5a916",
            "ticker": "KXHIGHAUS-25JAN26-B55.5",
            "count": 7,
            "created_time": "2025-01-26T14:09:33.552415Z",
            "yes_price": 91,
            "no_price": 9,
            "taker_side": "yes"
        },
        {
            "trade_id": "3f0397d0-9ad1-40e9-b0ec-8546ac5d9fdd",
            "ticker": "KXHIGHAUS-25JAN26-B55.5",
            "count": 24,
            "created_time": "2025-01-26T14:09:33.552415Z",
            "yes_price": 91,
            "no_price": 9,
            "taker_side": "yes"
        },
        {
            "trade_id": "6271cde3-5560-41eb-970c-273564ce86ed",
            "ticker": "KXHIGHAUS-25JAN26-B55.5",
            "count": 1,
            "created_time": "2025-01-26T14:09:03.300593Z",
            "yes_price": 91,
            "no_price": 9,
            "taker_side": "yes"
        },
        {
            "trade_id": "efd04349-0bcd-4336-93fa-f6166f4c40dc",
            "ticker": "KXHIGHAUS-25JAN26-B55.5",
            "count": 1,
            "created_time": "2025-01-26T14:08:04.390119Z",
            "yes_price": 91,
            "no_price": 9,
            "taker_side": "yes"
        },
        {
            "trade_id": "73bf4428-da91-4f0c-9db0-84815db38275",
            "ticker": "KXHIGHAUS-25JAN26-B55.5",
            "count": 1,
            "created_time": "2025-01-26T14:07:04.455456Z",
            "yes_price": 91,
            "no_price": 9,
            "taker_side": "yes"
        },
        {
            "trade_id": "9ba9be3f-5c9f-4033-b5ae-1119f6c08600",
            "ticker": "KXHIGHAUS-25JAN26-B55.5",
            "count": 1,
            "created_time": "2025-01-26T14:06:05.121478Z",
            "yes_price": 91,
            "no_price": 9,
            "taker_side": "yes"
        },
        {
