{
    "KXHIGHAUS-25FEB10-T55": [
        {
            "trade_id": "7341f197-4faf-4b94-b755-47e557acc611",
            "ticker": "KXHIGHAUS-25FEB10-T55",
            "count": 16,
            "created_time": "2025-02-11T04:20:29.035119Z",
            "yes_price": 99,
            "no_price": 1,
            "taker_side": "no"
        },
        {
            "trade_id": "aaa91b1f-8f2f-46ec-a6d4-eebc78be0843",
            "ticker": "KXHIGHAUS-25FEB10-T55",
            "count": 73,
            "created_time": "2025-02-11T04:01:03.726493Z",
            "yes_price": 99,
            "no_price": 1,
            "taker_side": "yes"
        },
        {
            "trade_id": "437f6142-2931-4a0d-a4d5-6e90f659b79f",
            "ticker": "KXHIGHAUS-25FEB10-T55",
            "count": 15,
            "created_time": "2025-02-11T04:01:03.726493Z",
            "yes_price": 99,
            "no_price": 1,
            "taker_side": "yes"
        },
        {
            "trade_id": "18e04664-fb6c-48f3-ac09-5461d3a1b75d",
            "ticker": "KXHIGHAUS-25FEB10-T55",
            "count": 125,
            "created_time": "2025-02-11T04:01:03.726493Z",
            "yes_price": 99,
            "no_price": 1,
            "taker_side": "yes"
        },
        {
            "trade_id": "04a36113-172b-49db-9cec-010cc8bd2a69",
            "ticker": "KXHIGHAUS-25FEB10-T55",
            "count": 120,
            "created_time": "2025-02-11T03:46:37.195552Z",
            "yes_price": 98,
            "no_price": 2,
            "taker_side": "yes"
        },
        {
            "trade_id": "20e6d9bc-9a20-479d-8a7a-712041221fef",
            "ticker": "KXHIGHAUS-25FEB10-T55",
            "count": 73,
            "created_time": "2025-02-11T03:43:03.934435Z",
            "yes_price": 98,
            "no_price": 2,
            "taker_side": "yes"
        },
        {
            "trade_id": "31da30ad-3bda-427d-8847-17f2ef97266b",
            "ticker": "KXHIGHAUS-25FEB10-T55",
            "count": 37,
            "created_time": "2025-02-11T03:03:26.242075Z",
            "yes_price": 98,
            "no_price": 2,
            "taker_side": "yes"
        },
        {
            "trade_id": "a7e2e9d3-2a39-4a76-be6d-c2268f1573a2",
            "ticker": "KXHIGHAUS-25FEB10-T55",
            "count": 120,
            "created_time": "2025-02-11T03:01:34.164466Z",
            "yes_price": 96,
            "no_price": 4,
            "taker_side": "no"
        },
        {
            "trade_id": "510cbe36-ac3e-439e-ac01-08f5911d4617",
            "ticker": "KXHIGHAUS-25FEB10-T55",
            "count": 37,
            "created_time": "2025-02-11T03:01:34.164466Z",
            "yes_price": 97,
            "no_price": 3,
            "taker_side": "no"
        },
        {
            "trade_id": "872c42c4-bbaf-4e36-afad-79439557f7e1",
            "ticker": "KXHIGHAUS-25FEB10-T55",
            "count": 110,
            "created_time": "2025-02-11T02:58:03.234642Z",
            "yes_price": 98,
            "no_price": 2,
            "taker_side": "yes"
        },
        {
            "trade_id": "cec773c7-c265-4935-a56e-6b22b1575161",
            "ticker": "KXHIGHAUS-25FEB10-T55",
            "count": 120,
            "created_time": "2025-02-11T02:57:45.958636Z",
            "yes_price": 97,
            "no_price": 3,
            "taker_side": "yes"
        },
        {
            "trade_id": "5a757f3e-a3be-4753-8a82-f00c2bc3b5bc",
            "ticker": "KXHIGHAUS-25FEB10-T55",
            "count": 30,
            "created_time": "2025-02-11T02:38:05.288038Z",
            "yes_price": 97,
            "no_price": 3,
            "taker_side": "yes"
        },
        {
            "trade_id": "789d2616-aa0d-442e-a86c-a165cb1c4195",
            "ticker": "KXHIGHAUS-25FEB10-T55",
            "count": 1,
            "created_time": "2025-02-11T02:34:35.736074Z",
            "yes_price": 96,
            "no_price": 4,
            "taker_side": "yes"
        },
        {
            "trade_id": "9685ee41-8aca-4587-b1af-faa05ccbc6b5",
            "ticker": "KXHIGHAUS-25FEB10-T55",
            "count": 10,
            "created_time": "2025-02-11T02:33:17.472348Z",
            "yes_price": 94,
            "no_price": 6,
            "taker_side": "no"
        },
        {
            "trade_id": "4ab49289-452e-42f2-b678-a1157c6582ed",
            "ticker": "KXHIGHAUS-25FEB10-T55",
            "count": 1,
            "created_time": "2025-02-11T02:33:17.472348Z",
            "yes_price": 94,
            "no_price": 6,
            "taker_side": "no"
        },
        {
            "trade_id": "05e3afcc-5821-47f9-af7c-a38d427464b0",
            "ticker": "KXHIGHAUS-25FEB10-T55",
            "count": 39,
            "created_time": "2025-02-11T02:33:17.472348Z",
            "yes_price": 93,
            "no_price": 7,
            "taker_side": "no"
        },
        {
            "trade_id": "67363fb5-2771-479c-9bb2-313453456b8b",
            "ticker": "KXHIGHAUS-25FEB10-T55",
            "count": 2,
            "created_time": "2025-02-11T02:17:03.769344Z",
            "yes_price": 97,
            "no_price": 3,
            "taker_side": "yes"
        },
        {
            "trade_id": "8b6f286e-e140-4254-a084-daad3d04148a",
            "ticker": "KXHIGHAUS-25FEB10-T55",
            "count": 132,
            "created_time": "2025-02-11T02:14:32.891713Z",
            "yes_price": 97,
            "no_price": 3,
            "taker_side": "yes"
        },
        {
            "trade_id": "ec230a79-f784-4a5a-aa47-66dec0494980",
            "ticker": "KXHIGHAUS-25FEB10-T55",
            "count": 100,
            "created_time": "2025-02-11T02:12:29.928291Z",
            "yes_price": 97,
            "no_price": 3,
            "taker_side": "no"
        },
        {
            "trade_id": "60cc8b10-3275-44b2-99dc-4160d35331cc",
            "ticker": "KXHIGHAUS-25FEB10-T55",
            "count": 500,
            "created_time": "2025-02-11T02:12:29.928291Z",
            "yes_price": 97,
            "no_price": 3,
            "taker_side": "no"
        },
        {
            "trade_id": "34fab946-cacc-42a9-9c47-b7f375266994",
            "ticker": "KXHIGHAUS-25FEB10-T55",
            "count": 47,
            "created_time": "2025-02-11T02:12:29.928291Z",
            "yes_price": 97,
            "no_price": 3,
            "taker_side": "no"
        },
        {
            "trade_id": "698d925b-93ce-4842-8a18-c23500aa1d4a",
            "ticker": "KXHIGHAUS-25FEB10-T55",
            "count": 645,
            "created_time": "2025-02-11T02:10:59.737498Z",
            "yes_price": 98,
            "no_price": 2,
            "taker_side": "no"
        },
        {
            "trade_id": "0b0fef49-baf8-49c9-bfb9-baaa6695e36e",
            "ticker": "KXHIGHAUS-25FEB10-T55",
            "count": 256,
            "created_time": "2025-02-11T01:50:34.39174Z",
            "yes_price": 99,
            "no_price": 1,
            "taker_side": "yes"
        },
        {
            "trade_id": "8f0c45ec-6a47-44ea-9153-499a32d6d1bf",
            "ticker": "KXHIGHAUS-25FEB10-T55",
            "count": 10,
            "created_time": "2025-02-11T01:39:10.972527Z",
            "yes_price": 99,
            "no_price": 1,
            "taker_side": "yes"
        },
        {
            "trade_id": "f7c8f936-1cad-4274-9978-501864f8b21c",
            "ticker": "KXHIGHAUS-25FEB10-T55",
            "count": 1,
            "created_time": "2025-02-11T01:24:00.816496Z",
            "yes_price": 98,
            "no_price": 2,
            "taker_side": "no"
        },
        {
            "trade_id": "0c882d2b-6417-4f30-8a34-a38fb611d710",
            "ticker": "KXHIGHAUS-25FEB10-T55",
            "count": 5,
            "created_time": "2025-02-11T01:24:00.816496Z",
            "yes_price": 98,
            "no_price": 2,
            "taker_side": "no"
        },
        {
            "trade_id": "f948ddb2-8d21-49c9-a50c-4183c61f54d5",
            "ticker": "KXHIGHAUS-25FEB10-T55",
            "count": 93,
            "created_time": "2025-02-11T01:19:20.675848Z",
            "yes_price": 98,
            "no_price": 2,
            "taker_side": "no"
        },
        {
            "trade_id": "e441bb01-62d6-485d-9b3d-82e0b3cc6cc2",
            "ticker": "KXHIGHAUS-25FEB10-T55",
            "count": 1,
            "created_time": "2025-02-11T01:12:52.578573Z",
            "yes_price": 98,
            "no_price": 2,
            "taker_side": "no"
        },
        {
            "trade_id": "daa4870a-13e9-414d-8ad1-e136c1800e3e",
            "ticker": "KXHIGHAUS-25FEB10-T55",
            "count": 453,
            "created_time": "2025-02-11T00:50:05.174988Z",
            "yes_price": 99,
            "no_price": 1,
            "taker_side": "yes"
        },
        {
            "trade_id": "cbc9dbf7-53e9-46c3-a45b-556c18c3e72d",
            "ticker": "KXHIGHAUS-25FEB10-T55",
            "count": 70,
            "created_time": "2025-02-11T00:50:05.174988Z",
            "yes_price": 99,
            "no_price": 1,
            "taker_side": "yes"
        },
        {
            "trade_id": "e713b778-ef79-4b96-a8a4-895d5a70afa7",
            "ticker": "KXHIGHAUS-25FEB10-T55",
            "count": 6,
            "created_time": "2025-02-11T00:49:05.068469Z",
            "yes_price": 98,
            "no_price": 2,
            "taker_side": "no"
        },
        {
            "trade_id": "0e54bfc0-d86f-478c-b9d4-fe2a453721a8",
            "ticker": "KXHIGHAUS-25FEB10-T55",
            "count": 29,
            "created_time": "2025-02-11T00:49:05.068469Z",
            "yes_price": 98,
            "no_price": 2,
            "taker_side": "no"
        },
        {
            "trade_id": "98cc05d6-a5ed-49ca-8d5b-96457f6a8697",
            "ticker": "KXHIGHAUS-25FEB10-T55",
            "count": 10,
            "created_time": "2025-02-11T00:45:14.644523Z",
            "yes_price": 99,
            "no_price": 1,
            "taker_side": "yes"
        },
        {
            "trade_id": "e729460f-8d72-4781-88ce-cbe2d2042d66",
            "ticker": "KXHIGHAUS-25FEB10-T55",
            "count": 20,
            "created_time": "2025-02-11T00:27:11.058122Z",
            "yes_price": 99,
            "no_price": 1,
            "taker_side": "yes"
        },
        {
            "trade_id": "37cb96dd-208c-476e-ae1f-da1ad6c5b7f7",
            "ticker": "KXHIGHAUS-25FEB10-T55",
            "count": 312,
            "created_time": "2025-02-11T00:14:22.735192Z",
            "yes_price": 98,
            "no_price": 2,
            "taker_side": "no"
        },
        {
            "trade_id": "eaded79f-e7a8-4d55-a175-6ca4163b88ef",
            "ticker": "KXHIGHAUS-25FEB10-T55",
            "count": 150,
            "created_time": "2025-02-11T00:09:17.740434Z",
            "yes_price": 98,
            "no_price": 2,
            "taker_side": "yes"
        },
        {
            "trade_id": "2c2929db-16c4-45e5-a9f3-bb3f02cf5b34",
            "ticker": "KXHIGHAUS-25FEB10-T55",
            "count": 9,
            "created_time": "2025-02-11T00:09:17.740434Z",
            "yes_price": 98,
            "no_price": 2,
            "taker_side": "yes"
        },
        {
            "trade_id": "37c5310a-3bbc-4042-be87-b9070509655f",
            "ticker": "KXHIGHAUS-25FEB10-T55",
            "count": 20,
            "created_time": "2025-02-11T00:00:57.646866Z",
            "yes_price": 97,
            "no_price": 3,
            "taker_side": "no"
        },
        {
            "trade_id": "c9d7652e-a470-4af3-a07b-de166a2f300f",
            "ticker": "KXHIGHAUS-25FEB10-T55",
            "count": 31,
            "created_time": "2025-02-11T00:00:33.952595Z",
            "yes_price": 97,
            "no_price": 3,
            "taker_side": "no"
        },
        {
            "trade_id": "b8c2c7b1-0a2a-4463-89c3-05032c73ee81",
            "ticker": "KXHIGHAUS-25FEB10-T55",
            "count": 82,
            "created_time": "2025-02-10T23:59:21.576492Z",
            "yes_price": 97,
            "no_price": 3,
            "taker_side": "yes"
        },
        {
            "trade_id": "28803dcb-d193-4546-afb9-a983c916649e",
            "ticker": "KXHIGHAUS-25FEB10-T55",
            "count": 20,
            "created_time": "2025-02-10T23:59:21.576492Z",
            "yes_price": 97,
            "no_price": 3,
            "taker_side": "yes"
        },
        {
            "trade_id": "ff38c273-9335-4fbe-a4f2-9a1748703425",
            "ticker": "KXHIGHAUS-25FEB10-T55",
            "count": 1,
            "created_time": "2025-02-10T23:42:07.810341Z",
            "yes_price": 96,
            "no_price": 4,
            "taker_side": "yes"
        },
        {
            "trade_id": "d92da791-99be-477e-812a-adb4cd6fa1cd",
            "ticker": "KXHIGHAUS-25FEB10-T55",
            "count": 55,
            "created_time": "2025-02-10T23:32:23.926351Z",
            "yes_price": 96,
            "no_price": 4,
            "taker_side": "no"
        },
        {
            "trade_id": "763512c2-b5bd-46b8-b0ea-620e6b03d58c",
            "ticker": "KXHIGHAUS-25FEB10-T55",
            "count": 44,
            "created_time": "2025-02-10T23:30:48.138195Z",
            "yes_price": 96,
            "no_price": 4,
            "taker_side": "no"
        },
        {
            "trade_id": "63a17d96-8c08-4e02-9a41-b748f5bfcf29",
            "ticker": "KXHIGHAUS-25FEB10-T55",
            "count": 1,
            "created_time": "2025-02-10T23:29:37.083635Z",
            "yes_price": 96,
            "no_price": 4,
            "taker_side": "yes"
        },
        {
            "trade_id": "e913d1ba-89a0-4b3f-82a1-99e5258aa0a9",
            "ticker": "KXHIGHAUS-25FEB10-T55",
            "count": 36,
            "created_time": "2025-02-10T23:23:44.760253Z",
            "yes_price": 96,
            "no_price": 4,
            "taker_side": "yes"
        },
        {
            "trade_id": "b502bce0-764d-43fe-bc88-da9c44d610ae",
            "ticker": "KXHIGHAUS-25FEB10-T55",
            "count": 18,
            "created_time": "2025-02-10T23:23:44.760253Z",
            "yes_price": 97,
            "no_price": 3,
            "taker_side": "yes"
        },
        {
            "trade_id": "0f2bc962-9dfd-438e-afbf-6740a5c43c6a",
            "ticker": "KXHIGHAUS-25FEB10-T55",
            "count": 50,
            "created_time": "2025-02-10T23:23:44.760253Z",
            "yes_price": 95,
            "no_price": 5,
            "taker_side": "yes"
        },
        {
            "trade_id": "c7b8ce22-ea17-4c74-aca1-987177f0537d",
            "ticker": "KXHIGHAUS-25FEB10-T55",
            "count": 17,
            "created_time": "2025-02-10T23:22:54.797761Z",
            "yes_price": 92,
            "no_price": 8,
            "taker_side": "no"
        },
        {
            "trade_id": "1937b01b-f307-4793-b236-daaf446dc2f5",
            "ticker": "KXHIGHAUS-25FEB10-T55",
            "count": 143,
            "created_time": "2025-02-10T23:22:54.797761Z",
            "yes_price": 92,
            "no_price": 8,
            "taker_side": "no"
        },
        {
            "trade_id": "d2335c51-6057-41b4-9f56-22985a285772",
            "ticker": "KXHIGHAUS-25FEB10-T55",
            "count": 7,
            "created_time": "2025-02-10T23:22:05.771886Z",
            "yes_price": 92,
            "no_price": 8,
            "taker_side": "no"
        },
        {
            "trade_id": "9220bbb2-0555-4515-b346-6b2598bd3f86",
            "ticker": "KXHIGHAUS-25FEB10-T55",
            "count": 13,
            "created_time": "2025-02-10T23:22:05.771886Z",
            "yes_price": 92,
            "no_price": 8,
            "taker_side": "no"
        },
        {
            "trade_id": "5ba2111e-df5e-4c82-8aeb-59eedc7a0cb9",
            "ticker": "KXHIGHAUS-25FEB10-T55",
            "count": 5,
            "created_time": "2025-02-10T23:22:05.771886Z",
            "yes_price": 92,
            "no_price": 8,
            "taker_side": "no"
        },
        {
            "trade_id": "ee2de5ac-ce19-488e-bf4a-d3d32e22decb",
            "ticker": "KXHIGHAUS-25FEB10-T55",
            "count": 15,
            "created_time": "2025-02-10T23:19:20.806423Z",
            "yes_price": 92,
            "no_price": 8,
            "taker_side": "no"
        },
        {
            "trade_id": "53fe30f1-4419-4389-bc34-4a30db041852",
            "ticker": "KXHIGHAUS-25FEB10-T55",
            "count": 9,
            "created_time": "2025-02-10T23:16:54.009191Z",
            "yes_price": 95,
            "no_price": 5,
            "taker_side": "yes"
        },
        {
            "trade_id": "52175051-49ab-44c4-9601-374476e77f67",
            "ticker": "KXHIGHAUS-25FEB10-T55",
            "count": 8,
            "created_time": "2025-02-10T22:57:17.34121Z",
            "yes_price": 94,
            "no_price": 6,
            "taker_side": "yes"
        },
        {
            "trade_id": "7e789912-5602-4d31-bccf-b1da8650ee92",
            "ticker": "KXHIGHAUS-25FEB10-T55",
            "count": 2,
            "created_time": "2025-02-10T22:46:03.772849Z",
            "yes_price": 95,
            "no_price": 5,
            "taker_side": "yes"
        },
        {
            "trade_id": "b5905579-654e-408a-b61b-37f1b594181c",
            "ticker": "KXHIGHAUS-25FEB10-T55",
            "count": 1,
            "created_time": "2025-02-10T22:39:10.146909Z",
            "yes_price": 95,
            "no_price": 5,
            "taker_side": "yes"
        },
        {
            "trade_id": "47ed787a-3cc0-49d2-aae4-7839f6ba09d6",
            "ticker": "KXHIGHAUS-25FEB10-T55",
            "count": 6,
            "created_time": "2025-02-10T22:39:10.146909Z",
            "yes_price": 96,
            "no_price": 4,
            "taker_side": "yes"
        },
        {
            "trade_id": "9564dba3-decd-421c-99e7-396b93fadcf2",
            "ticker": "KXHIGHAUS-25FEB10-T55",
            "count": 1,
            "created_time": "2025-02-10T22:39:01.740007Z",
            "yes_price": 95,
            "no_price": 5,
            "taker_side": "yes"
        },
        {
            "trade_id": "2e41fd57-7337-4bb3-af10-53782f0e5bbc",
            "ticker": "KXHIGHAUS-25FEB10-T55",
            "count": 9,
            "created_time": "2025-02-10T22:39:01.740007Z",
            "yes_price": 96,
            "no_price": 4,
            "taker_side": "yes"
        },
        {
            "trade_id": "a571ec05-724a-4e9c-934f-18aad231d0ab",
            "ticker": "KXHIGHAUS-25FEB10-T55",
            "count": 8,
            "created_time": "2025-02-10T22:38:56.756055Z",
            "yes_price": 95,
            "no_price": 5,
            "taker_side": "yes"
        },
        {
            "trade_id": "8fa163c2-6724-4306-98cb-f37c19a38a79",
            "ticker": "KXHIGHAUS-25FEB10-T55",
            "count": 1,
            "created_time": "2025-02-10T22:38:56.756055Z",
            "yes_price": 95,
            "no_price": 5,
            "taker_side": "yes"
        },
        {
            "trade_id": "725d80c5-d1b1-49b1-abbb-50c6d7596eac",
            "ticker": "KXHIGHAUS-25FEB10-T55",
            "count": 1,
            "created_time": "2025-02-10T22:38:56.756055Z",
            "yes_price": 95,
            "no_price": 5,
            "taker_side": "yes"
        },
        {
            "trade_id": "a4cb7f87-26b8-4a32-8f95-7f4e72cc401b",
            "ticker": "KXHIGHAUS-25FEB10-T55",
            "count": 50,
            "created_time": "2025-02-10T22:38:26.38281Z",
            "yes_price": 93,
            "no_price": 7,
            "taker_side": "no"
        },
        {
            "trade_id": "8821e695-77e9-411f-a8fb-65f4ea7fe9fd",
            "ticker": "KXHIGHAUS-25FEB10-T55",
            "count": 517,
            "created_time": "2025-02-10T22:38:26.38281Z",
            "yes_price": 92,
            "no_price": 8,
            "taker_side": "no"
        },
        {
            "trade_id": "272c47bf-97e0-4c08-8a8c-44ea6efe5c4c",
            "ticker": "KXHIGHAUS-25FEB10-T55",
            "count": 10,
            "created_time": "2025-02-10T22:37:17.125529Z",
            "yes_price": 95,
            "no_price": 5,
            "taker_side": "yes"
        },
        {
            "trade_id": "7118cd38-8a51-4ee2-8896-73ab759b9f79",
            "ticker": "KXHIGHAUS-25FEB10-T55",
            "count": 4,
            "created_time": "2025-02-10T22:31:36.992789Z",
            "yes_price": 96,
            "no_price": 4,
            "taker_side": "yes"
        },
        {
            "trade_id": "12096c11-8829-46fa-b2c8-6ae880e5f8ed",
            "ticker": "KXHIGHAUS-25FEB10-T55",
            "count": 100,
            "created_time": "2025-02-10T22:31:36.992789Z",
            "yes_price": 95,
            "no_price": 5,
            "taker_side": "yes"
        },
        {
            "trade_id": "d36f92d7-4a42-4408-9913-3c6ef9b91c87",
            "ticker": "KXHIGHAUS-25FEB10-T55",
            "count": 11,
            "created_time": "2025-02-10T22:30:20.814965Z",
            "yes_price": 94,
            "no_price": 6,
            "taker_side": "no"
        },
        {
            "trade_id": "4c92b88d-9f53-420f-896c-49468636e382",
            "ticker": "KXHIGHAUS-25FEB10-T55",
            "count": 100,
            "created_time": "2025-02-10T22:29:58.617384Z",
            "yes_price": 95,
            "no_price": 5,
            "taker_side": "yes"
        },
        {
            "trade_id": "8edd6582-f50f-4678-b8ac-1e1c28808030",
            "ticker": "KXHIGHAUS-25FEB10-T55",
            "count": 1,
            "created_time": "2025-02-10T22:28:50.227213Z",
            "yes_price": 94,
            "no_price": 6,
            "taker_side": "yes"
        },
        {
            "trade_id": "1a7c2d39-b5f0-452e-a67e-6041fca1fa4b",
            "ticker": "KXHIGHAUS-25FEB10-T55",
            "count": 1,
            "created_time": "2025-02-10T22:28:35.774385Z",
            "yes_price": 94,
            "no_price": 6,
            "taker_side": "yes"
        },
        {
            "trade_id": "9f23c8f8-69d7-46f5-a766-b0ee42d04461",
            "ticker": "KXHIGHAUS-25FEB10-T55",
            "count": 1,
            "created_time": "2025-02-10T22:28:29.700584Z",
            "yes_price": 94,
            "no_price": 6,
            "taker_side": "yes"
        },
        {
            "trade_id": "fcc3c6df-97d2-4711-bb45-b15b45991271",
            "ticker": "KXHIGHAUS-25FEB10-T55",
            "count": 7,
            "created_time": "2025-02-10T22:27:45.995416Z",
            "yes_price": 94,
            "no_price": 6,
            "taker_side": "yes"
        },
        {
            "trade_id": "621dbf69-8333-45f2-b95f-def8520948e3",
            "ticker": "KXHIGHAUS-25FEB10-T55",
            "count": 1,
            "created_time": "2025-02-10T22:27:45.995416Z",
            "yes_price": 94,
            "no_price": 6,
            "taker_side": "yes"
        },
        {
            "trade_id": "c1325b73-8b23-4da0-8a45-1f66ce93d4d8",
            "ticker": "KXHIGHAUS-25FEB10-T55",
            "count": 50,
            "created_time": "2025-02-10T22:25:37.351438Z",
            "yes_price": 93,
            "no_price": 7,
            "taker_side": "no"
        },
        {
            "trade_id": "bef72da1-2f1f-48fd-9b1a-762f9518ead5",
            "ticker": "KXHIGHAUS-25FEB10-T55",
            "count": 300,
            "created_time": "2025-02-10T22:25:37.351438Z",
            "yes_price": 93,
            "no_price": 7,
            "taker_side": "no"
        },
        {
            "trade_id": "8912d3df-6681-4203-85aa-2642697d2ae4",
            "ticker": "KXHIGHAUS-25FEB10-T55",
            "count": 4,
            "created_time": "2025-02-10T22:25:30.143426Z",
            "yes_price": 94,
            "no_price": 6,
            "taker_side": "no"
        },
        {
            "trade_id": "d4001d35-37fc-435c-8617-315229aeb65b",
            "ticker": "KXHIGHAUS-25FEB10-T55",
            "count": 1,
            "created_time": "2025-02-10T22:25:03.369368Z",
            "yes_price": 95,
            "no_price": 5,
            "taker_side": "yes"
        },
        {
            "trade_id": "0838b250-8469-4356-91c0-b226bb90bb43",
            "ticker": "KXHIGHAUS-25FEB10-T55",
            "count": 1,
            "created_time": "2025-02-10T22:24:57.116535Z",
            "yes_price": 95,
            "no_price": 5,
            "taker_side": "yes"
        },
        {
            "trade_id": "9feafcf8-53af-426c-9399-402e0c0c2f55",
            "ticker": "KXHIGHAUS-25FEB10-T55",
            "count": 1,
            "created_time": "2025-02-10T22:24:50.339269Z",
            "yes_price": 95,
            "no_price": 5,
            "taker_side": "yes"
        },
        {
            "trade_id": "c657ff8c-2554-4c37-b446-0a76f6272ad9",
            "ticker": "KXHIGHAUS-25FEB10-T55",
            "count": 1,
            "created_time": "2025-02-10T22:24:45.594674Z",
            "yes_price": 95,
            "no_price": 5,
            "taker_side": "yes"
        },
        {
            "trade_id": "d44b493d-d94d-48b2-ba81-a6c24309e4a2",
            "ticker": "KXHIGHAUS-25FEB10-T55",
            "count": 1,
            "created_time": "2025-02-10T22:24:38.266738Z",
            "yes_price": 95,
            "no_price": 5,
            "taker_side": "yes"
        },
        {
            "trade_id": "fb0979df-370a-4ca9-a218-938bc6194b73",
            "ticker": "KXHIGHAUS-25FEB10-T55",
            "count": 1,
            "created_time": "2025-02-10T22:24:32.115975Z",
            "yes_price": 95,
            "no_price": 5,
            "taker_side": "yes"
        },
        {
            "trade_id": "968e8211-a21c-4ddd-8c3a-ca52cc6b90a3",
            "ticker": "KXHIGHAUS-25FEB10-T55",
            "count": 5,
            "created_time": "2025-02-10T22:23:01.914205Z",
            "yes_price": 95,
            "no_price": 5,
            "taker_side": "yes"
        },
        {
            "trade_id": "59b1e562-c145-4a6f-b40b-ab5560e917f0",
            "ticker": "KXHIGHAUS-25FEB10-T55",
            "count": 1,
            "created_time": "2025-02-10T22:23:01.914205Z",
            "yes_price": 95,
            "no_price": 5,
            "taker_side": "yes"
        },
        {
            "trade_id": "fe1e88a2-b172-43ea-a4f4-9aa3144a0038",
            "ticker": "KXHIGHAUS-25FEB10-T55",
            "count": 2,
            "created_time": "2025-02-10T22:22:50.262718Z",
            "yes_price": 95,
            "no_price": 5,
            "taker_side": "yes"
        },
        {
            "trade_id": "a8c46efb-2d0e-4bd4-93e2-ac3e0f27fdca",
            "ticker": "KXHIGHAUS-25FEB10-T55",
            "count": 50,
            "created_time": "2025-02-10T22:22:38.176074Z",
            "yes_price": 94,
            "no_price": 6,
            "taker_side": "no"
        },
        {
            "trade_id": "d9c2ddea-a66c-4973-8d25-12714456d678",
            "ticker": "KXHIGHAUS-25FEB10-T55",
            "count": 1,
            "created_time": "2025-02-10T22:21:52.000837Z",
            "yes_price": 95,
            "no_price": 5,
            "taker_side": "yes"
        },
        {
            "trade_id": "87b1eb86-daef-41cb-8cca-a7f9c2254efe",
            "ticker": "KXHIGHAUS-25FEB10-T55",
            "count": 4,
            "created_time": "2025-02-10T22:21:52.000837Z",
            "yes_price": 95,
            "no_price": 5,
            "taker_side": "yes"
        },
        {
            "trade_id": "2ed25898-50a3-446e-8331-8369646f536a",
            "ticker": "KXHIGHAUS-25FEB10-T55",
            "count": 1,
            "created_time": "2025-02-10T22:20:35.134856Z",
            "yes_price": 94,
            "no_price": 6,
            "taker_side": "yes"
        },
        {
            "trade_id": "76a560e3-c6c5-4a0c-a754-26b4d1d90a87",
            "ticker": "KXHIGHAUS-25FEB10-T55",
            "count": 10,
            "created_time": "2025-02-10T22:20:21.083732Z",
            "yes_price": 93,
            "no_price": 7,
            "taker_side": "no"
        },
        {
            "trade_id": "77ba659a-6f85-4b4e-826f-d05ee0afa2d0",
            "ticker": "KXHIGHAUS-25FEB10-T55",
            "count": 10,
            "created_time": "2025-02-10T22:18:37.589641Z",
            "yes_price": 94,
            "no_price": 6,
            "taker_side": "yes"
        },
        {
            "trade_id": "eee1d1f9-ff6b-46d6-aeda-a9d197464e94",
            "ticker": "KXHIGHAUS-25FEB10-T55",
            "count": 12,
            "created_time": "2025-02-10T22:14:52.918941Z",
            "yes_price": 94,
            "no_price": 6,
            "taker_side": "yes"
        },
        {
            "trade_id": "2e5a76f6-fbcd-4ef5-892b-aa36d55adccf",
            "ticker": "KXHIGHAUS-25FEB10-T55",
            "count": 1,
            "created_time": "2025-02-10T22:14:52.918941Z",
            "yes_price": 95,
            "no_price": 5,
            "taker_side": "yes"
        },
        {
            "trade_id": "95d3cffc-3436-40f6-ac73-d904a74489e6",
            "ticker": "KXHIGHAUS-25FEB10-T55",
            "count": 2,
            "created_time": "2025-02-10T22:13:44.048224Z",
            "yes_price": 92,
            "no_price": 8,
            "taker_side": "no"
        },
        {
            "trade_id": "84088a16-0c40-4ebb-92e6-31c0e2117e87",
            "ticker": "KXHIGHAUS-25FEB10-T55",
            "count": 15,
            "created_time": "2025-02-10T22:13:16.143533Z",
            "yes_price": 93,
            "no_price": 7,
            "taker_side": "no"
        },
        {
            "trade_id": "4251a1b7-26aa-4644-9bf8-04a5c95ecda8",
            "ticker": "KXHIGHAUS-25FEB10-T55",
            "count": 69,
            "created_time": "2025-02-10T22:13:16.143533Z",
            "yes_price": 93,
            "no_price": 7,
            "taker_side": "no"
        },
        {
            "trade_id": "3f88ec09-d59d-4d83-999e-dae6f107865a",
            "ticker": "KXHIGHAUS-25FEB10-T55",
            "count": 92,
            "created_time": "2025-02-10T22:13:16.143533Z",
            "yes_price": 92,
            "no_price": 8,
            "taker_side": "no"
        },
        {
            "trade_id": "33390057-a683-4ac8-a300-e516729359ce",
            "ticker": "KXHIGHAUS-25FEB10-T55",
            "count": 6,
            "created_time": "2025-02-10T22:11:47.600995Z",
            "yes_price": 93,
            "no_price": 7,
            "taker_side": "no"
        },
        {
            "trade_id": "90f6fe53-f406-49ea-95b1-7195c07cbdb4",
            "ticker": "KXHIGHAUS-25FEB10-T55",
            "count": 13,
            "created_time": "2025-02-10T22:11:43.320486Z",
            "yes_price": 93,
            "no_price": 7,
            "taker_side": "no"
        },
        {
            "trade_id": "86fd81c9-1a5b-4a0f-a151-68969612bd4b",
            "ticker": "KXHIGHAUS-25FEB10-T55",
            "count": 7,
            "created_time": "2025-02-10T22:05:52.118182Z",
            "yes_price": 94,
            "no_price": 6,
            "taker_side": "yes"
        },
        {
            "trade_id": "224806a2-4851-47b8-aa52-ba5fa902369c",
            "ticker": "KXHIGHAUS-25FEB10-T55",
            "count": 3,
            "created_time": "2025-02-10T22:05:52.118182Z",
            "yes_price": 95,
            "no_price": 5,
            "taker_side": "yes"
        },
        {
            "trade_id": "9c7beb9a-f390-4a73-9ed0-fe5160d67a41",
            "ticker": "KXHIGHAUS-25FEB10-T55",
            "count": 5,
            "created_time": "2025-02-10T22:05:28.113256Z",
            "yes_price": 94,
            "no_price": 6,
            "taker_side": "no"
        },
        {
            "trade_id": "fa7654cc-1d6f-439f-8ca5-59db1d154c8b",
            "ticker": "KXHIGHAUS-25FEB10-T55",
            "count": 1,
            "created_time": "2025-02-10T22:05:05.970874Z",
            "yes_price": 95,
            "no_price": 5,
            "taker_side": "yes"
        },
        {
            "trade_id": "bbb9ef9b-0a2f-427b-a246-c090dab87fbd",
            "ticker": "KXHIGHAUS-25FEB10-T55",
            "count": 325,
            "created_time": "2025-02-10T22:02:04.152368Z",
            "yes_price": 95,
            "no_price": 5,
            "taker_side": "yes"
        },
        {
            "trade_id": "71644f1e-02f6-436b-8253-f56cc156cd13",
            "ticker": "KXHIGHAUS-25FEB10-T55",
            "count": 335,
            "created_time": "2025-02-10T22:02:04.152368Z",
            "yes_price": 95,
            "no_price": 5,
            "taker_side": "yes"
        },
        {
            "trade_id": "6d154cb0-abe7-40a8-b0fd-a1473028a59d",
            "ticker": "KXHIGHAUS-25FEB10-T55",
            "count": 11,
            "created_time": "2025-02-10T22:02:04.152368Z",
            "yes_price": 94,
            "no_price": 6,
            "taker_side": "yes"
        },
        {
            "trade_id": "15183168-8dd3-43dd-9301-e148a049c007",
            "ticker": "KXHIGHAUS-25FEB10-T55",
            "count": 5,
            "created_time": "2025-02-10T22:02:04.152368Z",
            "yes_price": 94,
            "no_price": 6,
            "taker_side": "yes"
        },
        {
            "trade_id": "5ff3c88b-a8ad-4181-aefd-7a3f92ff94e9",
            "ticker": "KXHIGHAUS-25FEB10-T55",
            "count": 9,
            "created_time": "2025-02-10T22:00:59.346969Z",
            "yes_price": 93,
            "no_price": 7,
            "taker_side": "yes"
        },
        {
            "trade_id": "e7b0be9f-2aad-4ffa-94fd-03e937f77031",
            "ticker": "KXHIGHAUS-25FEB10-T55",
            "count": 3,
            "created_time": "2025-02-10T22:00:22.577091Z",
            "yes_price": 93,
            "no_price": 7,
            "taker_side": "no"
        },
        {
            "trade_id": "b71f6baf-6dc3-4704-a231-40ef65d16956",
            "ticker": "KXHIGHAUS-25FEB10-T55",
            "count": 7,
            "created_time": "2025-02-10T22:00:18.130493Z",
            "yes_price": 93,
            "no_price": 7,
            "taker_side": "yes"
        },
        {
            "trade_id": "1d1872a3-d928-43b0-b8d7-89f02da501a4",
            "ticker": "KXHIGHAUS-25FEB10-T55",
            "count": 5,
            "created_time": "2025-02-10T21:56:04.788833Z",
            "yes_price": 93,
            "no_price": 7,
            "taker_side": "no"
        },
        {
            "trade_id": "e57a5789-51d3-4ead-b68d-f9a8a97ea213",
            "ticker": "KXHIGHAUS-25FEB10-T55",
            "count": 137,
            "created_time": "2025-02-10T21:52:39.851741Z",
            "yes_price": 93,
            "no_price": 7,
            "taker_side": "no"
        },
        {
            "trade_id": "b48a3bb9-cdbe-46a0-b12d-78af139fcee3",
            "ticker": "KXHIGHAUS-25FEB10-T55",
            "count": 316,
            "created_time": "2025-02-10T21:52:39.851741Z",
            "yes_price": 94,
            "no_price": 6,
            "taker_side": "no"
        },
        {
            "trade_id": "708444b6-26a9-4761-a771-8251e6fb6b5c",
            "ticker": "KXHIGHAUS-25FEB10-T55",
            "count": 5,
            "created_time": "2025-02-10T21:52:39.851741Z",
            "yes_price": 94,
            "no_price": 6,
            "taker_side": "no"
        },
        {
            "trade_id": "363e27a6-105e-43fe-93bd-9da2afee89c7",
            "ticker": "KXHIGHAUS-25FEB10-T55",
            "count": 50,
            "created_time": "2025-02-10T21:52:39.851741Z",
            "yes_price": 94,
            "no_price": 6,
            "taker_side": "no"
        },
        {
            "trade_id": "e50c884e-bbf6-46c3-954d-207560dce49e",
            "ticker": "KXHIGHAUS-25FEB10-T55",
            "count": 12,
            "created_time": "2025-02-10T21:50:25.283269Z",
            "yes_price": 94,
            "no_price": 6,
            "taker_side": "no"
        },
        {
            "trade_id": "e62caac5-4cfb-46db-8ec3-dc182c6fc112",
            "ticker": "KXHIGHAUS-25FEB10-T55",
            "count": 12,
            "created_time": "2025-02-10T21:50:24.291045Z",
            "yes_price": 94,
            "no_price": 6,
            "taker_side": "no"
        },
        {
            "trade_id": "8260cf82-30ac-412d-b12a-634071989809",
            "ticker": "KXHIGHAUS-25FEB10-T55",
            "count": 34,
            "created_time": "2025-02-10T21:48:40.32399Z",
            "yes_price": 94,
            "no_price": 6,
            "taker_side": "no"
        },
        {
            "trade_id": "1251b45a-0643-4470-a1ae-18dd8d69de48",
            "ticker": "KXHIGHAUS-25FEB10-T55",
            "count": 13,
            "created_time": "2025-02-10T21:45:21.348837Z",
            "yes_price": 94,
            "no_price": 6,
            "taker_side": "no"
        },
        {
            "trade_id": "9c72955e-f42c-4580-958c-257087a13371",
            "ticker": "KXHIGHAUS-25FEB10-T55",
            "count": 13,
            "created_time": "2025-02-10T21:45:20.416408Z",
            "yes_price": 94,
            "no_price": 6,
            "taker_side": "no"
        },
        {
            "trade_id": "aa29b027-1fe2-4cc0-84cf-160750872794",
            "ticker": "KXHIGHAUS-25FEB10-T55",
            "count": 9,
            "created_time": "2025-02-10T21:45:07.986784Z",
            "yes_price": 95,
            "no_price": 5,
            "taker_side": "yes"
        },
        {
            "trade_id": "e97a2c5d-4158-4958-b1fa-64a2c8bd4eef",
            "ticker": "KXHIGHAUS-25FEB10-T55",
            "count": 50,
            "created_time": "2025-02-10T21:40:31.373692Z",
            "yes_price": 94,
            "no_price": 6,
            "taker_side": "no"
        },
        {
            "trade_id": "195431e2-edbe-4005-bd59-81fb1d7e6019",
            "ticker": "KXHIGHAUS-25FEB10-T55",
            "count": 774,
            "created_time": "2025-02-10T21:40:31.373692Z",
            "yes_price": 94,
            "no_price": 6,
            "taker_side": "no"
        },
        {
            "trade_id": "7e6f22e3-77f9-46d3-8da1-0b02cdde2c91",
            "ticker": "KXHIGHAUS-25FEB10-T55",
            "count": 14,
            "created_time": "2025-02-10T21:40:26.027549Z",
            "yes_price": 94,
            "no_price": 6,
            "taker_side": "no"
        },
        {
            "trade_id": "07e681d8-b47f-460b-84da-fa3c99a382c1",
            "ticker": "KXHIGHAUS-25FEB10-T55",
            "count": 12,
            "created_time": "2025-02-10T21:40:25.131735Z",
            "yes_price": 94,
            "no_price": 6,
            "taker_side": "no"
        },
        {
            "trade_id": "d39436f9-498a-4818-accf-612ba85564ce",
            "ticker": "KXHIGHAUS-25FEB10-T55",
            "count": 50,
            "created_time": "2025-02-10T21:39:48.599315Z",
            "yes_price": 94,
            "no_price": 6,
            "taker_side": "yes"
        },
        {
            "trade_id": "42473b2c-4a40-4212-b267-5f348be40aa6",
            "ticker": "KXHIGHAUS-25FEB10-T55",
            "count": 400,
            "created_time": "2025-02-10T21:39:48.599315Z",
            "yes_price": 94,
            "no_price": 6,
            "taker_side": "yes"
        },
        {
            "trade_id": "e1e1efe8-bad0-4e03-a67d-466b97bff2a4",
            "ticker": "KXHIGHAUS-25FEB10-T55",
            "count": 50,
            "created_time": "2025-02-10T21:37:48.705076Z",
            "yes_price": 90,
            "no_price": 10,
            "taker_side": "no"
        },
        {
            "trade_id": "6699923f-7ba0-4e49-b4d1-d4baf8a383ab",
            "ticker": "KXHIGHAUS-25FEB10-T55",
            "count": 82,
            "created_time": "2025-02-10T21:37:48.705076Z",
            "yes_price": 90,
            "no_price": 10,
            "taker_side": "no"
        },
        {
            "trade_id": "d8fd1f3d-2129-426c-b388-6439fa5ca6c1",
            "ticker": "KXHIGHAUS-25FEB10-T55",
            "count": 179,
            "created_time": "2025-02-10T21:37:04.581333Z",
            "yes_price": 89,
            "no_price": 11,
            "taker_side": "no"
        },
        {
            "trade_id": "d53ac361-7f78-448e-b71b-0a284959897a",
            "ticker": "KXHIGHAUS-25FEB10-T55",
            "count": 50,
            "created_time": "2025-02-10T21:37:04.581333Z",
            "yes_price": 90,
            "no_price": 10,
            "taker_side": "no"
        },
        {
            "trade_id": "bd9a222f-159f-43cf-b807-24d2df672d22",
            "ticker": "KXHIGHAUS-25FEB10-T55",
            "count": 1,
            "created_time": "2025-02-10T21:37:04.581333Z",
            "yes_price": 92,
            "no_price": 8,
            "taker_side": "no"
        },
        {
            "trade_id": "8f14c44f-6227-4cbb-9aec-690d4f9ab654",
            "ticker": "KXHIGHAUS-25FEB10-T55",
            "count": 100,
            "created_time": "2025-02-10T21:37:04.581333Z",
            "yes_price": 91,
            "no_price": 9,
            "taker_side": "no"
        },
        {
            "trade_id": "d8e8b41d-a641-40e8-af1b-d65b0125cb4e",
            "ticker": "KXHIGHAUS-25FEB10-T55",
            "count": 16,
            "created_time": "2025-02-10T21:36:05.094244Z",
            "yes_price": 92,
            "no_price": 8,
            "taker_side": "yes"
        },
        {
            "trade_id": "1728e2c9-9ff9-40b8-85e0-4eefcab148a2",
            "ticker": "KXHIGHAUS-25FEB10-T55",
            "count": 17,
            "created_time": "2025-02-10T21:35:18.716444Z",
            "yes_price": 92,
            "no_price": 8,
            "taker_side": "no"
        },
        {
            "trade_id": "d58acb2b-4cd7-49d2-a16a-dbef9390f0ca",
            "ticker": "KXHIGHAUS-25FEB10-T55",
            "count": 16,
            "created_time": "2025-02-10T21:33:52.032028Z",
            "yes_price": 93,
            "no_price": 7,
            "taker_side": "yes"
        },
        {
            "trade_id": "268f09be-d3c7-4318-ba76-b1de132cd9f8",
            "ticker": "KXHIGHAUS-25FEB10-T55",
            "count": 476,
            "created_time": "2025-02-10T21:32:53.176662Z",
            "yes_price": 92,
            "no_price": 8,
            "taker_side": "no"
        },
        {
            "trade_id": "baa2db8c-a83e-4c54-8894-e4be6c5abc92",
            "ticker": "KXHIGHAUS-25FEB10-T55",
            "count": 7,
            "created_time": "2025-02-10T21:32:44.666476Z",
            "yes_price": 92,
            "no_price": 8,
            "taker_side": "yes"
        },
        {
            "trade_id": "1da6fbf8-4cdc-40a2-b59b-01b8963c969b",
            "ticker": "KXHIGHAUS-25FEB10-T55",
            "count": 17,
            "created_time": "2025-02-10T21:32:44.666476Z",
            "yes_price": 92,
            "no_price": 8,
            "taker_side": "yes"
        },
        {
            "trade_id": "ba41febb-746a-47c5-a72d-38558cff6237",
            "ticker": "KXHIGHAUS-25FEB10-T55",
            "count": 117,
            "created_time": "2025-02-10T21:32:42.889363Z",
            "yes_price": 90,
            "no_price": 10,
            "taker_side": "no"
        },
        {
            "trade_id": "b7834e24-9ed9-4af9-8d06-7c115ada877d",
            "ticker": "KXHIGHAUS-25FEB10-T55",
            "count": 50,
            "created_time": "2025-02-10T21:32:42.889363Z",
            "yes_price": 91,
            "no_price": 9,
            "taker_side": "no"
        },
        {
            "trade_id": "26eb0ce1-75b3-4f48-8b7a-adbfb805bd6a",
            "ticker": "KXHIGHAUS-25FEB10-T55",
            "count": 16,
            "created_time": "2025-02-10T21:30:19.492142Z",
            "yes_price": 91,
            "no_price": 9,
            "taker_side": "no"
        },
        {
            "trade_id": "1a864fb0-4600-42cb-b166-41bdc783c627",
            "ticker": "KXHIGHAUS-25FEB10-T55",
            "count": 10,
            "created_time": "2025-02-10T21:27:28.031435Z",
            "yes_price": 92,
            "no_price": 8,
            "taker_side": "yes"
        },
        {
            "trade_id": "03d936a5-af07-4ba5-8d7b-2973691a1f88",
            "ticker": "KXHIGHAUS-25FEB10-T55",
            "count": 33,
            "created_time": "2025-02-10T21:26:06.835099Z",
            "yes_price": 90,
            "no_price": 10,
            "taker_side": "yes"
        },
        {
            "trade_id": "e2760eb4-d88d-4774-a9a0-e6e3c8e22e28",
            "ticker": "KXHIGHAUS-25FEB10-T55",
            "count": 14,
            "created_time": "2025-02-10T21:25:39.292078Z",
            "yes_price": 87,
            "no_price": 13,
            "taker_side": "yes"
        },
        {
            "trade_id": "275975bc-4792-4178-bf8a-c4f6563576a8",
            "ticker": "KXHIGHAUS-25FEB10-T55",
            "count": 7,
            "created_time": "2025-02-10T21:25:39.292078Z",
            "yes_price": 90,
            "no_price": 10,
            "taker_side": "yes"
        },
        {
            "trade_id": "c8a8bfcb-095c-47c1-8670-bc04810a8b56",
            "ticker": "KXHIGHAUS-25FEB10-T55",
            "count": 1,
            "created_time": "2025-02-10T21:23:31.566391Z",
            "yes_price": 89,
            "no_price": 11,
            "taker_side": "yes"
        },
        {
            "trade_id": "9ea40197-3b5d-4ebe-b0f3-e66ea42589e4",
            "ticker": "KXHIGHAUS-25FEB10-T55",
            "count": 14,
            "created_time": "2025-02-10T21:23:31.566391Z",
            "yes_price": 90,
            "no_price": 10,
            "taker_side": "yes"
        },
        {
            "trade_id": "99be2fc6-0dbc-48cc-bbcc-59bda482817e",
            "ticker": "KXHIGHAUS-25FEB10-T55",
            "count": 14,
            "created_time": "2025-02-10T21:22:52.383235Z",
            "yes_price": 87,
            "no_price": 13,
            "taker_side": "yes"
        },
        {
            "trade_id": "b2e0a2db-6c03-4ffb-870a-fe3a2b5c3e44",
            "ticker": "KXHIGHAUS-25FEB10-T55",
            "count": 1,
            "created_time": "2025-02-10T21:21:43.973263Z",
            "yes_price": 86,
            "no_price": 14,
            "taker_side": "yes"
        },
        {
            "trade_id": "5a2ecc2e-c871-4cd4-a82d-6c9db7b75f59",
            "ticker": "KXHIGHAUS-25FEB10-T55",
            "count": 7,
            "created_time": "2025-02-10T21:19:15.341455Z",
            "yes_price": 83,
            "no_price": 17,
            "taker_side": "yes"
        },
        {
            "trade_id": "b85288d1-123f-492a-8235-b8deb3296622",
            "ticker": "KXHIGHAUS-25FEB10-T55",
            "count": 2,
            "created_time": "2025-02-10T21:19:09.458189Z",
            "yes_price": 83,
            "no_price": 17,
            "taker_side": "yes"
        },
        {
            "trade_id": "9f2167b4-3c8e-4205-8202-57cbaaaebf20",
            "ticker": "KXHIGHAUS-25FEB10-T55",
            "count": 2,
            "created_time": "2025-02-10T21:17:05.596081Z",
            "yes_price": 83,
            "no_price": 17,
            "taker_side": "yes"
        },
        {
            "trade_id": "2f5df8df-2453-4b26-ac37-13f4f4c64d09",
            "ticker": "KXHIGHAUS-25FEB10-T55",
            "count": 1,
            "created_time": "2025-02-10T21:17:04.373693Z",
            "yes_price": 83,
            "no_price": 17,
            "taker_side": "yes"
        },
        {
            "trade_id": "2172683f-40e0-49f4-be43-a10bdcd12399",
            "ticker": "KXHIGHAUS-25FEB10-T55",
            "count": 4,
            "created_time": "2025-02-10T21:12:35.520818Z",
            "yes_price": 83,
            "no_price": 17,
            "taker_side": "yes"
        },
        {
            "trade_id": "d88a39f6-7077-445f-b6ea-c749fdd9c4fd",
            "ticker": "KXHIGHAUS-25FEB10-T55",
            "count": 1,
            "created_time": "2025-02-10T21:08:24.046067Z",
            "yes_price": 82,
            "no_price": 18,
            "taker_side": "yes"
        },
        {
            "trade_id": "fe0f4d4f-2a42-4d85-baa0-35f5744903d1",
            "ticker": "KXHIGHAUS-25FEB10-T55",
            "count": 13,
            "created_time": "2025-02-10T21:05:22.005479Z",
            "yes_price": 83,
            "no_price": 17,
            "taker_side": "yes"
        },
        {
            "trade_id": "d3d8ddca-469b-49df-b458-fa2819e32b45",
            "ticker": "KXHIGHAUS-25FEB10-T55",
            "count": 1,
            "created_time": "2025-02-10T21:05:22.005479Z",
            "yes_price": 82,
            "no_price": 18,
            "taker_side": "yes"
        },
        {
            "trade_id": "bc304eaa-f3f8-4ce0-a72f-8a1728af1406",
            "ticker": "KXHIGHAUS-25FEB10-T55",
            "count": 10,
            "created_time": "2025-02-10T21:05:22.005479Z",
            "yes_price": 85,
            "no_price": 15,
            "taker_side": "yes"
        },
        {
            "trade_id": "8c08eab6-6855-48b1-bea3-3bb88c8c8abf",
            "ticker": "KXHIGHAUS-25FEB10-T55",
            "count": 3,
            "created_time": "2025-02-10T21:00:50.367914Z",
            "yes_price": 83,
            "no_price": 17,
            "taker_side": "yes"
        },
        {
            "trade_id": "fe2c8dc0-d83a-48f9-9fcc-b39b0c0714dc",
            "ticker": "KXHIGHAUS-25FEB10-T55",
            "count": 22,
            "created_time": "2025-02-10T20:52:14.137138Z",
            "yes_price": 88,
            "no_price": 12,
            "taker_side": "yes"
        },
        {
            "trade_id": "d3718804-f09c-460f-b023-5a9e6777b587",
            "ticker": "KXHIGHAUS-25FEB10-T55",
            "count": 8,
            "created_time": "2025-02-10T20:52:14.137138Z",
            "yes_price": 85,
            "no_price": 15,
            "taker_side": "yes"
        },
        {
            "trade_id": "7e44a9dd-d21d-4a24-8d7a-8a130334a9fc",
            "ticker": "KXHIGHAUS-25FEB10-T55",
            "count": 16,
            "created_time": "2025-02-10T20:52:14.137138Z",
            "yes_price": 82,
            "no_price": 18,
            "taker_side": "yes"
        },
        {
            "trade_id": "17fead92-7f46-48cb-b214-97f0c8a4d6c3",
            "ticker": "KXHIGHAUS-25FEB10-T55",
            "count": 50,
            "created_time": "2025-02-10T20:52:14.137138Z",
            "yes_price": 89,
            "no_price": 11,
            "taker_side": "yes"
        },
        {
            "trade_id": "08c4798a-ab22-4a03-907b-7388a82ac86a",
            "ticker": "KXHIGHAUS-25FEB10-T55",
            "count": 17,
            "created_time": "2025-02-10T20:52:14.137138Z",
            "yes_price": 90,
            "no_price": 10,
            "taker_side": "yes"
        },
        {
            "trade_id": "de7f5841-f385-427b-9898-bb62eff00887",
            "ticker": "KXHIGHAUS-25FEB10-T55",
            "count": 2,
            "created_time": "2025-02-10T20:49:09.448348Z",
            "yes_price": 79,
            "no_price": 21,
            "taker_side": "no"
        },
        {
            "trade_id": "c1a1b913-f133-47d7-98a9-4a240c6c4409",
            "ticker": "KXHIGHAUS-25FEB10-T55",
            "count": 2,
            "created_time": "2025-02-10T20:49:09.448348Z",
            "yes_price": 80,
            "no_price": 20,
            "taker_side": "no"
        },
        {
            "trade_id": "a5249fb9-51e9-49cd-bbc3-f088abc0ed97",
            "ticker": "KXHIGHAUS-25FEB10-T55",
            "count": 17,
            "created_time": "2025-02-10T20:46:09.19534Z",
            "yes_price": 82,
            "no_price": 18,
            "taker_side": "yes"
        },
        {
            "trade_id": "7f69afc5-fd69-4d33-8671-2540c6ee8d39",
            "ticker": "KXHIGHAUS-25FEB10-T55",
            "count": 1,
            "created_time": "2025-02-10T20:46:09.19534Z",
            "yes_price": 81,
            "no_price": 19,
            "taker_side": "yes"
        },
        {
            "trade_id": "1ccf08e3-854a-4d75-89ba-6bf89e561b96",
            "ticker": "KXHIGHAUS-25FEB10-T55",
            "count": 40,
            "created_time": "2025-02-10T20:46:09.19534Z",
            "yes_price": 85,
            "no_price": 15,
            "taker_side": "yes"
        },
        {
            "trade_id": "f69b4d00-edb0-442f-bd3c-0f05fd4aac57",
            "ticker": "KXHIGHAUS-25FEB10-T55",
            "count": 1,
            "created_time": "2025-02-10T20:45:33.870969Z",
            "yes_price": 81,
            "no_price": 19,
            "taker_side": "yes"
        },
        {
            "trade_id": "dfbb2822-44c1-4cfd-a126-d91f6833aeb1",
            "ticker": "KXHIGHAUS-25FEB10-T55",
            "count": 2,
            "created_time": "2025-02-10T20:41:20.796232Z",
            "yes_price": 80,
            "no_price": 20,
            "taker_side": "no"
        },
        {
            "trade_id": "3e86762b-06ac-49bc-af0e-8d00dd82749f",
            "ticker": "KXHIGHAUS-25FEB10-T55",
            "count": 149,
            "created_time": "2025-02-10T20:41:20.796232Z",
            "yes_price": 78,
            "no_price": 22,
            "taker_side": "no"
        },
        {
            "trade_id": "0cc3c098-76c0-4135-9883-d0dea0bffb8c",
            "ticker": "KXHIGHAUS-25FEB10-T55",
            "count": 17,
            "created_time": "2025-02-10T20:40:42.191632Z",
            "yes_price": 81,
            "no_price": 19,
            "taker_side": "yes"
        },
        {
            "trade_id": "05376a47-410c-4d2f-82bf-33f55a9d6b53",
            "ticker": "KXHIGHAUS-25FEB10-T55",
            "count": 2,
            "created_time": "2025-02-10T20:40:13.276406Z",
            "yes_price": 84,
            "no_price": 16,
            "taker_side": "yes"
        },
        {
            "trade_id": "2747ce73-f8fc-4322-9b77-0dd7d4ff23d2",
            "ticker": "KXHIGHAUS-25FEB10-T55",
            "count": 17,
            "created_time": "2025-02-10T20:36:45.499578Z",
            "yes_price": 81,
            "no_price": 19,
            "taker_side": "yes"
        },
        {
            "trade_id": "ff48d02b-4bef-4dbf-83e8-540b95df16f9",
            "ticker": "KXHIGHAUS-25FEB10-T55",
            "count": 18,
            "created_time": "2025-02-10T20:34:09.696083Z",
            "yes_price": 80,
            "no_price": 20,
            "taker_side": "yes"
        },
        {
            "trade_id": "e6f8c48f-359b-4c4b-9752-d2c7d650af6e",
            "ticker": "KXHIGHAUS-25FEB10-T55",
            "count": 14,
            "created_time": "2025-02-10T20:28:13.705336Z",
            "yes_price": 79,
            "no_price": 21,
            "taker_side": "yes"
        },
        {
            "trade_id": "7363e8ee-f672-406c-ac77-6d7b01a35e3a",
            "ticker": "KXHIGHAUS-25FEB10-T55",
            "count": 4,
            "created_time": "2025-02-10T20:20:22.659906Z",
            "yes_price": 79,
            "no_price": 21,
            "taker_side": "no"
        },
        {
            "trade_id": "9502901a-3894-4be4-b80c-487bbbb96bb0",
            "ticker": "KXHIGHAUS-25FEB10-T55",
            "count": 100,
            "created_time": "2025-02-10T20:18:06.180547Z",
            "yes_price": 87,
            "no_price": 13,
            "taker_side": "no"
        },
        {
            "trade_id": "3a5f44ea-aed3-4bb0-852e-72b982ed022c",
            "ticker": "KXHIGHAUS-25FEB10-T55",
            "count": 1,
            "created_time": "2025-02-10T20:17:46.606706Z",
            "yes_price": 83,
            "no_price": 17,
            "taker_side": "yes"
        },
        {
            "trade_id": "b8f6c9a9-dec6-4b41-bf21-521f56cec588",
            "ticker": "KXHIGHAUS-25FEB10-T55",
            "count": 9,
            "created_time": "2025-02-10T20:15:23.664754Z",
            "yes_price": 83,
            "no_price": 17,
            "taker_side": "no"
        },
        {
            "trade_id": "47d4ef26-2016-495d-8263-c82f6ba8942f",
            "ticker": "KXHIGHAUS-25FEB10-T55",
            "count": 15,
            "created_time": "2025-02-10T20:15:23.664754Z",
            "yes_price": 83,
            "no_price": 17,
            "taker_side": "no"
        },
        {
            "trade_id": "947cefd3-addf-405a-bb8d-8cae32fc768a",
            "ticker": "KXHIGHAUS-25FEB10-T55",
            "count": 1,
            "created_time": "2025-02-10T20:14:56.508755Z",
            "yes_price": 81,
            "no_price": 19,
            "taker_side": "yes"
        },
        {
            "trade_id": "d935b0e1-822a-4034-8332-eb3b45bb6188",
            "ticker": "KXHIGHAUS-25FEB10-T55",
            "count": 1,
            "created_time": "2025-02-10T20:14:02.090701Z",
            "yes_price": 79,
            "no_price": 21,
            "taker_side": "no"
        },
        {
            "trade_id": "3e7ef659-73e8-47ae-946b-70f671936417",
            "ticker": "KXHIGHAUS-25FEB10-T55",
            "count": 2,
            "created_time": "2025-02-10T20:13:12.769752Z",
            "yes_price": 81,
            "no_price": 19,
            "taker_side": "yes"
        },
        {
            "trade_id": "bf8a199e-a672-47a5-b5dc-3682f8f73950",
            "ticker": "KXHIGHAUS-25FEB10-T55",
            "count": 4,
            "created_time": "2025-02-10T20:10:35.172673Z",
            "yes_price": 76,
            "no_price": 24,
            "taker_side": "no"
        },
        {
            "trade_id": "872612f8-71e7-4b33-8818-d9c4b9202c28",
            "ticker": "KXHIGHAUS-25FEB10-T55",
            "count": 10,
            "created_time": "2025-02-10T20:10:35.172673Z",
            "yes_price": 76,
            "no_price": 24,
            "taker_side": "no"
        },
        {
            "trade_id": "5046896a-0ec1-4318-80eb-97767c69d3fc",
            "ticker": "KXHIGHAUS-25FEB10-T55",
            "count": 25,
            "created_time": "2025-02-10T20:10:35.172673Z",
            "yes_price": 76,
            "no_price": 24,
            "taker_side": "no"
        },
        {
            "trade_id": "304728e0-55fa-40bb-bcd2-9b1c3af00c6e",
            "ticker": "KXHIGHAUS-25FEB10-T55",
            "count": 20,
            "created_time": "2025-02-10T20:10:35.172673Z",
            "yes_price": 76,
            "no_price": 24,
            "taker_side": "no"
        },
        {
            "trade_id": "8f00e82e-d40a-428a-92e4-9592691613f2",
            "ticker": "KXHIGHAUS-25FEB10-T55",
            "count": 35,
            "created_time": "2025-02-10T20:10:16.054147Z",
            "yes_price": 86,
            "no_price": 14,
            "taker_side": "no"
        },
        {
            "trade_id": "e569db91-55f9-48dc-a2ca-4b1e794e1f38",
            "ticker": "KXHIGHAUS-25FEB10-T55",
            "count": 32,
            "created_time": "2025-02-10T20:08:51.144996Z",
            "yes_price": 89,
            "no_price": 11,
            "taker_side": "yes"
        },
        {
            "trade_id": "e37f51af-d327-4403-8730-3b78687bf8cd",
            "ticker": "KXHIGHAUS-25FEB10-T55",
            "count": 16,
            "created_time": "2025-02-10T20:08:51.144996Z",
            "yes_price": 90,
            "no_price": 10,
            "taker_side": "yes"
        },
        {
            "trade_id": "bdcc6492-b5f6-41d0-a17e-611914c20961",
            "ticker": "KXHIGHAUS-25FEB10-T55",
            "count": 2,
            "created_time": "2025-02-10T20:08:51.144996Z",
            "yes_price": 88,
            "no_price": 12,
            "taker_side": "yes"
        },
        {
            "trade_id": "316d2891-e637-4140-b290-26186cb45f83",
            "ticker": "KXHIGHAUS-25FEB10-T55",
            "count": 9,
            "created_time": "2025-02-10T20:08:51.144996Z",
            "yes_price": 74,
            "no_price": 26,
            "taker_side": "yes"
        },
        {
            "trade_id": "85a62dfd-ad6e-4470-bd9d-d2954583dbf9",
            "ticker": "KXHIGHAUS-25FEB10-T55",
            "count": 3,
            "created_time": "2025-02-10T20:05:46.142938Z",
            "yes_price": 74,
            "no_price": 26,
            "taker_side": "yes"
        },
        {
            "trade_id": "e7f02c65-fce7-423f-8aeb-ce9f77a8421c",
            "ticker": "KXHIGHAUS-25FEB10-T55",
            "count": 8,
            "created_time": "2025-02-10T20:05:18.888534Z",
            "yes_price": 74,
            "no_price": 26,
            "taker_side": "no"
        },
        {
            "trade_id": "f8754307-1540-4e86-b777-379e8764dd15",
            "ticker": "KXHIGHAUS-25FEB10-T55",
            "count": 20,
            "created_time": "2025-02-10T19:58:31.693305Z",
            "yes_price": 74,
            "no_price": 26,
            "taker_side": "yes"
        },
        {
            "trade_id": "ef99eac6-c927-4d24-9631-e0bad2184ef1",
            "ticker": "KXHIGHAUS-25FEB10-T55",
            "count": 18,
            "created_time": "2025-02-10T19:58:31.693305Z",
            "yes_price": 80,
            "no_price": 20,
            "taker_side": "yes"
        },
        {
            "trade_id": "bb0ee02e-e38a-404c-8339-798bf4e98909",
            "ticker": "KXHIGHAUS-25FEB10-T55",
            "count": 146,
            "created_time": "2025-02-10T19:58:31.693305Z",
            "yes_price": 85,
            "no_price": 15,
            "taker_side": "yes"
        },
        {
            "trade_id": "b018d9ac-b31e-42f2-843e-48c434ebc492",
            "ticker": "KXHIGHAUS-25FEB10-T55",
            "count": 40,
            "created_time": "2025-02-10T19:54:02.309652Z",
            "yes_price": 79,
            "no_price": 21,
            "taker_side": "yes"
        },
        {
            "trade_id": "9704665b-a901-425d-8c56-19555b7f65ae",
            "ticker": "KXHIGHAUS-25FEB10-T55",
            "count": 1,
            "created_time": "2025-02-10T19:54:02.309652Z",
            "yes_price": 72,
            "no_price": 28,
            "taker_side": "yes"
        },
        {
            "trade_id": "96cadcc9-4bde-41aa-a7ef-6a40279d4e7c",
            "ticker": "KXHIGHAUS-25FEB10-T55",
            "count": 20,
            "created_time": "2025-02-10T19:54:02.309652Z",
            "yes_price": 72,
            "no_price": 28,
            "taker_side": "yes"
        },
        {
            "trade_id": "7cdab8df-61fc-4c5e-be5d-4ffc31922173",
            "ticker": "KXHIGHAUS-25FEB10-T55",
            "count": 11,
            "created_time": "2025-02-10T19:54:02.309652Z",
            "yes_price": 80,
            "no_price": 20,
            "taker_side": "yes"
        },
        {
            "trade_id": "690f290c-7101-4d0f-a8c3-5fd7ccc017c0",
            "ticker": "KXHIGHAUS-25FEB10-T55",
            "count": 21,
            "created_time": "2025-02-10T19:54:02.309652Z",
            "yes_price": 73,
            "no_price": 27,
            "taker_side": "yes"
        },
        {
            "trade_id": "5942d71f-c252-4568-bbcd-a6b0d797d94a",
            "ticker": "KXHIGHAUS-25FEB10-T55",
            "count": 1,
            "created_time": "2025-02-10T19:54:02.309652Z",
            "yes_price": 72,
            "no_price": 28,
            "taker_side": "yes"
        },
        {
            "trade_id": "0531e492-198e-4c5d-a120-268f2d88e65b",
            "ticker": "KXHIGHAUS-25FEB10-T55",
            "count": 1,
            "created_time": "2025-02-10T19:50:07.900964Z",
            "yes_price": 72,
            "no_price": 28,
            "taker_side": "no"
        },
        {
            "trade_id": "e85fc75b-80ae-4fa2-b871-75047d415bf1",
            "ticker": "KXHIGHAUS-25FEB10-T55",
            "count": 21,
            "created_time": "2025-02-10T19:49:32.753299Z",
            "yes_price": 73,
            "no_price": 27,
            "taker_side": "yes"
        },
        {
            "trade_id": "4f0de630-9124-48ef-a1ea-8000f1538a9c",
            "ticker": "KXHIGHAUS-25FEB10-T55",
            "count": 71,
            "created_time": "2025-02-10T19:49:32.753299Z",
            "yes_price": 74,
            "no_price": 26,
            "taker_side": "yes"
        },
        {
            "trade_id": "1b4fdb0e-b308-4cf8-b59d-f5d297b7089a",
            "ticker": "KXHIGHAUS-25FEB10-T55",
            "count": 1,
            "created_time": "2025-02-10T19:49:32.753299Z",
            "yes_price": 72,
            "no_price": 28,
            "taker_side": "yes"
        },
        {
            "trade_id": "d044a719-2efa-44d4-b746-3fd08dd0210e",
            "ticker": "KXHIGHAUS-25FEB10-T55",
            "count": 39,
            "created_time": "2025-02-10T19:48:18.543468Z",
            "yes_price": 72,
            "no_price": 28,
            "taker_side": "yes"
        },
        {
            "trade_id": "483795f3-2a46-49d5-82d8-493e8f85eaa9",
            "ticker": "KXHIGHAUS-25FEB10-T55",
            "count": 1,
            "created_time": "2025-02-10T19:48:18.543468Z",
            "yes_price": 70,
            "no_price": 30,
            "taker_side": "yes"
        },
        {
            "trade_id": "337afb86-b54c-4b6f-a2cb-fd1864003ea9",
            "ticker": "KXHIGHAUS-25FEB10-T55",
            "count": 4,
            "created_time": "2025-02-10T19:47:17.173985Z",
            "yes_price": 69,
            "no_price": 31,
            "taker_side": "no"
        },
        {
            "trade_id": "800e249e-15a9-490c-81dd-cefc7c8a1ef6",
            "ticker": "KXHIGHAUS-25FEB10-T55",
            "count": 1,
            "created_time": "2025-02-10T19:46:10.9296Z",
            "yes_price": 72,
            "no_price": 28,
            "taker_side": "yes"
        },
        {
            "trade_id": "c87fcb3a-8263-4419-9923-694a262a5911",
            "ticker": "KXHIGHAUS-25FEB10-T55",
            "count": 1,
            "created_time": "2025-02-10T19:45:50.810886Z",
            "yes_price": 72,
            "no_price": 28,
            "taker_side": "yes"
        },
        {
            "trade_id": "c163dc2f-3980-462c-8f42-67625cb03725",
            "ticker": "KXHIGHAUS-25FEB10-T55",
            "count": 20,
            "created_time": "2025-02-10T19:45:28.478294Z",
            "yes_price": 70,
            "no_price": 30,
            "taker_side": "yes"
        },
        {
            "trade_id": "6c97d334-a15a-4b3e-9ff3-a018827152e2",
            "ticker": "KXHIGHAUS-25FEB10-T55",
            "count": 30,
            "created_time": "2025-02-10T19:45:28.478294Z",
            "yes_price": 73,
            "no_price": 27,
            "taker_side": "yes"
        },
        {
            "trade_id": "f0e7d744-6951-47c1-ab35-fa8ff0a46504",
            "ticker": "KXHIGHAUS-25FEB10-T55",
            "count": 20,
            "created_time": "2025-02-10T19:42:03.224735Z",
            "yes_price": 69,
            "no_price": 31,
            "taker_side": "yes"
        },
        {
            "trade_id": "e68de4fd-3ecf-4e5d-9a92-e67d889e04f2",
            "ticker": "KXHIGHAUS-25FEB10-T55",
            "count": 4,
            "created_time": "2025-02-10T19:42:03.224735Z",
            "yes_price": 67,
            "no_price": 33,
            "taker_side": "yes"
        },
        {
            "trade_id": "e0bb5dc3-f6ac-4e41-af9b-9947695db06d",
            "ticker": "KXHIGHAUS-25FEB10-T55",
            "count": 44,
            "created_time": "2025-02-10T19:42:03.224735Z",
            "yes_price": 69,
            "no_price": 31,
            "taker_side": "yes"
        },
        {
            "trade_id": "4f157232-a130-4d1b-864f-5007c6d395a7",
            "ticker": "KXHIGHAUS-25FEB10-T55",
            "count": 53,
            "created_time": "2025-02-10T19:42:03.224735Z",
            "yes_price": 85,
            "no_price": 15,
            "taker_side": "yes"
        },
        {
            "trade_id": "4e4d31dc-0a01-483d-8a88-8d6b08dca103",
            "ticker": "KXHIGHAUS-25FEB10-T55",
            "count": 21,
            "created_time": "2025-02-10T19:42:03.224735Z",
            "yes_price": 72,
            "no_price": 28,
            "taker_side": "yes"
        },
        {
            "trade_id": "387dbb30-dfba-4258-bd23-4a5728ed71c2",
            "ticker": "KXHIGHAUS-25FEB10-T55",
            "count": 43,
            "created_time": "2025-02-10T19:42:03.224735Z",
            "yes_price": 70,
            "no_price": 30,
            "taker_side": "yes"
        },
        {
            "trade_id": "5dedb4a0-ec27-4a98-8583-eb9abd33d312",
            "ticker": "KXHIGHAUS-25FEB10-T55",
            "count": 1,
            "created_time": "2025-02-10T19:41:45.137025Z",
            "yes_price": 61,
            "no_price": 39,
            "taker_side": "no"
        },
        {
            "trade_id": "099a3816-5559-4024-be22-a0a21b8b0a46",
            "ticker": "KXHIGHAUS-25FEB10-T55",
            "count": 5,
            "created_time": "2025-02-10T19:39:47.065103Z",
            "yes_price": 69,
            "no_price": 31,
            "taker_side": "yes"
        },
        {
            "trade_id": "76106158-f796-4ece-804f-ed6d7f92495c",
            "ticker": "KXHIGHAUS-25FEB10-T55",
            "count": 1,
            "created_time": "2025-02-10T19:39:46.845475Z",
            "yes_price": 69,
            "no_price": 31,
            "taker_side": "yes"
        },
        {
            "trade_id": "9ff2643c-9ee9-4c1b-9126-5a80542fe042",
            "ticker": "KXHIGHAUS-25FEB10-T55",
            "count": 25,
            "created_time": "2025-02-10T19:39:13.693167Z",
            "yes_price": 70,
            "no_price": 30,
            "taker_side": "yes"
        },
        {
            "trade_id": "1252d4ee-7809-4e4e-b771-3b9ff040f05b",
            "ticker": "KXHIGHAUS-25FEB10-T55",
            "count": 3,
            "created_time": "2025-02-10T19:39:13.693167Z",
            "yes_price": 69,
            "no_price": 31,
            "taker_side": "yes"
        },
        {
            "trade_id": "c8995099-5e51-40b8-877a-949dc6373ba7",
            "ticker": "KXHIGHAUS-25FEB10-T55",
            "count": 1,
            "created_time": "2025-02-10T19:39:04.44877Z",
            "yes_price": 69,
            "no_price": 31,
            "taker_side": "yes"
        },
        {
            "trade_id": "8bfb6561-5174-4245-8519-b5670e9a0169",
            "ticker": "KXHIGHAUS-25FEB10-T55",
            "count": 32,
            "created_time": "2025-02-10T19:38:32.09998Z",
            "yes_price": 70,
            "no_price": 30,
            "taker_side": "yes"
        },
        {
            "trade_id": "65218b1a-8a8c-4a84-a4ab-499e2ecab2fd",
            "ticker": "KXHIGHAUS-25FEB10-T55",
            "count": 3,
            "created_time": "2025-02-10T19:38:32.09998Z",
            "yes_price": 69,
            "no_price": 31,
            "taker_side": "yes"
        },
        {
            "trade_id": "e3497759-f2a7-41cd-9847-f39a5e6ed44b",
            "ticker": "KXHIGHAUS-25FEB10-T55",
            "count": 4,
            "created_time": "2025-02-10T19:38:27.393155Z",
            "yes_price": 70,
            "no_price": 30,
            "taker_side": "yes"
        },
        {
            "trade_id": "8dbf28c6-909c-44cb-9a3c-1fa37d71bec7",
            "ticker": "KXHIGHAUS-25FEB10-T55",
            "count": 39,
            "created_time": "2025-02-10T19:38:24.350939Z",
            "yes_price": 70,
            "no_price": 30,
            "taker_side": "yes"
        },
        {
            "trade_id": "04c58043-590e-45e6-ad87-7eb18d9eaaba",
            "ticker": "KXHIGHAUS-25FEB10-T55",
            "count": 5,
            "created_time": "2025-02-10T19:38:24.350939Z",
            "yes_price": 69,
            "no_price": 31,
            "taker_side": "yes"
        },
        {
            "trade_id": "e90e511e-d470-46da-8a7c-54b2004c1ccb",
            "ticker": "KXHIGHAUS-25FEB10-T55",
            "count": 1,
            "created_time": "2025-02-10T19:37:53.204114Z",
            "yes_price": 55,
            "no_price": 45,
            "taker_side": "no"
        },
        {
            "trade_id": "834d771c-20ab-4f16-86a4-95c717024b7b",
            "ticker": "KXHIGHAUS-25FEB10-T55",
            "count": 18,
            "created_time": "2025-02-10T19:37:52.122451Z",
            "yes_price": 69,
            "no_price": 31,
            "taker_side": "yes"
        },
        {
            "trade_id": "7d4a97b7-3535-414f-bfb5-4667912be942",
            "ticker": "KXHIGHAUS-25FEB10-T55",
            "count": 1,
            "created_time": "2025-02-10T19:37:52.122451Z",
            "yes_price": 64,
            "no_price": 36,
            "taker_side": "yes"
        },
        {
            "trade_id": "77306ad7-9f86-458f-969a-6a1d76312ffa",
            "ticker": "KXHIGHAUS-25FEB10-T55",
            "count": 6,
            "created_time": "2025-02-10T19:35:55.116955Z",
            "yes_price": 67,
            "no_price": 33,
            "taker_side": "yes"
        },
        {
            "trade_id": "5a099026-5805-4596-b15a-82440f388267",
            "ticker": "KXHIGHAUS-25FEB10-T55",
            "count": 95,
            "created_time": "2025-02-10T19:35:55.116955Z",
            "yes_price": 70,
            "no_price": 30,
            "taker_side": "yes"
        },
        {
            "trade_id": "1ff9d9c1-328e-42bf-92a5-2d018d1bdefa",
            "ticker": "KXHIGHAUS-25FEB10-T55",
            "count": 20,
            "created_time": "2025-02-10T19:35:55.116955Z",
            "yes_price": 68,
            "no_price": 32,
            "taker_side": "yes"
        },
        {
            "trade_id": "eb0fb9ee-1279-48b2-ba00-ab72380eeb4e",
            "ticker": "KXHIGHAUS-25FEB10-T55",
            "count": 20,
            "created_time": "2025-02-10T19:35:21.528429Z",
            "yes_price": 66,
            "no_price": 34,
            "taker_side": "yes"
        },
        {
            "trade_id": "82dff076-fb5c-4a98-ab01-472f891da335",
            "ticker": "KXHIGHAUS-25FEB10-T55",
            "count": 48,
            "created_time": "2025-02-10T19:35:21.528429Z",
            "yes_price": 69,
            "no_price": 31,
            "taker_side": "yes"
        },
        {
            "trade_id": "55a9e881-c67e-4827-a641-6f939bd49365",
            "ticker": "KXHIGHAUS-25FEB10-T55",
            "count": 10,
            "created_time": "2025-02-10T19:35:21.528429Z",
            "yes_price": 56,
            "no_price": 44,
            "taker_side": "yes"
        },
        {
            "trade_id": "3fc32de6-04b8-4f4d-843e-ead387bcc862",
            "ticker": "KXHIGHAUS-25FEB10-T55",
            "count": 50,
            "created_time": "2025-02-10T19:35:21.528429Z",
            "yes_price": 57,
            "no_price": 43,
            "taker_side": "yes"
        },
        {
            "trade_id": "284e6131-fc19-4dbc-9349-82b2480b1f6e",
            "ticker": "KXHIGHAUS-25FEB10-T55",
            "count": 23,
            "created_time": "2025-02-10T19:35:21.528429Z",
            "yes_price": 56,
            "no_price": 44,
            "taker_side": "yes"
        },
        {
            "trade_id": "a6b72df5-e3ca-4fd5-97cb-d0790f63d439",
            "ticker": "KXHIGHAUS-25FEB10-T55",
            "count": 7,
            "created_time": "2025-02-10T19:34:53.688925Z",
            "yes_price": 56,
            "no_price": 44,
            "taker_side": "yes"
        },
        {
            "trade_id": "feb55880-830d-49e9-85ba-cdddc14a09bd",
            "ticker": "KXHIGHAUS-25FEB10-T55",
            "count": 50,
            "created_time": "2025-02-10T19:25:46.076048Z",
            "yes_price": 54,
            "no_price": 46,
            "taker_side": "no"
        },
        {
            "trade_id": "7a3222c3-2175-4fab-8119-3e2fcc92924c",
            "ticker": "KXHIGHAUS-25FEB10-T55",
            "count": 50,
            "created_time": "2025-02-10T19:22:14.166009Z",
            "yes_price": 60,
            "no_price": 40,
            "taker_side": "yes"
        },
        {
            "trade_id": "e1b8b2da-118e-4760-9e3d-51a72f93d548",
            "ticker": "KXHIGHAUS-25FEB10-T55",
            "count": 150,
            "created_time": "2025-02-10T19:22:00.778585Z",
            "yes_price": 60,
            "no_price": 40,
            "taker_side": "yes"
        },
        {
            "trade_id": "2024535a-e107-4655-9b06-a9e5c6cbf52c",
            "ticker": "KXHIGHAUS-25FEB10-T55",
            "count": 9,
            "created_time": "2025-02-10T19:18:24.166905Z",
            "yes_price": 65,
            "no_price": 35,
            "taker_side": "yes"
        },
        {
            "trade_id": "ff81df56-78a9-40d9-b9b4-7277c696503d",
            "ticker": "KXHIGHAUS-25FEB10-T55",
            "count": 100,
            "created_time": "2025-02-10T19:12:55.617729Z",
            "yes_price": 63,
            "no_price": 37,
            "taker_side": "yes"
        },
        {
            "trade_id": "ddf6348d-f71f-45f5-b30e-2ee22290323f",
            "ticker": "KXHIGHAUS-25FEB10-T55",
            "count": 11,
            "created_time": "2025-02-10T19:12:55.617729Z",
            "yes_price": 64,
            "no_price": 36,
            "taker_side": "yes"
        },
        {
            "trade_id": "229ef081-968d-4dfb-a5e4-47bc8a352c59",
            "ticker": "KXHIGHAUS-25FEB10-T55",
            "count": 50,
            "created_time": "2025-02-10T19:12:44.92064Z",
            "yes_price": 62,
            "no_price": 38,
            "taker_side": "yes"
        },
        {
            "trade_id": "08b9eae5-4508-4d59-8cf3-ece67a3d5ee1",
            "ticker": "KXHIGHAUS-25FEB10-T55",
            "count": 150,
            "created_time": "2025-02-10T19:12:44.92064Z",
            "yes_price": 62,
            "no_price": 38,
            "taker_side": "yes"
        },
        {
            "trade_id": "3ebbde2c-a8b7-42f0-9f17-d0b7180b8584",
            "ticker": "KXHIGHAUS-25FEB10-T55",
            "count": 350,
            "created_time": "2025-02-10T19:11:50.138062Z",
            "yes_price": 61,
            "no_price": 39,
            "taker_side": "no"
        },
        {
            "trade_id": "8fe992f6-cafb-41b3-9fdd-b98e6d6ec36f",
            "ticker": "KXHIGHAUS-25FEB10-T55",
            "count": 300,
            "created_time": "2025-02-10T19:11:40.053965Z",
            "yes_price": 62,
            "no_price": 38,
            "taker_side": "no"
        },
        {
            "trade_id": "41116d68-8cf5-4ba1-b69c-1dbae482bc55",
            "ticker": "KXHIGHAUS-25FEB10-T55",
            "count": 50,
            "created_time": "2025-02-10T19:11:40.053965Z",
            "yes_price": 62,
            "no_price": 38,
            "taker_side": "no"
        },
        {
            "trade_id": "1adb3cae-57ba-4915-8934-72179aff193f",
            "ticker": "KXHIGHAUS-25FEB10-T55",
            "count": 9,
            "created_time": "2025-02-10T19:09:05.325368Z",
            "yes_price": 63,
            "no_price": 37,
            "taker_side": "yes"
        },
        {
            "trade_id": "ff9d9332-203a-49f9-b462-f33a873be8c5",
            "ticker": "KXHIGHAUS-25FEB10-T55",
            "count": 1,
            "created_time": "2025-02-10T19:05:32.177452Z",
            "yes_price": 62,
            "no_price": 38,
            "taker_side": "yes"
        },
        {
            "trade_id": "6900e6ce-359e-4c1c-b5d8-373c994df246",
            "ticker": "KXHIGHAUS-25FEB10-T55",
            "count": 9,
            "created_time": "2025-02-10T19:05:32.177452Z",
            "yes_price": 63,
            "no_price": 37,
            "taker_side": "yes"
        },
        {
            "trade_id": "092428f4-4411-4747-ac2b-482c5ca1a37d",
            "ticker": "KXHIGHAUS-25FEB10-T55",
            "count": 5,
            "created_time": "2025-02-10T19:05:32.177452Z",
            "yes_price": 62,
            "no_price": 38,
            "taker_side": "yes"
        },
        {
            "trade_id": "80620728-92b2-45db-81a1-d3b228ecf68c",
            "ticker": "KXHIGHAUS-25FEB10-T55",
            "count": 350,
            "created_time": "2025-02-10T19:05:20.69246Z",
            "yes_price": 61,
            "no_price": 39,
            "taker_side": "no"
        },
        {
            "trade_id": "c0aadeb8-8c2d-426e-8c46-f5c8889b345f",
            "ticker": "KXHIGHAUS-25FEB10-T55",
            "count": 440,
            "created_time": "2025-02-10T19:04:27.121101Z",
            "yes_price": 62,
            "no_price": 38,
            "taker_side": "yes"
        },
        {
            "trade_id": "2814ed64-e950-4e42-a0f5-14762cdadb22",
            "ticker": "KXHIGHAUS-25FEB10-T55",
            "count": 157,
            "created_time": "2025-02-10T19:04:16.304944Z",
            "yes_price": 62,
            "no_price": 38,
            "taker_side": "yes"
        },
        {
            "trade_id": "1465813f-8ab1-4d5c-a151-1c6fbf8dc4fe",
            "ticker": "KXHIGHAUS-25FEB10-T55",
            "count": 3,
            "created_time": "2025-02-10T19:03:55.558781Z",
            "yes_price": 62,
            "no_price": 38,
            "taker_side": "yes"
        },
        {
            "trade_id": "8794d5b8-50ef-4031-8579-538eebfa9249",
            "ticker": "KXHIGHAUS-25FEB10-T55",
            "count": 1,
            "created_time": "2025-02-10T19:03:35.958595Z",
            "yes_price": 61,
            "no_price": 39,
            "taker_side": "yes"
        },
        {
            "trade_id": "31fc8c37-acd9-4b59-9d50-508bfeef1b53",
            "ticker": "KXHIGHAUS-25FEB10-T55",
            "count": 1,
            "created_time": "2025-02-10T19:03:35.958595Z",
            "yes_price": 61,
            "no_price": 39,
            "taker_side": "yes"
        },
        {
            "trade_id": "afb18f52-6639-4f32-abd3-39bd3f8fab2a",
            "ticker": "KXHIGHAUS-25FEB10-T55",
            "count": 99,
            "created_time": "2025-02-10T19:03:18.923946Z",
            "yes_price": 61,
            "no_price": 39,
            "taker_side": "yes"
        },
        {
            "trade_id": "1e66c45b-fcfd-4b92-b724-413b2c91a381",
            "ticker": "KXHIGHAUS-25FEB10-T55",
            "count": 50,
            "created_time": "2025-02-10T19:02:51.492809Z",
            "yes_price": 61,
            "no_price": 39,
            "taker_side": "yes"
        },
        {
            "trade_id": "603be1fb-5a94-4972-9953-06ca7d2bcb7f",
            "ticker": "KXHIGHAUS-25FEB10-T55",
            "count": 2,
            "created_time": "2025-02-10T19:00:54.0466Z",
            "yes_price": 56,
            "no_price": 44,
            "taker_side": "no"
        },
        {
            "trade_id": "07fbcf3e-d949-4586-98fe-51bbe0dbf613",
            "ticker": "KXHIGHAUS-25FEB10-T55",
            "count": 10,
            "created_time": "2025-02-10T19:00:54.0466Z",
            "yes_price": 57,
            "no_price": 43,
            "taker_side": "no"
        },
        {
            "trade_id": "d7c909fe-4435-489c-9edf-5700515c8f9f",
            "ticker": "KXHIGHAUS-25FEB10-T55",
            "count": 1,
            "created_time": "2025-02-10T19:00:45.427226Z",
            "yes_price": 62,
            "no_price": 38,
            "taker_side": "yes"
        },
        {
            "trade_id": "aa9297c4-a64d-4c78-a92d-8e99f7df4871",
            "ticker": "KXHIGHAUS-25FEB10-T55",
            "count": 1,
            "created_time": "2025-02-10T19:00:45.427226Z",
            "yes_price": 63,
            "no_price": 37,
            "taker_side": "yes"
        },
        {
            "trade_id": "10544d2f-9754-49db-8b69-1733308948bd",
            "ticker": "KXHIGHAUS-25FEB10-T55",
            "count": 8,
            "created_time": "2025-02-10T18:59:56.699895Z",
            "yes_price": 58,
            "no_price": 42,
            "taker_side": "no"
        },
        {
            "trade_id": "78ba8454-9913-494f-8ce8-64a5e568e14c",
            "ticker": "KXHIGHAUS-25FEB10-T55",
            "count": 5,
            "created_time": "2025-02-10T18:57:55.819842Z",
            "yes_price": 65,
            "no_price": 35,
            "taker_side": "yes"
        },
        {
            "trade_id": "5ab286a9-9e2d-47fe-9e86-92a7400ad8e4",
            "ticker": "KXHIGHAUS-25FEB10-T55",
            "count": 50,
            "created_time": "2025-02-10T18:57:40.559825Z",
            "yes_price": 64,
            "no_price": 36,
            "taker_side": "yes"
        },
        {
            "trade_id": "f53c2dff-9555-429b-b1e7-dfd27108834b",
            "ticker": "KXHIGHAUS-25FEB10-T55",
            "count": 1,
            "created_time": "2025-02-10T18:57:25.033344Z",
            "yes_price": 63,
            "no_price": 37,
            "taker_side": "yes"
        },
        {
            "trade_id": "6214200d-fb8b-4d4d-a531-a726237da2ad",
            "ticker": "KXHIGHAUS-25FEB10-T55",
            "count": 1,
            "created_time": "2025-02-10T18:56:31.048536Z",
            "yes_price": 63,
            "no_price": 37,
            "taker_side": "yes"
        },
        {
            "trade_id": "4ff7c802-e5c1-4b13-8943-718ae672a8d1",
            "ticker": "KXHIGHAUS-25FEB10-T55",
            "count": 1,
            "created_time": "2025-02-10T18:56:23.696072Z",
            "yes_price": 63,
            "no_price": 37,
            "taker_side": "yes"
        },
        {
            "trade_id": "dea318ba-01ec-4737-bbad-30f686c6de9e",
            "ticker": "KXHIGHAUS-25FEB10-T55",
            "count": 1,
            "created_time": "2025-02-10T18:56:18.288922Z",
            "yes_price": 61,
            "no_price": 39,
            "taker_side": "yes"
        },
        {
            "trade_id": "4dad53b7-19eb-4eb5-9af8-b16ef8c0e5f4",
            "ticker": "KXHIGHAUS-25FEB10-T55",
            "count": 1,
            "created_time": "2025-02-10T18:56:02.058634Z",
            "yes_price": 60,
            "no_price": 40,
            "taker_side": "yes"
        },
        {
            "trade_id": "b6b6ef0f-f566-4742-b794-1d6177b97c3a",
            "ticker": "KXHIGHAUS-25FEB10-T55",
            "count": 17,
            "created_time": "2025-02-10T18:55:55.638248Z",
            "yes_price": 61,
            "no_price": 39,
            "taker_side": "yes"
        },
        {
            "trade_id": "54f63c38-685e-42e0-9951-c139930e8037",
            "ticker": "KXHIGHAUS-25FEB10-T55",
            "count": 1,
            "created_time": "2025-02-10T18:55:55.638248Z",
            "yes_price": 60,
            "no_price": 40,
            "taker_side": "yes"
        },
        {
            "trade_id": "a9f80166-7e33-4060-9006-c299a043a477",
            "ticker": "KXHIGHAUS-25FEB10-T55",
            "count": 1,
            "created_time": "2025-02-10T18:55:50.512627Z",
            "yes_price": 60,
            "no_price": 40,
            "taker_side": "yes"
        },
        {
            "trade_id": "c0d1f12a-70af-4997-82ee-23080756e8a7",
            "ticker": "KXHIGHAUS-25FEB10-T55",
            "count": 2,
            "created_time": "2025-02-10T18:55:36.311723Z",
            "yes_price": 60,
            "no_price": 40,
            "taker_side": "yes"
        },
        {
            "trade_id": "1ec46aa6-1465-46ac-b4d0-a06754462ca5",
            "ticker": "KXHIGHAUS-25FEB10-T55",
            "count": 6,
            "created_time": "2025-02-10T18:55:17.090537Z",
            "yes_price": 56,
            "no_price": 44,
            "taker_side": "no"
        },
        {
            "trade_id": "cc1b5186-a691-4036-8b7e-9a053cb41c64",
            "ticker": "KXHIGHAUS-25FEB10-T55",
            "count": 1,
            "created_time": "2025-02-10T18:55:02.397509Z",
            "yes_price": 65,
            "no_price": 35,
            "taker_side": "yes"
        },
        {
            "trade_id": "61023b67-3521-4aa8-8603-7b7d6cf05f9d",
            "ticker": "KXHIGHAUS-25FEB10-T55",
            "count": 32,
            "created_time": "2025-02-10T18:55:02.397509Z",
            "yes_price": 66,
            "no_price": 34,
            "taker_side": "yes"
        },
        {
            "trade_id": "af352264-d12f-4e22-9c5e-c91284a9483f",
            "ticker": "KXHIGHAUS-25FEB10-T55",
            "count": 420,
            "created_time": "2025-02-10T18:54:42.739168Z",
            "yes_price": 65,
            "no_price": 35,
            "taker_side": "yes"
        },
        {
            "trade_id": "213e5c51-6ca3-4679-ba5b-6645af54d968",
            "ticker": "KXHIGHAUS-25FEB10-T55",
            "count": 90,
            "created_time": "2025-02-10T18:54:42.739168Z",
            "yes_price": 65,
            "no_price": 35,
            "taker_side": "yes"
        },
        {
            "trade_id": "b9e8d809-1f39-47cc-b8aa-19850e604e62",
            "ticker": "KXHIGHAUS-25FEB10-T55",
            "count": 1,
            "created_time": "2025-02-10T18:54:31.798874Z",
            "yes_price": 64,
            "no_price": 36,
            "taker_side": "yes"
        },
        {
            "trade_id": "cb2dbad9-2db3-47fc-9a87-448b4ccd3259",
            "ticker": "KXHIGHAUS-25FEB10-T55",
            "count": 1,
            "created_time": "2025-02-10T18:54:20.860022Z",
            "yes_price": 64,
            "no_price": 36,
            "taker_side": "yes"
        },
        {
            "trade_id": "fa85e9e7-ac60-4617-b5bd-556f00c72a92",
            "ticker": "KXHIGHAUS-25FEB10-T55",
            "count": 10,
            "created_time": "2025-02-10T18:53:53.673856Z",
            "yes_price": 64,
            "no_price": 36,
            "taker_side": "yes"
        },
        {
            "trade_id": "d73722d4-eb7a-4d6a-ba54-41f09680930c",
            "ticker": "KXHIGHAUS-25FEB10-T55",
            "count": 1,
            "created_time": "2025-02-10T18:53:53.492574Z",
            "yes_price": 60,
            "no_price": 40,
            "taker_side": "yes"
        },
        {
            "trade_id": "adbea8e0-ce70-487d-8e17-0220bf515d37",
            "ticker": "KXHIGHAUS-25FEB10-T55",
            "count": 5,
            "created_time": "2025-02-10T18:53:14.985236Z",
            "yes_price": 60,
            "no_price": 40,
            "taker_side": "yes"
        },
        {
            "trade_id": "a05800e5-b0ab-4a78-b2e4-1b925e993cef",
            "ticker": "KXHIGHAUS-25FEB10-T55",
            "count": 1,
            "created_time": "2025-02-10T18:53:14.985236Z",
            "yes_price": 60,
            "no_price": 40,
            "taker_side": "yes"
        },
        {
            "trade_id": "2ed6a38d-888e-4d9a-86db-dc31b62e853e",
            "ticker": "KXHIGHAUS-25FEB10-T55",
            "count": 50,
            "created_time": "2025-02-10T18:53:14.985236Z",
            "yes_price": 60,
            "no_price": 40,
            "taker_side": "yes"
        },
        {
            "trade_id": "96a56d4c-87ef-4471-ac2b-7bca1203d71b",
            "ticker": "KXHIGHAUS-25FEB10-T55",
            "count": 1,
            "created_time": "2025-02-10T18:53:01.951232Z",
            "yes_price": 58,
            "no_price": 42,
            "taker_side": "no"
        },
        {
            "trade_id": "91870ef5-0032-443c-9ca8-98823490629d",
            "ticker": "KXHIGHAUS-25FEB10-T55",
            "count": 153,
            "created_time": "2025-02-10T18:53:01.951232Z",
            "yes_price": 50,
            "no_price": 50,
            "taker_side": "no"
        },
        {
            "trade_id": "a2e1afda-2c16-406a-957d-422640cb6391",
            "ticker": "KXHIGHAUS-25FEB10-T55",
            "count": 7,
            "created_time": "2025-02-10T18:52:53.873401Z",
            "yes_price": 60,
            "no_price": 40,
            "taker_side": "yes"
        },
        {
            "trade_id": "0e885734-2257-4b90-a3f4-d91470f59599",
            "ticker": "KXHIGHAUS-25FEB10-T55",
            "count": 1,
            "created_time": "2025-02-10T18:52:44.909084Z",
            "yes_price": 59,
            "no_price": 41,
            "taker_side": "yes"
        },
        {
            "trade_id": "5c12ebf3-cbad-49b4-aa6d-c7606c194e01",
            "ticker": "KXHIGHAUS-25FEB10-T55",
            "count": 7,
            "created_time": "2025-02-10T18:52:30.123916Z",
            "yes_price": 59,
            "no_price": 41,
            "taker_side": "yes"
        },
        {
            "trade_id": "a1417f9b-d4a4-4216-a2ca-f0102be4fd3a",
            "ticker": "KXHIGHAUS-25FEB10-T55",
            "count": 12,
            "created_time": "2025-02-10T18:52:05.495941Z",
            "yes_price": 60,
            "no_price": 40,
            "taker_side": "yes"
        },
        {
            "trade_id": "9f3b344c-9455-45c5-adf4-6f96aa33be92",
            "ticker": "KXHIGHAUS-25FEB10-T55",
            "count": 85,
            "created_time": "2025-02-10T18:52:05.495941Z",
            "yes_price": 59,
            "no_price": 41,
            "taker_side": "yes"
        },
        {
            "trade_id": "1e77abb7-c126-4475-8061-4d4328cede79",
            "ticker": "KXHIGHAUS-25FEB10-T55",
            "count": 20,
            "created_time": "2025-02-10T18:52:05.495941Z",
            "yes_price": 59,
            "no_price": 41,
            "taker_side": "yes"
        },
        {
            "trade_id": "18582910-cc13-4316-a5cd-2549fa562393",
            "ticker": "KXHIGHAUS-25FEB10-T55",
            "count": 303,
            "created_time": "2025-02-10T18:52:05.495941Z",
            "yes_price": 60,
            "no_price": 40,
            "taker_side": "yes"
        },
        {
            "trade_id": "3984f21f-a62b-41f0-bfe0-b4f82f0494c2",
            "ticker": "KXHIGHAUS-25FEB10-T55",
            "count": 1,
            "created_time": "2025-02-10T18:51:43.965968Z",
            "yes_price": 58,
            "no_price": 42,
            "taker_side": "yes"
        },
        {
            "trade_id": "b9168f6e-c0ec-4ea9-b116-e60c36940129",
            "ticker": "KXHIGHAUS-25FEB10-T55",
            "count": 15,
            "created_time": "2025-02-10T18:50:40.041419Z",
            "yes_price": 54,
            "no_price": 46,
            "taker_side": "yes"
        },
        {
            "trade_id": "06ec165e-c242-4e7b-a5b8-8bdfd43f4c4a",
            "ticker": "KXHIGHAUS-25FEB10-T55",
            "count": 1,
            "created_time": "2025-02-10T18:50:28.957747Z",
            "yes_price": 54,
            "no_price": 46,
            "taker_side": "yes"
        },
        {
            "trade_id": "c67be3ef-79fe-49d3-b69c-198fe6e8a5e8",
            "ticker": "KXHIGHAUS-25FEB10-T55",
            "count": 1,
            "created_time": "2025-02-10T18:50:25.751554Z",
            "yes_price": 58,
            "no_price": 42,
            "taker_side": "yes"
        },
        {
            "trade_id": "8ff56e63-93cb-434b-a9a2-29ae9abb4533",
            "ticker": "KXHIGHAUS-25FEB10-T55",
            "count": 15,
            "created_time": "2025-02-10T18:50:25.751554Z",
            "yes_price": 59,
            "no_price": 41,
            "taker_side": "yes"
        },
        {
            "trade_id": "a25737a1-0660-4217-a2fd-02c95d1548f3",
            "ticker": "KXHIGHAUS-25FEB10-T55",
            "count": 1,
            "created_time": "2025-02-10T18:50:11.295454Z",
            "yes_price": 58,
            "no_price": 42,
            "taker_side": "yes"
        },
        {
            "trade_id": "9f8cc574-e941-4003-b3ff-94d221de4e0c",
            "ticker": "KXHIGHAUS-25FEB10-T55",
            "count": 1,
            "created_time": "2025-02-10T18:49:33.862044Z",
            "yes_price": 58,
            "no_price": 42,
            "taker_side": "yes"
        },
        {
            "trade_id": "04ba83f3-8eb2-43be-97b0-31226756cd23",
            "ticker": "KXHIGHAUS-25FEB10-T55",
            "count": 1,
            "created_time": "2025-02-10T18:49:33.862044Z",
            "yes_price": 58,
            "no_price": 42,
            "taker_side": "yes"
        },
        {
            "trade_id": "51d9aeae-1092-4fef-9e70-0ca441b3424b",
            "ticker": "KXHIGHAUS-25FEB10-T55",
            "count": 1,
            "created_time": "2025-02-10T18:49:19.522631Z",
            "yes_price": 57,
            "no_price": 43,
            "taker_side": "yes"
        },
        {
            "trade_id": "275d5b60-d23a-4dfb-a5dd-6c4bd43658ed",
            "ticker": "KXHIGHAUS-25FEB10-T55",
            "count": 14,
            "created_time": "2025-02-10T18:49:19.522631Z",
            "yes_price": 58,
            "no_price": 42,
            "taker_side": "yes"
        },
        {
            "trade_id": "be7bb71c-a652-4743-ac33-730a52973cf2",
            "ticker": "KXHIGHAUS-25FEB10-T55",
            "count": 6,
            "created_time": "2025-02-10T18:47:48.313351Z",
            "yes_price": 58,
            "no_price": 42,
            "taker_side": "yes"
        },
        {
            "trade_id": "b0973ba4-c631-4d0b-be49-2c2166a3447e",
            "ticker": "KXHIGHAUS-25FEB10-T55",
            "count": 400,
            "created_time": "2025-02-10T18:46:25.811364Z",
            "yes_price": 55,
            "no_price": 45,
            "taker_side": "yes"
        },
        {
            "trade_id": "8c419e23-44f1-4f13-b389-2b5e1d2eaffb",
            "ticker": "KXHIGHAUS-25FEB10-T55",
            "count": 16,
            "created_time": "2025-02-10T18:45:32.038957Z",
            "yes_price": 50,
            "no_price": 50,
            "taker_side": "no"
        },
        {
            "trade_id": "7443bda0-20a6-4730-b811-76f64a246ed0",
            "ticker": "KXHIGHAUS-25FEB10-T55",
            "count": 16,
            "created_time": "2025-02-10T18:45:14.814851Z",
            "yes_price": 49,
            "no_price": 51,
            "taker_side": "yes"
        },
        {
            "trade_id": "57e20e73-39f3-4ff6-abdb-9236310e9df8",
            "ticker": "KXHIGHAUS-25FEB10-T55",
            "count": 4,
            "created_time": "2025-02-10T18:43:46.774224Z",
            "yes_price": 48,
            "no_price": 52,
            "taker_side": "no"
        },
        {
            "trade_id": "75723aeb-df17-43ee-896b-f794c1f063ac",
            "ticker": "KXHIGHAUS-25FEB10-T55",
            "count": 3,
            "created_time": "2025-02-10T18:42:24.946824Z",
            "yes_price": 48,
            "no_price": 52,
            "taker_side": "yes"
        },
        {
            "trade_id": "785791ad-78ad-4060-b0e6-2852b6c6fb7a",
            "ticker": "KXHIGHAUS-25FEB10-T55",
            "count": 38,
            "created_time": "2025-02-10T18:37:38.170798Z",
            "yes_price": 51,
            "no_price": 49,
            "taker_side": "no"
        },
        {
            "trade_id": "6ef1d1c7-27ab-427d-b12b-1d2e712778a3",
            "ticker": "KXHIGHAUS-25FEB10-T55",
            "count": 47,
            "created_time": "2025-02-10T18:37:24.726944Z",
            "yes_price": 50,
            "no_price": 50,
            "taker_side": "no"
        },
        {
            "trade_id": "c117d5ec-dd6e-4b2d-9b46-a8ca34b092ab",
            "ticker": "KXHIGHAUS-25FEB10-T55",
            "count": 15,
            "created_time": "2025-02-10T18:37:04.327754Z",
            "yes_price": 46,
            "no_price": 54,
            "taker_side": "yes"
        },
        {
            "trade_id": "3a41e0f8-ace9-49ee-b047-03ffed25d0eb",
            "ticker": "KXHIGHAUS-25FEB10-T55",
            "count": 3,
            "created_time": "2025-02-10T18:34:16.235196Z",
            "yes_price": 43,
            "no_price": 57,
            "taker_side": "no"
