{
    "KXHIGHAUS-25FEB07-T78": [
        {
            "trade_id": "a63384d2-1a33-4112-93cd-02b6e3f9fe35",
            "ticker": "KXHIGHAUS-25FEB07-T78",
            "count": 150,
            "created_time": "2025-02-07T20:53:47.916648Z",
            "yes_price": 1,
            "no_price": 99,
            "taker_side": "yes"
        },
        {
            "trade_id": "3315904a-8627-4cf0-9668-beae7847ab47",
            "ticker": "KXHIGHAUS-25FEB07-T78",
            "count": 200,
            "created_time": "2025-02-07T20:47:25.068334Z",
            "yes_price": 1,
            "no_price": 99,
            "taker_side": "yes"
        },
        {
            "trade_id": "b1177e09-d9b7-458a-9b6d-9ba65fda0896",
            "ticker": "KXHIGHAUS-25FEB07-T78",
            "count": 300,
            "created_time": "2025-02-07T20:40:08.860365Z",
            "yes_price": 1,
            "no_price": 99,
            "taker_side": "yes"
        },
        {
            "trade_id": "8e7cc86f-d6a7-4386-9802-6ddd9a369ce9",
            "ticker": "KXHIGHAUS-25FEB07-T78",
            "count": 300,
            "created_time": "2025-02-07T20:35:04.50085Z",
            "yes_price": 1,
            "no_price": 99,
            "taker_side": "yes"
        },
        {
            "trade_id": "b9105928-cb51-4e68-8e91-d9c0480f719e",
            "ticker": "KXHIGHAUS-25FEB07-T78",
            "count": 11,
            "created_time": "2025-02-07T20:34:50.448588Z",
            "yes_price": 1,
            "no_price": 99,
            "taker_side": "yes"
        },
        {
            "trade_id": "78b71038-35d5-4f33-bb41-8f6346b7a9d7",
            "ticker": "KXHIGHAUS-25FEB07-T78",
            "count": 299,
            "created_time": "2025-02-07T20:32:09.116181Z",
            "yes_price": 1,
            "no_price": 99,
            "taker_side": "no"
        },
        {
            "trade_id": "3df00fdd-217e-426d-aab1-63cbea8f89e5",
            "ticker": "KXHIGHAUS-25FEB07-T78",
            "count": 2988,
            "created_time": "2025-02-07T20:32:09.116181Z",
            "yes_price": 3,
            "no_price": 97,
            "taker_side": "no"
        },
        {
            "trade_id": "20fe5425-7ce8-49e9-9953-1ec8dad06eeb",
            "ticker": "KXHIGHAUS-25FEB07-T78",
            "count": 28,
            "created_time": "2025-02-07T20:32:09.116181Z",
            "yes_price": 1,
            "no_price": 99,
            "taker_side": "no"
        },
        {
            "trade_id": "176588b0-cf17-43f0-b1dc-740b377fd230",
            "ticker": "KXHIGHAUS-25FEB07-T78",
            "count": 50,
            "created_time": "2025-02-07T20:32:09.116181Z",
            "yes_price": 1,
            "no_price": 99,
            "taker_side": "no"
        },
        {
            "trade_id": "d3fc176b-fc42-4fad-b78c-141e6174f4d7",
            "ticker": "KXHIGHAUS-25FEB07-T78",
            "count": 12,
            "created_time": "2025-02-07T20:10:55.705026Z",
            "yes_price": 4,
            "no_price": 96,
            "taker_side": "no"
        },
        {
            "trade_id": "4cb0b8c2-a65e-484f-aa14-581e2a017932",
            "ticker": "KXHIGHAUS-25FEB07-T78",
            "count": 1,
            "created_time": "2025-02-07T20:10:55.705026Z",
            "yes_price": 4,
            "no_price": 96,
            "taker_side": "no"
        },
        {
            "trade_id": "1532908c-974e-45ca-b8ea-1c74206319d2",
            "ticker": "KXHIGHAUS-25FEB07-T78",
            "count": 12,
            "created_time": "2025-02-07T19:51:06.46596Z",
            "yes_price": 3,
            "no_price": 97,
            "taker_side": "no"
        },
        {
            "trade_id": "aa402319-1e05-4c14-b077-b273240215ba",
            "ticker": "KXHIGHAUS-25FEB07-T78",
            "count": 200,
            "created_time": "2025-02-07T19:38:08.364512Z",
            "yes_price": 5,
            "no_price": 95,
            "taker_side": "yes"
        },
        {
            "trade_id": "895bebd4-01a1-47de-8fe6-e4f5ea7e0a17",
            "ticker": "KXHIGHAUS-25FEB07-T78",
            "count": 100,
            "created_time": "2025-02-07T19:38:08.364512Z",
            "yes_price": 5,
            "no_price": 95,
            "taker_side": "yes"
        },
        {
            "trade_id": "d528b776-9e94-4594-b33c-75728c354498",
            "ticker": "KXHIGHAUS-25FEB07-T78",
            "count": 3,
            "created_time": "2025-02-07T19:24:39.811527Z",
            "yes_price": 2,
            "no_price": 98,
            "taker_side": "no"
        },
        {
            "trade_id": "a58c2343-17d6-4cb6-a879-64d86c176e84",
            "ticker": "KXHIGHAUS-25FEB07-T78",
            "count": 50,
            "created_time": "2025-02-07T18:51:33.04754Z",
            "yes_price": 8,
            "no_price": 92,
            "taker_side": "yes"
        },
        {
            "trade_id": "a294055d-5aa9-4d32-b054-6a174c23699d",
            "ticker": "KXHIGHAUS-25FEB07-T78",
            "count": 5,
            "created_time": "2025-02-07T18:51:19.150426Z",
            "yes_price": 7,
            "no_price": 93,
            "taker_side": "yes"
        },
        {
            "trade_id": "7004bad9-e5bb-4ce3-b985-566c16e077bd",
            "ticker": "KXHIGHAUS-25FEB07-T78",
            "count": 100,
            "created_time": "2025-02-07T18:51:19.150426Z",
            "yes_price": 7,
            "no_price": 93,
            "taker_side": "yes"
        },
        {
            "trade_id": "2ab4b9aa-05de-4888-8439-55c6261ce599",
            "ticker": "KXHIGHAUS-25FEB07-T78",
            "count": 3,
            "created_time": "2025-02-07T18:35:04.401833Z",
            "yes_price": 2,
            "no_price": 98,
            "taker_side": "yes"
        },
        {
            "trade_id": "96dce356-5e42-4950-a9cd-66c4004136d9",
            "ticker": "KXHIGHAUS-25FEB07-T78",
            "count": 1,
            "created_time": "2025-02-07T18:20:33.073354Z",
            "yes_price": 3,
            "no_price": 97,
            "taker_side": "yes"
        },
        {
            "trade_id": "62a92d18-da4c-4f91-bc88-2030462e335d",
            "ticker": "KXHIGHAUS-25FEB07-T78",
            "count": 4,
            "created_time": "2025-02-07T18:06:45.362894Z",
            "yes_price": 3,
            "no_price": 97,
            "taker_side": "yes"
        },
        {
            "trade_id": "657384d7-c924-4927-b2bd-e3dc027ab141",
            "ticker": "KXHIGHAUS-25FEB07-T78",
            "count": 2,
            "created_time": "2025-02-07T17:54:00.735116Z",
            "yes_price": 3,
            "no_price": 97,
            "taker_side": "no"
        },
        {
            "trade_id": "e72b2020-4004-4abb-9d04-0e1c08d28685",
            "ticker": "KXHIGHAUS-25FEB07-T78",
            "count": 28,
            "created_time": "2025-02-07T17:45:15.563145Z",
            "yes_price": 4,
            "no_price": 96,
            "taker_side": "yes"
        },
        {
            "trade_id": "d52f258b-e788-45aa-b209-bfcb756093a3",
            "ticker": "KXHIGHAUS-25FEB07-T78",
            "count": 50,
            "created_time": "2025-02-07T17:33:37.834762Z",
            "yes_price": 7,
            "no_price": 93,
            "taker_side": "yes"
        },
        {
            "trade_id": "d241afb3-d9eb-4151-87b1-c0e91ad514f7",
            "ticker": "KXHIGHAUS-25FEB07-T78",
            "count": 7,
            "created_time": "2025-02-07T17:33:37.834762Z",
            "yes_price": 7,
            "no_price": 93,
            "taker_side": "yes"
        },
        {
            "trade_id": "66bc3a88-43ca-4d18-98b2-462daad37e13",
            "ticker": "KXHIGHAUS-25FEB07-T78",
            "count": 100,
            "created_time": "2025-02-07T17:33:37.834762Z",
            "yes_price": 7,
            "no_price": 93,
            "taker_side": "yes"
        },
        {
            "trade_id": "4ac56793-4a3b-47cf-9f96-0c3711db346c",
            "ticker": "KXHIGHAUS-25FEB07-T78",
            "count": 90,
            "created_time": "2025-02-07T17:33:37.834762Z",
            "yes_price": 7,
            "no_price": 93,
            "taker_side": "yes"
        },
        {
            "trade_id": "0b61c336-36d5-4b8b-b346-1de19e7e96f8",
            "ticker": "KXHIGHAUS-25FEB07-T78",
            "count": 1,
            "created_time": "2025-02-07T17:33:37.834762Z",
            "yes_price": 7,
            "no_price": 93,
            "taker_side": "yes"
        },
        {
            "trade_id": "6d358874-e7c5-47aa-b0ba-0e061c758389",
            "ticker": "KXHIGHAUS-25FEB07-T78",
            "count": 2,
            "created_time": "2025-02-07T17:22:27.719154Z",
            "yes_price": 7,
            "no_price": 93,
            "taker_side": "yes"
        },
        {
            "trade_id": "5aa1e0c8-94e7-4ea4-ba01-539d63b16852",
            "ticker": "KXHIGHAUS-25FEB07-T78",
            "count": 1,
            "created_time": "2025-02-07T17:22:27.719154Z",
            "yes_price": 7,
            "no_price": 93,
            "taker_side": "yes"
        },
        {
            "trade_id": "4ec2d9bc-8dbe-4c10-9975-4c6bed293c26",
            "ticker": "KXHIGHAUS-25FEB07-T78",
            "count": 9,
            "created_time": "2025-02-07T17:22:27.719154Z",
            "yes_price": 6,
            "no_price": 94,
            "taker_side": "yes"
        },
        {
            "trade_id": "4cf17ea6-7919-4fab-8436-6a59075d37d7",
            "ticker": "KXHIGHAUS-25FEB07-T78",
            "count": 100,
            "created_time": "2025-02-07T17:22:27.719154Z",
            "yes_price": 6,
            "no_price": 94,
            "taker_side": "yes"
        },
        {
            "trade_id": "1f300cc0-d897-456e-bf03-ac6190cf0f8a",
            "ticker": "KXHIGHAUS-25FEB07-T78",
            "count": 106,
            "created_time": "2025-02-07T17:22:27.719154Z",
            "yes_price": 7,
            "no_price": 93,
            "taker_side": "yes"
        },
        {
            "trade_id": "f8d77378-6333-4fdd-ba99-242fe3387078",
            "ticker": "KXHIGHAUS-25FEB07-T78",
            "count": 4,
            "created_time": "2025-02-07T17:00:18.298725Z",
            "yes_price": 6,
            "no_price": 94,
            "taker_side": "yes"
        },
        {
            "trade_id": "b5ba3b7c-1231-49dc-9cb8-c00bb33430e2",
            "ticker": "KXHIGHAUS-25FEB07-T78",
            "count": 100,
            "created_time": "2025-02-07T17:00:18.298725Z",
            "yes_price": 6,
            "no_price": 94,
            "taker_side": "yes"
        },
        {
            "trade_id": "06db9f11-5197-4781-b119-3bc45e347efc",
            "ticker": "KXHIGHAUS-25FEB07-T78",
            "count": 1,
            "created_time": "2025-02-07T16:59:20.913643Z",
            "yes_price": 9,
            "no_price": 91,
            "taker_side": "no"
        },
        {
            "trade_id": "b993678a-23c4-49f0-b994-f979fe637fe1",
            "ticker": "KXHIGHAUS-25FEB07-T78",
            "count": 240,
            "created_time": "2025-02-07T16:57:38.57461Z",
            "yes_price": 9,
            "no_price": 91,
            "taker_side": "yes"
        },
        {
            "trade_id": "019abb86-fdc7-4c42-a118-9aeb0c918251",
            "ticker": "KXHIGHAUS-25FEB07-T78",
            "count": 40,
            "created_time": "2025-02-07T16:57:38.57461Z",
            "yes_price": 7,
            "no_price": 93,
            "taker_side": "yes"
        },
        {
            "trade_id": "e7f40873-3b7e-4af7-a6ee-d4ac69079591",
            "ticker": "KXHIGHAUS-25FEB07-T78",
            "count": 77,
            "created_time": "2025-02-07T16:57:25.85163Z",
            "yes_price": 8,
            "no_price": 92,
            "taker_side": "yes"
        },
        {
            "trade_id": "bfaec4d0-296d-4587-87d8-2ab8f6beefca",
            "ticker": "KXHIGHAUS-25FEB07-T78",
            "count": 5,
            "created_time": "2025-02-07T16:57:25.85163Z",
            "yes_price": 7,
            "no_price": 93,
            "taker_side": "yes"
        },
        {
            "trade_id": "7300303a-abf8-457d-87c8-8f84ed1d2959",
            "ticker": "KXHIGHAUS-25FEB07-T78",
            "count": 41,
            "created_time": "2025-02-07T16:57:25.85163Z",
            "yes_price": 6,
            "no_price": 94,
            "taker_side": "yes"
        },
        {
            "trade_id": "e36305c1-b0d5-480a-8e50-2cee37e6a390",
            "ticker": "KXHIGHAUS-25FEB07-T78",
            "count": 3,
            "created_time": "2025-02-07T16:56:41.945886Z",
            "yes_price": 6,
            "no_price": 94,
            "taker_side": "yes"
        },
        {
            "trade_id": "505dc94b-2b37-4a61-bb28-7fa3038e6e38",
            "ticker": "KXHIGHAUS-25FEB07-T78",
            "count": 116,
            "created_time": "2025-02-07T16:56:41.945886Z",
            "yes_price": 7,
            "no_price": 93,
            "taker_side": "yes"
        },
        {
            "trade_id": "e37d4fc6-4789-4555-b1d3-6795b4eb6cac",
            "ticker": "KXHIGHAUS-25FEB07-T78",
            "count": 34,
            "created_time": "2025-02-07T16:56:06.785681Z",
            "yes_price": 6,
            "no_price": 94,
            "taker_side": "yes"
        },
        {
            "trade_id": "d8be2950-e71a-4dc4-93ba-02c14e043902",
            "ticker": "KXHIGHAUS-25FEB07-T78",
            "count": 100,
            "created_time": "2025-02-07T16:56:06.785681Z",
            "yes_price": 5,
            "no_price": 95,
            "taker_side": "yes"
        },
        {
            "trade_id": "d89d5510-898c-4db0-8134-107617bc0fc0",
            "ticker": "KXHIGHAUS-25FEB07-T78",
            "count": 3,
            "created_time": "2025-02-07T16:56:06.785681Z",
            "yes_price": 6,
            "no_price": 94,
            "taker_side": "yes"
        },
        {
            "trade_id": "95c6b3b0-0add-47b0-88fa-c072eb539c61",
            "ticker": "KXHIGHAUS-25FEB07-T78",
            "count": 6,
            "created_time": "2025-02-07T16:56:06.785681Z",
            "yes_price": 5,
            "no_price": 95,
            "taker_side": "yes"
        },
        {
            "trade_id": "75e3528d-870b-447b-9ed3-d9105f8587bb",
            "ticker": "KXHIGHAUS-25FEB07-T78",
            "count": 26,
            "created_time": "2025-02-07T16:56:06.785681Z",
            "yes_price": 6,
            "no_price": 94,
            "taker_side": "yes"
        },
        {
            "trade_id": "6feb5345-c03d-4079-b834-907b10994cee",
            "ticker": "KXHIGHAUS-25FEB07-T78",
            "count": 100,
            "created_time": "2025-02-07T16:56:06.785681Z",
            "yes_price": 6,
            "no_price": 94,
            "taker_side": "yes"
        },
        {
            "trade_id": "51e05bd8-c322-4b32-982e-b69acffa0456",
            "ticker": "KXHIGHAUS-25FEB07-T78",
            "count": 5,
            "created_time": "2025-02-07T16:52:41.597116Z",
            "yes_price": 3,
            "no_price": 97,
            "taker_side": "no"
        },
        {
            "trade_id": "bc8720ba-c167-49a9-8fe7-fa54c73e0523",
            "ticker": "KXHIGHAUS-25FEB07-T78",
            "count": 25,
            "created_time": "2025-02-07T16:42:58.335674Z",
            "yes_price": 6,
            "no_price": 94,
            "taker_side": "no"
        },
        {
            "trade_id": "1016a6e0-471b-4e13-8a4f-a6daeb1e6b3d",
            "ticker": "KXHIGHAUS-25FEB07-T78",
            "count": 275,
            "created_time": "2025-02-07T16:42:58.335674Z",
            "yes_price": 6,
            "no_price": 94,
            "taker_side": "no"
        },
        {
            "trade_id": "276f0dae-083e-4f8a-bc3b-562ecd86bb06",
            "ticker": "KXHIGHAUS-25FEB07-T78",
            "count": 5,
            "created_time": "2025-02-07T16:42:35.511782Z",
            "yes_price": 6,
            "no_price": 94,
            "taker_side": "no"
        },
        {
            "trade_id": "a13731b0-a17e-4e0a-8a36-34f938422fcb",
            "ticker": "KXHIGHAUS-25FEB07-T78",
            "count": 20,
            "created_time": "2025-02-07T16:42:26.812047Z",
            "yes_price": 6,
            "no_price": 94,
            "taker_side": "no"
        },
        {
            "trade_id": "f44862b6-6db2-43f6-a6ee-09838feb0340",
            "ticker": "KXHIGHAUS-25FEB07-T78",
            "count": 35,
            "created_time": "2025-02-07T16:40:09.285985Z",
            "yes_price": 6,
            "no_price": 94,
            "taker_side": "no"
        },
        {
            "trade_id": "9c29c573-032e-4bbb-9d11-deabdf953a7b",
            "ticker": "KXHIGHAUS-25FEB07-T78",
            "count": 15,
            "created_time": "2025-02-07T16:40:09.285985Z",
            "yes_price": 6,
            "no_price": 94,
            "taker_side": "no"
        },
        {
            "trade_id": "c47ace01-72fa-4039-8305-3094601400b8",
            "ticker": "KXHIGHAUS-25FEB07-T78",
            "count": 239,
            "created_time": "2025-02-07T16:39:49.129009Z",
            "yes_price": 13,
            "no_price": 87,
            "taker_side": "yes"
        },
        {
            "trade_id": "c166f86d-0823-4656-8092-389b9e36555b",
            "ticker": "KXHIGHAUS-25FEB07-T78",
            "count": 240,
            "created_time": "2025-02-07T16:39:49.129009Z",
            "yes_price": 11,
            "no_price": 89,
            "taker_side": "yes"
        },
        {
            "trade_id": "989eefec-9a5f-4037-9424-b35a78a0b832",
            "ticker": "KXHIGHAUS-25FEB07-T78",
            "count": 45,
            "created_time": "2025-02-07T16:39:49.129009Z",
            "yes_price": 9,
            "no_price": 91,
            "taker_side": "yes"
        },
        {
            "trade_id": "7d6306c7-1a7c-4f20-ae0b-442766a82ad8",
            "ticker": "KXHIGHAUS-25FEB07-T78",
            "count": 112,
            "created_time": "2025-02-07T16:39:49.129009Z",
            "yes_price": 9,
            "no_price": 91,
            "taker_side": "yes"
        },
        {
            "trade_id": "541bbecb-b54f-4546-8848-3f3e27248958",
            "ticker": "KXHIGHAUS-25FEB07-T78",
            "count": 1,
            "created_time": "2025-02-07T16:39:49.129009Z",
            "yes_price": 9,
            "no_price": 91,
            "taker_side": "yes"
        },
        {
            "trade_id": "8bc17521-c429-4f91-ba6d-c74b05f3b701",
            "ticker": "KXHIGHAUS-25FEB07-T78",
            "count": 240,
            "created_time": "2025-02-07T16:39:37.358375Z",
            "yes_price": 8,
            "no_price": 92,
            "taker_side": "yes"
        },
        {
            "trade_id": "0d56972c-427f-4209-b03d-b559a9a89a97",
            "ticker": "KXHIGHAUS-25FEB07-T78",
            "count": 118,
            "created_time": "2025-02-07T16:39:37.358375Z",
            "yes_price": 6,
            "no_price": 94,
            "taker_side": "yes"
        },
        {
            "trade_id": "86c61f0f-3630-4f50-8b51-e63b050460a7",
            "ticker": "KXHIGHAUS-25FEB07-T78",
            "count": 108,
            "created_time": "2025-02-07T16:39:30.251445Z",
            "yes_price": 5,
            "no_price": 95,
            "taker_side": "yes"
        },
        {
            "trade_id": "2648a7af-99b1-4a88-b2f4-ef6051a0e75d",
            "ticker": "KXHIGHAUS-25FEB07-T78",
            "count": 1,
            "created_time": "2025-02-07T16:39:30.251445Z",
            "yes_price": 4,
            "no_price": 96,
            "taker_side": "yes"
        },
        {
            "trade_id": "d6312669-d951-4974-9c9e-c69bd86ce22b",
            "ticker": "KXHIGHAUS-25FEB07-T78",
            "count": 50,
            "created_time": "2025-02-07T16:38:22.222333Z",
            "yes_price": 7,
            "no_price": 93,
            "taker_side": "yes"
        },
        {
            "trade_id": "c55dd7af-d730-4398-a16d-393e7128ea1f",
            "ticker": "KXHIGHAUS-25FEB07-T78",
            "count": 36,
            "created_time": "2025-02-07T16:38:22.222333Z",
            "yes_price": 5,
            "no_price": 95,
            "taker_side": "yes"
        },
        {
            "trade_id": "b049560e-c5af-4cb9-bb8d-3726b40b4c51",
            "ticker": "KXHIGHAUS-25FEB07-T78",
            "count": 100,
            "created_time": "2025-02-07T16:38:22.222333Z",
            "yes_price": 6,
            "no_price": 94,
            "taker_side": "yes"
        },
        {
            "trade_id": "9d5e61bb-7904-44de-8a45-d6df2931e0fe",
            "ticker": "KXHIGHAUS-25FEB07-T78",
            "count": 100,
            "created_time": "2025-02-07T16:38:22.222333Z",
            "yes_price": 2,
            "no_price": 98,
            "taker_side": "yes"
        },
        {
            "trade_id": "9b041f15-33fc-4179-ae92-c3c5966ecf6f",
            "ticker": "KXHIGHAUS-25FEB07-T78",
            "count": 240,
            "created_time": "2025-02-07T16:38:22.222333Z",
            "yes_price": 9,
            "no_price": 91,
            "taker_side": "yes"
        },
        {
            "trade_id": "653c9f25-b9cf-42dc-a243-b7fb078e5ca5",
            "ticker": "KXHIGHAUS-25FEB07-T78",
            "count": 1,
            "created_time": "2025-02-07T16:38:22.222333Z",
            "yes_price": 5,
            "no_price": 95,
            "taker_side": "yes"
        },
        {
            "trade_id": "37a164f5-cdfc-49fa-8ade-3efd1614ea25",
            "ticker": "KXHIGHAUS-25FEB07-T78",
            "count": 100,
            "created_time": "2025-02-07T16:38:22.222333Z",
            "yes_price": 5,
            "no_price": 95,
            "taker_side": "yes"
        },
        {
            "trade_id": "2b1b15fb-0db6-43f5-b69c-13be4e92c9fe",
            "ticker": "KXHIGHAUS-25FEB07-T78",
            "count": 500,
            "created_time": "2025-02-07T16:38:22.222333Z",
            "yes_price": 2,
            "no_price": 98,
            "taker_side": "yes"
        },
        {
            "trade_id": "23ece41d-09c0-46f4-8ce2-f559b7f32cdc",
            "ticker": "KXHIGHAUS-25FEB07-T78",
            "count": 71,
            "created_time": "2025-02-07T16:38:22.222333Z",
            "yes_price": 5,
            "no_price": 95,
            "taker_side": "yes"
        },
        {
            "trade_id": "2376945f-93ec-4d7e-a340-7e0894c757ef",
            "ticker": "KXHIGHAUS-25FEB07-T78",
            "count": 240,
            "created_time": "2025-02-07T16:38:22.222333Z",
            "yes_price": 7,
            "no_price": 93,
            "taker_side": "yes"
        },
        {
            "trade_id": "050c2d11-2e3b-49e5-b435-60e99ee45ccd",
            "ticker": "KXHIGHAUS-25FEB07-T78",
            "count": 100,
            "created_time": "2025-02-07T16:38:22.222333Z",
            "yes_price": 9,
            "no_price": 91,
            "taker_side": "yes"
        },
        {
            "trade_id": "2f25b17e-23b5-49f8-9292-9ba9f3a840a4",
            "ticker": "KXHIGHAUS-25FEB07-T78",
            "count": 18,
            "created_time": "2025-02-07T15:42:17.551711Z",
            "yes_price": 5,
            "no_price": 95,
            "taker_side": "yes"
        },
        {
            "trade_id": "e2ba0886-0640-4c30-a6f1-76be0d464ec7",
            "ticker": "KXHIGHAUS-25FEB07-T78",
            "count": 4,
            "created_time": "2025-02-07T15:36:31.541906Z",
            "yes_price": 2,
            "no_price": 98,
            "taker_side": "no"
        },
        {
            "trade_id": "6bbad390-1c7b-4c34-bc52-d0901abf304d",
            "ticker": "KXHIGHAUS-25FEB07-T78",
            "count": 1,
            "created_time": "2025-02-07T15:36:31.541906Z",
            "yes_price": 1,
            "no_price": 99,
            "taker_side": "no"
        },
        {
            "trade_id": "ee3e09c9-9164-44ff-ae59-1fc0156f00b3",
            "ticker": "KXHIGHAUS-25FEB07-T78",
            "count": 76,
            "created_time": "2025-02-07T15:23:59.2248Z",
            "yes_price": 8,
            "no_price": 92,
            "taker_side": "yes"
        },
        {
            "trade_id": "ceef13af-09af-4cca-9fdf-99e3541695c4",
            "ticker": "KXHIGHAUS-25FEB07-T78",
            "count": 100,
            "created_time": "2025-02-07T15:23:59.2248Z",
            "yes_price": 8,
            "no_price": 92,
            "taker_side": "yes"
        },
        {
            "trade_id": "b5cae3de-5a36-495c-8bc3-9ecff7eba480",
            "ticker": "KXHIGHAUS-25FEB07-T78",
            "count": 1,
            "created_time": "2025-02-07T15:23:59.2248Z",
            "yes_price": 5,
            "no_price": 95,
            "taker_side": "yes"
        },
        {
            "trade_id": "9ffc3ea7-1208-4cb4-8d4d-29ba3b704a87",
            "ticker": "KXHIGHAUS-25FEB07-T78",
            "count": 100,
            "created_time": "2025-02-07T15:23:59.2248Z",
            "yes_price": 4,
            "no_price": 96,
            "taker_side": "yes"
        },
        {
            "trade_id": "92019595-b432-4980-b825-69b069c60852",
            "ticker": "KXHIGHAUS-25FEB07-T78",
            "count": 100,
            "created_time": "2025-02-07T15:23:59.2248Z",
            "yes_price": 6,
            "no_price": 94,
            "taker_side": "yes"
        },
        {
            "trade_id": "6bf2fb5f-ec54-47f3-b0d1-c4358cce3b2f",
            "ticker": "KXHIGHAUS-25FEB07-T78",
            "count": 110,
            "created_time": "2025-02-07T15:23:59.2248Z",
            "yes_price": 5,
            "no_price": 95,
            "taker_side": "yes"
        },
        {
            "trade_id": "438e7d23-4a11-410b-abb0-32e4998c2912",
            "ticker": "KXHIGHAUS-25FEB07-T78",
            "count": 240,
            "created_time": "2025-02-07T15:23:59.2248Z",
            "yes_price": 7,
            "no_price": 93,
            "taker_side": "yes"
        },
        {
            "trade_id": "14d7657d-f6fb-442c-86c8-72db02607a8e",
            "ticker": "KXHIGHAUS-25FEB07-T78",
            "count": 11,
            "created_time": "2025-02-07T15:23:59.2248Z",
            "yes_price": 4,
            "no_price": 96,
            "taker_side": "yes"
        },
        {
            "trade_id": "7c6668f7-c92b-4dd6-a588-8c33251f1123",
            "ticker": "KXHIGHAUS-25FEB07-T78",
            "count": 25,
            "created_time": "2025-02-07T14:23:42.152969Z",
            "yes_price": 2,
            "no_price": 98,
            "taker_side": "no"
        },
        {
            "trade_id": "feaa5d51-72ed-42af-8d14-3a025c47e474",
            "ticker": "KXHIGHAUS-25FEB07-T78",
            "count": 1,
            "created_time": "2025-02-07T14:17:16.892291Z",
            "yes_price": 2,
            "no_price": 98,
            "taker_side": "no"
        },
        {
            "trade_id": "9a89eae0-9121-4e96-9084-59f7752e32c7",
            "ticker": "KXHIGHAUS-25FEB07-T78",
            "count": 10,
            "created_time": "2025-02-07T14:05:05.903296Z",
            "yes_price": 2,
            "no_price": 98,
            "taker_side": "no"
        },
        {
            "trade_id": "3e2589b7-8d06-4be4-ac5c-d88022f04c13",
            "ticker": "KXHIGHAUS-25FEB07-T78",
            "count": 10,
            "created_time": "2025-02-07T13:57:28.703329Z",
            "yes_price": 2,
            "no_price": 98,
            "taker_side": "no"
        },
        {
            "trade_id": "c5a39a93-f980-43cf-915e-2464d66dd10b",
            "ticker": "KXHIGHAUS-25FEB07-T78",
            "count": 10,
            "created_time": "2025-02-07T13:48:06.924494Z",
            "yes_price": 3,
            "no_price": 97,
            "taker_side": "no"
        },
        {
            "trade_id": "a35ea3b3-6c16-4cf8-81de-baf79a7a5553",
            "ticker": "KXHIGHAUS-25FEB07-T78",
            "count": 17,
            "created_time": "2025-02-07T05:45:05.507569Z",
            "yes_price": 6,
            "no_price": 94,
            "taker_side": "yes"
        },
        {
            "trade_id": "80fef73b-c45d-4249-9558-4520d02bd50e",
            "ticker": "KXHIGHAUS-25FEB07-T78",
            "count": 66,
            "created_time": "2025-02-07T05:45:05.507569Z",
            "yes_price": 6,
            "no_price": 94,
            "taker_side": "yes"
        },
        {
            "trade_id": "a5b7a14e-fe07-48c1-bd1d-7a32078d0282",
            "ticker": "KXHIGHAUS-25FEB07-T78",
            "count": 1,
            "created_time": "2025-02-07T05:06:01.281967Z",
            "yes_price": 5,
            "no_price": 95,
            "taker_side": "yes"
        },
        {
            "trade_id": "6ac64c20-18ac-4505-81f1-c4a989afacd8",
            "ticker": "KXHIGHAUS-25FEB07-T78",
            "count": 17,
            "created_time": "2025-02-07T05:06:01.281967Z",
            "yes_price": 5,
            "no_price": 95,
            "taker_side": "yes"
        },
        {
            "trade_id": "5ce9eb29-a0fd-4c2d-bbe2-535bf79425ec",
            "ticker": "KXHIGHAUS-25FEB07-T78",
            "count": 240,
            "created_time": "2025-02-07T05:06:01.281967Z",
            "yes_price": 7,
            "no_price": 93,
            "taker_side": "yes"
        },
        {
            "trade_id": "4924a5ea-6737-457f-9ed5-2ad0644e07c6",
            "ticker": "KXHIGHAUS-25FEB07-T78",
            "count": 42,
            "created_time": "2025-02-07T05:06:01.281967Z",
            "yes_price": 5,
            "no_price": 95,
            "taker_side": "yes"
        },
        {
            "trade_id": "f23bb3c2-9ce6-4399-be33-c6a649e74d30",
            "ticker": "KXHIGHAUS-25FEB07-T78",
            "count": 12,
            "created_time": "2025-02-07T03:54:25.567739Z",
            "yes_price": 4,
            "no_price": 96,
            "taker_side": "no"
        },
        {
            "trade_id": "33a90a96-6f3e-48d0-a9e9-3d9d90a2f15a",
            "ticker": "KXHIGHAUS-25FEB07-T78",
            "count": 2,
            "created_time": "2025-02-07T03:51:25.202897Z",
            "yes_price": 4,
            "no_price": 96,
            "taker_side": "no"
        },
        {
            "trade_id": "d0e328de-2cdc-4cae-8d8d-7f0cb70ca301",
            "ticker": "KXHIGHAUS-25FEB07-T78",
            "count": 118,
            "created_time": "2025-02-07T03:35:33.240788Z",
            "yes_price": 6,
            "no_price": 94,
            "taker_side": "yes"
        },
        {
            "trade_id": "c3e6e00a-a362-42db-864d-bf0adba78580",
            "ticker": "KXHIGHAUS-25FEB07-T78",
            "count": 119,
            "created_time": "2025-02-07T03:35:13.682351Z",
            "yes_price": 5,
            "no_price": 95,
            "taker_side": "yes"
        },
        {
            "trade_id": "c50fd923-a29e-4f7e-aa17-73652bb5455c",
            "ticker": "KXHIGHAUS-25FEB07-T78",
            "count": 42,
            "created_time": "2025-02-07T03:33:26.640052Z",
            "yes_price": 4,
            "no_price": 96,
            "taker_side": "no"
        },
        {
            "trade_id": "a9924524-7ec8-4baf-9623-6c23ef84b817",
            "ticker": "KXHIGHAUS-25FEB07-T78",
            "count": 10,
            "created_time": "2025-02-07T03:33:14.116902Z",
            "yes_price": 5,
            "no_price": 95,
            "taker_side": "yes"
        },
        {
            "trade_id": "07f0af9a-92eb-46ec-96a8-630d602a4a55",
            "ticker": "KXHIGHAUS-25FEB07-T78",
            "count": 100,
            "created_time": "2025-02-07T03:33:14.116902Z",
            "yes_price": 5,
            "no_price": 95,
            "taker_side": "yes"
        },
        {
            "trade_id": "e11023a9-a915-4f34-a94b-edb8eadbdd2f",
            "ticker": "KXHIGHAUS-25FEB07-T78",
            "count": 118,
            "created_time": "2025-02-07T02:54:33.732499Z",
            "yes_price": 4,
            "no_price": 96,
            "taker_side": "no"
        },
        {
            "trade_id": "d316594f-714c-471a-a0b2-31191fcc49f3",
            "ticker": "KXHIGHAUS-25FEB07-T78",
            "count": 51,
            "created_time": "2025-02-07T02:54:28.825194Z",
            "yes_price": 4,
            "no_price": 96,
            "taker_side": "no"
        },
        {
            "trade_id": "298f260e-2606-4e54-a4ce-cab52826fd7b",
            "ticker": "KXHIGHAUS-25FEB07-T78",
            "count": 27,
            "created_time": "2025-02-07T02:54:28.825194Z",
            "yes_price": 4,
            "no_price": 96,
            "taker_side": "no"
        },
        {
            "trade_id": "cb44cf34-8ca5-4b46-add2-56bbd891dade",
            "ticker": "KXHIGHAUS-25FEB07-T78",
            "count": 31,
            "created_time": "2025-02-07T02:42:30.745679Z",
            "yes_price": 4,
            "no_price": 96,
            "taker_side": "no"
        },
        {
            "trade_id": "93d69122-4ce0-4081-bd43-c9c828c98dfe",
            "ticker": "KXHIGHAUS-25FEB07-T78",
            "count": 20,
            "created_time": "2025-02-07T02:39:28.474423Z",
            "yes_price": 4,
            "no_price": 96,
            "taker_side": "no"
        },
        {
            "trade_id": "af850ec1-6aca-4649-a217-35a2c5af468b",
            "ticker": "KXHIGHAUS-25FEB07-T78",
            "count": 240,
            "created_time": "2025-02-07T02:29:40.195405Z",
            "yes_price": 6,
            "no_price": 94,
            "taker_side": "yes"
        },
        {
            "trade_id": "bca40e5f-5144-46a4-a4b7-8f749e728180",
            "ticker": "KXHIGHAUS-25FEB07-T78",
            "count": 20,
            "created_time": "2025-02-07T02:27:43.821833Z",
            "yes_price": 4,
            "no_price": 96,
            "taker_side": "yes"
        },
        {
            "trade_id": "545eef9c-30b5-4022-89eb-26ff8c487dfd",
            "ticker": "KXHIGHAUS-25FEB07-T78",
            "count": 1,
            "created_time": "2025-02-07T02:27:43.821833Z",
            "yes_price": 4,
            "no_price": 96,
            "taker_side": "yes"
        },
        {
            "trade_id": "52c09061-1369-43f7-b095-0a732e9b22b2",
            "ticker": "KXHIGHAUS-25FEB07-T78",
            "count": 1,
            "created_time": "2025-02-07T02:27:43.821833Z",
            "yes_price": 4,
            "no_price": 96,
            "taker_side": "yes"
        },
        {
            "trade_id": "e5c2b3dd-f46c-4192-99d8-4c0b7056d6f5",
            "ticker": "KXHIGHAUS-25FEB07-T78",
            "count": 83,
            "created_time": "2025-02-07T01:34:14.145332Z",
            "yes_price": 4,
            "no_price": 96,
            "taker_side": "no"
        },
        {
            "trade_id": "08368db0-d921-450b-a8b0-39840e490002",
            "ticker": "KXHIGHAUS-25FEB07-T78",
            "count": 100,
            "created_time": "2025-02-07T00:47:43.272854Z",
            "yes_price": 6,
            "no_price": 94,
            "taker_side": "yes"
        },
        {
            "trade_id": "8f379785-a9c2-43fc-bfb4-2c84dc573125",
            "ticker": "KXHIGHAUS-25FEB07-T78",
            "count": 90,
            "created_time": "2025-02-07T00:47:21.847354Z",
            "yes_price": 5,
            "no_price": 95,
            "taker_side": "yes"
        },
        {
            "trade_id": "2664edce-32e7-4da1-977e-27e1f7a7f7dd",
            "ticker": "KXHIGHAUS-25FEB07-T78",
            "count": 10,
            "created_time": "2025-02-07T00:47:21.847354Z",
            "yes_price": 5,
            "no_price": 95,
            "taker_side": "yes"
        },
        {
            "trade_id": "eb00fffd-9d9d-4551-99f6-569f92eebc44",
            "ticker": "KXHIGHAUS-25FEB07-T78",
            "count": 1,
            "created_time": "2025-02-07T00:33:25.304901Z",
            "yes_price": 4,
            "no_price": 96,
            "taker_side": "no"
        },
        {
            "trade_id": "2e781fcf-4bbd-41a5-8d39-e64e8e1ef5a3",
            "ticker": "KXHIGHAUS-25FEB07-T78",
            "count": 20,
            "created_time": "2025-02-07T00:30:32.955827Z",
            "yes_price": 4,
            "no_price": 96,
            "taker_side": "no"
        },
        {
            "trade_id": "c8d391da-f10d-44c2-812b-b0ab7f0251f1",
            "ticker": "KXHIGHAUS-25FEB07-T78",
            "count": 1,
            "created_time": "2025-02-07T00:29:02.119502Z",
            "yes_price": 4,
            "no_price": 96,
            "taker_side": "no"
        },
        {
            "trade_id": "18a97fef-835e-44fd-a52f-7882affa989a",
            "ticker": "KXHIGHAUS-25FEB07-T78",
            "count": 7,
            "created_time": "2025-02-07T00:12:27.103001Z",
            "yes_price": 4,
            "no_price": 96,
            "taker_side": "no"
        },
        {
            "trade_id": "243d7a15-ca2d-4b64-a2c3-a61977bba96e",
            "ticker": "KXHIGHAUS-25FEB07-T78",
            "count": 1,
            "created_time": "2025-02-07T00:10:31.798711Z",
            "yes_price": 4,
            "no_price": 96,
            "taker_side": "no"
        },
        {
            "trade_id": "dc25258b-223f-4281-82a3-665fd0595cc0",
            "ticker": "KXHIGHAUS-25FEB07-T78",
            "count": 6,
            "created_time": "2025-02-07T00:06:30.481853Z",
            "yes_price": 4,
            "no_price": 96,
            "taker_side": "no"
        },
        {
            "trade_id": "59d13457-d29e-4fc7-b419-a7119199698d",
            "ticker": "KXHIGHAUS-25FEB07-T78",
            "count": 56,
            "created_time": "2025-02-06T23:57:24.148149Z",
            "yes_price": 4,
            "no_price": 96,
            "taker_side": "no"
        },
        {
            "trade_id": "b756c75c-dc2c-44e4-865a-59ea9aca19b6",
            "ticker": "KXHIGHAUS-25FEB07-T78",
            "count": 6,
            "created_time": "2025-02-06T23:57:08.196968Z",
            "yes_price": 4,
            "no_price": 96,
            "taker_side": "no"
        },
        {
            "trade_id": "0192f976-d488-49a1-96b5-4ec790dab4d1",
            "ticker": "KXHIGHAUS-25FEB07-T78",
            "count": 1,
            "created_time": "2025-02-06T23:51:27.369514Z",
            "yes_price": 4,
            "no_price": 96,
            "taker_side": "no"
        },
        {
            "trade_id": "f455d21c-49bf-4a7c-bc1c-b7eef1fd72df",
            "ticker": "KXHIGHAUS-25FEB07-T78",
            "count": 6,
            "created_time": "2025-02-06T23:48:22.892662Z",
            "yes_price": 4,
            "no_price": 96,
            "taker_side": "no"
        },
        {
            "trade_id": "639e9c6b-d92b-4879-bf09-6621e5f04c63",
            "ticker": "KXHIGHAUS-25FEB07-T78",
            "count": 1,
            "created_time": "2025-02-06T23:47:28.621724Z",
            "yes_price": 4,
            "no_price": 96,
            "taker_side": "no"
        },
        {
            "trade_id": "f47c4ffb-c19c-4823-9619-942212fd690c",
            "ticker": "KXHIGHAUS-25FEB07-T78",
            "count": 4,
            "created_time": "2025-02-06T23:45:37.742436Z",
            "yes_price": 4,
            "no_price": 96,
            "taker_side": "no"
        },
        {
            "trade_id": "5f661add-b83d-4a56-b7e5-9524d3a983a5",
            "ticker": "KXHIGHAUS-25FEB07-T78",
            "count": 1,
            "created_time": "2025-02-06T23:45:27.016728Z",
            "yes_price": 4,
            "no_price": 96,
            "taker_side": "no"
        },
        {
            "trade_id": "4409e397-8a63-42d5-aee5-5630af8daa57",
            "ticker": "KXHIGHAUS-25FEB07-T78",
            "count": 6,
            "created_time": "2025-02-06T23:33:24.681405Z",
            "yes_price": 4,
            "no_price": 96,
            "taker_side": "no"
        },
        {
            "trade_id": "0ab35e1d-dfe9-4227-b361-02c3bce08675",
            "ticker": "KXHIGHAUS-25FEB07-T78",
            "count": 1,
            "created_time": "2025-02-06T23:32:57.121972Z",
            "yes_price": 4,
            "no_price": 96,
            "taker_side": "no"
        },
        {
            "trade_id": "2555e6d8-9f78-44dd-b028-24a56f60d804",
            "ticker": "KXHIGHAUS-25FEB07-T78",
            "count": 1,
            "created_time": "2025-02-06T23:30:35.873742Z",
            "yes_price": 4,
            "no_price": 96,
            "taker_side": "no"
        },
        {
            "trade_id": "2d551a12-c5a9-4183-9062-69d0d7da4519",
            "ticker": "KXHIGHAUS-25FEB07-T78",
            "count": 100,
            "created_time": "2025-02-06T23:27:25.482501Z",
            "yes_price": 4,
            "no_price": 96,
            "taker_side": "no"
        },
        {
            "trade_id": "8b54fc3a-a41f-4180-b8bf-55b5e83ca04b",
            "ticker": "KXHIGHAUS-25FEB07-T78",
            "count": 64,
            "created_time": "2025-02-06T23:24:40.334415Z",
            "yes_price": 4,
            "no_price": 96,
            "taker_side": "no"
        },
        {
            "trade_id": "bc3fbc6e-be92-40d9-aa7c-5a367751a83f",
            "ticker": "KXHIGHAUS-25FEB07-T78",
            "count": 10,
            "created_time": "2025-02-06T15:33:33.986155Z",
            "yes_price": 21,
            "no_price": 79,
            "taker_side": "yes"
        },
        {
            "trade_id": "96f7355e-7403-4028-a279-8b0ce6f48cf5",
            "ticker": "KXHIGHAUS-25FEB07-T78",
            "count": 17,
            "created_time": "2025-02-06T15:24:03.450324Z",
            "yes_price": 19,
            "no_price": 81,
            "taker_side": "no"
        },
        {
            "trade_id": "b1fd8972-f66c-48bd-b204-c02da3adf01d",
            "ticker": "KXHIGHAUS-25FEB07-T78",
            "count": 9,
            "created_time": "2025-02-06T15:20:36.476281Z",
            "yes_price": 19,
            "no_price": 81,
            "taker_side": "no"
        },
        {
            "trade_id": "8bf3b244-5beb-49ac-b654-d47adf9419a0",
            "ticker": "KXHIGHAUS-25FEB07-T78",
            "count": 3,
            "created_time": "2025-02-06T15:15:25.355423Z",
            "yes_price": 20,
            "no_price": 80,
            "taker_side": "no"
        },
        {
            "trade_id": "3879ac7e-45e0-47d4-ac8e-36574e90e68f",
            "ticker": "KXHIGHAUS-25FEB07-T78",
            "count": 9,
            "created_time": "2025-02-06T15:15:25.355423Z",
            "yes_price": 20,
            "no_price": 80,
            "taker_side": "no"
        },
        {
            "trade_id": "7fab9fb1-6a9c-4023-bd78-3b57b08b30b9",
            "ticker": "KXHIGHAUS-25FEB07-T78",
            "count": 13,
            "created_time": "2025-02-06T15:12:27.16234Z",
            "yes_price": 22,
            "no_price": 78,
            "taker_side": "no"
        },
        {
            "trade_id": "c207090a-b14d-4e2a-ad96-4d9a5f0d1f48",
            "ticker": "KXHIGHAUS-25FEB07-T78",
            "count": 8,
            "created_time": "2025-02-06T15:12:25.748997Z",
            "yes_price": 22,
            "no_price": 78,
            "taker_side": "no"
        },
        {
            "trade_id": "65ca038c-2fb1-400a-9b00-c0b4d85c2edb",
            "ticker": "KXHIGHAUS-25FEB07-T78",
            "count": 50,
            "created_time": "2025-02-06T15:12:24.802173Z",
            "yes_price": 20,
            "no_price": 80,
            "taker_side": "no"
        },
        {
            "trade_id": "42fae2b5-1d00-4321-8df3-81f032a5be99",
            "ticker": "KXHIGHAUS-25FEB07-T78",
            "count": 24,
            "created_time": "2025-02-06T15:12:24.397418Z",
            "yes_price": 20,
            "no_price": 80,
            "taker_side": "yes"
        },
        {
            "trade_id": "c717fd34-518e-4116-b530-e71b193845e5",
            "ticker": "KXHIGHAUS-25FEB07-T78",
            "count": 9,
            "created_time": "2025-02-06T15:12:24.302345Z",
            "yes_price": 10,
            "no_price": 90,
            "taker_side": "yes"
        }
    ],
    "KXHIGHAUS-25FEB07-B78.5": [
        {
            "trade_id": "b6341888-dc72-45f3-993a-77dd9d191308",
            "ticker": "KXHIGHAUS-25FEB07-B78.5",
            "count": 93,
            "created_time": "2025-02-08T05:06:38.562492Z",
            "yes_price": 1,
            "no_price": 99,
            "taker_side": "yes"
        },
        {
            "trade_id": "7fd74ff4-0073-4cb3-9087-9ebaaea9d818",
            "ticker": "KXHIGHAUS-25FEB07-B78.5",
            "count": 4,
            "created_time": "2025-02-08T03:20:42.36137Z",
            "yes_price": 1,
            "no_price": 99,
            "taker_side": "yes"
        },
        {
            "trade_id": "ff289588-81d3-45d7-9e6c-a69087513158",
            "ticker": "KXHIGHAUS-25FEB07-B78.5",
            "count": 60,
            "created_time": "2025-02-08T00:04:16.682182Z",
            "yes_price": 1,
            "no_price": 99,
            "taker_side": "yes"
        },
        {
            "trade_id": "0ea666ce-da18-4e76-9b5c-ca2ad10be499",
            "ticker": "KXHIGHAUS-25FEB07-B78.5",
            "count": 50,
            "created_time": "2025-02-07T22:51:21.41631Z",
            "yes_price": 1,
            "no_price": 99,
            "taker_side": "yes"
        },
        {
            "trade_id": "119b51cc-d5b3-4ffa-a746-8ee85e438ea6",
            "ticker": "KXHIGHAUS-25FEB07-B78.5",
            "count": 523,
            "created_time": "2025-02-07T22:46:04.34344Z",
            "yes_price": 1,
            "no_price": 99,
            "taker_side": "yes"
        },
        {
            "trade_id": "cf6450b7-2eeb-4a1b-9968-c3fafe85cc39",
            "ticker": "KXHIGHAUS-25FEB07-B78.5",
            "count": 70,
            "created_time": "2025-02-07T22:41:03.308171Z",
            "yes_price": 1,
            "no_price": 99,
            "taker_side": "yes"
        },
        {
            "trade_id": "bf85bf0e-64a9-464c-912e-351a647f03ea",
            "ticker": "KXHIGHAUS-25FEB07-B78.5",
            "count": 33,
            "created_time": "2025-02-07T22:35:11.510287Z",
            "yes_price": 1,
            "no_price": 99,
            "taker_side": "yes"
        },
        {
            "trade_id": "f1281f6d-fd1c-4863-a9f9-9df0b0d853ef",
            "ticker": "KXHIGHAUS-25FEB07-B78.5",
            "count": 50,
            "created_time": "2025-02-07T22:11:38.299546Z",
            "yes_price": 1,
            "no_price": 99,
            "taker_side": "yes"
        },
        {
            "trade_id": "dac0b528-7f84-4048-a5c3-43262b0da1fe",
            "ticker": "KXHIGHAUS-25FEB07-B78.5",
            "count": 180,
            "created_time": "2025-02-07T21:26:00.483613Z",
            "yes_price": 1,
            "no_price": 99,
            "taker_side": "yes"
        },
        {
            "trade_id": "f38ba6f1-4d6f-4fe7-9573-1fa254f4d1d6",
            "ticker": "KXHIGHAUS-25FEB07-B78.5",
            "count": 935,
            "created_time": "2025-02-07T21:23:31.391686Z",
            "yes_price": 1,
            "no_price": 99,
            "taker_side": "yes"
        },
        {
            "trade_id": "eae09bce-1155-4491-a8c0-ddf24cce61b9",
            "ticker": "KXHIGHAUS-25FEB07-B78.5",
            "count": 100,
            "created_time": "2025-02-07T21:19:54.276757Z",
            "yes_price": 1,
            "no_price": 99,
            "taker_side": "yes"
        },
        {
            "trade_id": "ac68be57-fe7c-46f2-83a5-951dbaab796a",
            "ticker": "KXHIGHAUS-25FEB07-B78.5",
            "count": 62,
            "created_time": "2025-02-07T21:18:41.415703Z",
            "yes_price": 1,
            "no_price": 99,
            "taker_side": "yes"
        },
        {
            "trade_id": "ee5e743d-3cf7-4e96-8716-b996a904696a",
            "ticker": "KXHIGHAUS-25FEB07-B78.5",
            "count": 150,
            "created_time": "2025-02-07T21:10:22.880088Z",
            "yes_price": 1,
            "no_price": 99,
            "taker_side": "yes"
        },
        {
            "trade_id": "ef75067d-f984-4ed7-9aee-cabf8b2a6f7d",
            "ticker": "KXHIGHAUS-25FEB07-B78.5",
            "count": 900,
            "created_time": "2025-02-07T21:09:51.881428Z",
            "yes_price": 1,
            "no_price": 99,
            "taker_side": "yes"
        },
        {
            "trade_id": "f59e3699-ae9f-466b-b170-bd4850c9705e",
            "ticker": "KXHIGHAUS-25FEB07-B78.5",
            "count": 1011,
            "created_time": "2025-02-07T21:08:46.702238Z",
            "yes_price": 1,
            "no_price": 99,
            "taker_side": "yes"
        },
        {
            "trade_id": "9e464392-8119-4532-8d72-916979264058",
            "ticker": "KXHIGHAUS-25FEB07-B78.5",
            "count": 800,
            "created_time": "2025-02-07T21:06:30.895917Z",
            "yes_price": 1,
            "no_price": 99,
            "taker_side": "yes"
        },
        {
            "trade_id": "ea4790b5-5765-4857-9a60-75cdcb0f1d4a",
            "ticker": "KXHIGHAUS-25FEB07-B78.5",
            "count": 147,
            "created_time": "2025-02-07T21:02:39.725621Z",
            "yes_price": 2,
            "no_price": 98,
            "taker_side": "no"
        },
        {
            "trade_id": "b4a3f291-6ab3-4ebf-ba44-f4d7fe079d15",
            "ticker": "KXHIGHAUS-25FEB07-B78.5",
            "count": 100,
            "created_time": "2025-02-07T21:02:39.725621Z",
            "yes_price": 3,
            "no_price": 97,
            "taker_side": "no"
        },
        {
            "trade_id": "9c6562e0-f417-40a3-b055-f0ba7425ecee",
            "ticker": "KXHIGHAUS-25FEB07-B78.5",
            "count": 150,
            "created_time": "2025-02-07T21:02:39.725621Z",
            "yes_price": 1,
            "no_price": 99,
            "taker_side": "no"
        },
        {
            "trade_id": "71a20126-42c8-49a9-9a84-e911de238ecb",
            "ticker": "KXHIGHAUS-25FEB07-B78.5",
            "count": 50,
            "created_time": "2025-02-07T21:02:39.725621Z",
            "yes_price": 1,
            "no_price": 99,
            "taker_side": "no"
        },
        {
            "trade_id": "5f5620df-c355-45af-95f5-5d5d9c1d9204",
            "ticker": "KXHIGHAUS-25FEB07-B78.5",
            "count": 100,
            "created_time": "2025-02-07T21:02:39.725621Z",
            "yes_price": 1,
            "no_price": 99,
            "taker_side": "no"
        },
        {
            "trade_id": "41c55c22-e5ae-4508-9f7c-8b859eaf6996",
            "ticker": "KXHIGHAUS-25FEB07-B78.5",
            "count": 97,
            "created_time": "2025-02-07T21:02:39.725621Z",
            "yes_price": 3,
            "no_price": 97,
            "taker_side": "no"
        },
        {
            "trade_id": "0f692200-d4f4-4138-9e24-5a51dbdb0772",
            "ticker": "KXHIGHAUS-25FEB07-B78.5",
            "count": 50,
            "created_time": "2025-02-07T21:02:39.725621Z",
            "yes_price": 2,
            "no_price": 98,
            "taker_side": "no"
        },
        {
            "trade_id": "0b00708b-7e63-4926-ae8a-505627dce4a2",
            "ticker": "KXHIGHAUS-25FEB07-B78.5",
            "count": 50,
            "created_time": "2025-02-07T21:02:39.725621Z",
            "yes_price": 2,
            "no_price": 98,
            "taker_side": "no"
        },
        {
            "trade_id": "03b3836d-fb92-4f4e-b63e-4d40f6995caf",
            "ticker": "KXHIGHAUS-25FEB07-B78.5",
            "count": 536,
            "created_time": "2025-02-07T21:02:39.725621Z",
            "yes_price": 1,
            "no_price": 99,
            "taker_side": "no"
        },
        {
            "trade_id": "edec269b-9616-4bfb-8153-fb2c82a126c4",
            "ticker": "KXHIGHAUS-25FEB07-B78.5",
            "count": 2,
            "created_time": "2025-02-07T20:57:58.221147Z",
            "yes_price": 4,
            "no_price": 96,
            "taker_side": "yes"
        },
        {
            "trade_id": "a6311ed6-c43a-4f85-ace0-e7a592bb1430",
            "ticker": "KXHIGHAUS-25FEB07-B78.5",
            "count": 48,
            "created_time": "2025-02-07T20:57:58.221147Z",
            "yes_price": 7,
            "no_price": 93,
            "taker_side": "yes"
        },
        {
            "trade_id": "78979e00-cfa8-400e-aaca-6826da49fcca",
            "ticker": "KXHIGHAUS-25FEB07-B78.5",
            "count": 150,
            "created_time": "2025-02-07T20:57:58.221147Z",
            "yes_price": 5,
            "no_price": 95,
            "taker_side": "yes"
        },
        {
            "trade_id": "5b9c5569-7be9-475c-8a82-1207ab711f28",
            "ticker": "KXHIGHAUS-25FEB07-B78.5",
            "count": 100,
            "created_time": "2025-02-07T20:57:58.221147Z",
            "yes_price": 4,
            "no_price": 96,
            "taker_side": "yes"
        },
        {
            "trade_id": "b8f7872a-b6b4-4f9e-81db-1ca3608c50f9",
            "ticker": "KXHIGHAUS-25FEB07-B78.5",
            "count": 3,
            "created_time": "2025-02-07T20:55:25.394121Z",
            "yes_price": 3,
            "no_price": 97,
            "taker_side": "no"
        },
        {
            "trade_id": "139021b9-1b36-4166-9e98-c6945ed0230e",
            "ticker": "KXHIGHAUS-25FEB07-B78.5",
            "count": 2,
            "created_time": "2025-02-07T20:51:47.525491Z",
            "yes_price": 5,
            "no_price": 95,
            "taker_side": "yes"
        },
        {
            "trade_id": "c80bfaae-e1b4-4180-a71b-1b845af116bb",
            "ticker": "KXHIGHAUS-25FEB07-B78.5",
            "count": 100,
            "created_time": "2025-02-07T20:49:09.014438Z",
            "yes_price": 4,
            "no_price": 96,
            "taker_side": "yes"
        },
        {
            "trade_id": "742a8190-096a-4382-b5fa-2eeac44b7044",
            "ticker": "KXHIGHAUS-25FEB07-B78.5",
            "count": 2,
            "created_time": "2025-02-07T20:49:09.014438Z",
            "yes_price": 4,
            "no_price": 96,
            "taker_side": "yes"
        },
        {
            "trade_id": "453bdda3-812c-4f15-aea1-94bd1bb9d99f",
            "ticker": "KXHIGHAUS-25FEB07-B78.5",
            "count": 198,
            "created_time": "2025-02-07T20:49:09.014438Z",
            "yes_price": 5,
            "no_price": 95,
            "taker_side": "yes"
        },
        {
            "trade_id": "f65c637c-d8e8-4ad8-bb35-5ddbf6f08068",
            "ticker": "KXHIGHAUS-25FEB07-B78.5",
            "count": 100,
            "created_time": "2025-02-07T20:46:09.922684Z",
            "yes_price": 4,
            "no_price": 96,
            "taker_side": "yes"
        },
        {
            "trade_id": "ce62f4d5-e145-4d8e-bcee-4328c2cd66b3",
            "ticker": "KXHIGHAUS-25FEB07-B78.5",
            "count": 166,
            "created_time": "2025-02-07T20:46:09.922684Z",
            "yes_price": 4,
            "no_price": 96,
            "taker_side": "yes"
        },
        {
            "trade_id": "97f21643-f836-4fac-9820-98ed53aa4afb",
            "ticker": "KXHIGHAUS-25FEB07-B78.5",
            "count": 134,
            "created_time": "2025-02-07T20:44:47.020157Z",
            "yes_price": 4,
            "no_price": 96,
            "taker_side": "yes"
        },
        {
            "trade_id": "fa3966d5-c875-457d-9287-92326677cd35",
            "ticker": "KXHIGHAUS-25FEB07-B78.5",
            "count": 100,
            "created_time": "2025-02-07T20:38:45.169606Z",
            "yes_price": 4,
            "no_price": 96,
            "taker_side": "no"
        },
        {
            "trade_id": "e78aec77-cd09-4b17-95b8-bb722bc37550",
            "ticker": "KXHIGHAUS-25FEB07-B78.5",
            "count": 6,
            "created_time": "2025-02-07T20:38:45.169606Z",
            "yes_price": 4,
            "no_price": 96,
            "taker_side": "no"
        },
        {
            "trade_id": "8e668bb2-2098-421e-bf1a-2de452fc508b",
            "ticker": "KXHIGHAUS-25FEB07-B78.5",
            "count": 143,
            "created_time": "2025-02-07T20:38:45.169606Z",
            "yes_price": 2,
            "no_price": 98,
            "taker_side": "no"
        },
        {
            "trade_id": "42ab1b43-0174-40ad-b9d4-3a93bf3da467",
            "ticker": "KXHIGHAUS-25FEB07-B78.5",
            "count": 163,
            "created_time": "2025-02-07T20:36:47.866772Z",
            "yes_price": 4,
            "no_price": 96,
            "taker_side": "yes"
        },
        {
            "trade_id": "d559434b-cdb5-4da2-b259-ed2992687022",
            "ticker": "KXHIGHAUS-25FEB07-B78.5",
            "count": 30,
            "created_time": "2025-02-07T20:36:27.898089Z",
            "yes_price": 4,
            "no_price": 96,
            "taker_side": "yes"
        },
        {
            "trade_id": "57c6e758-32a0-42a8-ae85-4bd9f0f8d808",
            "ticker": "KXHIGHAUS-25FEB07-B78.5",
            "count": 100,
            "created_time": "2025-02-07T20:35:46.991823Z",
            "yes_price": 3,
            "no_price": 97,
            "taker_side": "no"
        },
        {
            "trade_id": "11edd382-67fe-4b91-859c-b21ccad95b22",
            "ticker": "KXHIGHAUS-25FEB07-B78.5",
            "count": 7,
            "created_time": "2025-02-07T20:35:46.991823Z",
            "yes_price": 3,
            "no_price": 97,
            "taker_side": "no"
        },
        {
            "trade_id": "e28871e7-fe74-4b93-82f6-2ca90faa6113",
            "ticker": "KXHIGHAUS-25FEB07-B78.5",
            "count": 100,
            "created_time": "2025-02-07T20:32:54.774558Z",
            "yes_price": 9,
            "no_price": 91,
            "taker_side": "no"
        },
        {
            "trade_id": "4a5e9ba2-5140-472e-be41-1a48466aff83",
            "ticker": "KXHIGHAUS-25FEB07-B78.5",
            "count": 200,
            "created_time": "2025-02-07T20:32:54.774558Z",
            "yes_price": 9,
            "no_price": 91,
            "taker_side": "no"
        },
        {
            "trade_id": "3cc1b1a8-e358-4938-a977-c7cf593e9fbc",
            "ticker": "KXHIGHAUS-25FEB07-B78.5",
            "count": 170,
            "created_time": "2025-02-07T20:32:54.774558Z",
            "yes_price": 9,
            "no_price": 91,
            "taker_side": "no"
        },
        {
            "trade_id": "e427ac60-e42a-4dc8-b4bd-dfafefa172c9",
            "ticker": "KXHIGHAUS-25FEB07-B78.5",
            "count": 30,
            "created_time": "2025-02-07T20:32:52.109492Z",
            "yes_price": 9,
            "no_price": 91,
            "taker_side": "no"
        },
        {
            "trade_id": "3f7f86bc-a251-4523-ad27-0377e8a7948c",
            "ticker": "KXHIGHAUS-25FEB07-B78.5",
            "count": 1,
            "created_time": "2025-02-07T20:30:47.685243Z",
            "yes_price": 13,
            "no_price": 87,
            "taker_side": "yes"
        },
        {
            "trade_id": "117b735d-8ab1-4c8f-875d-caecead33a15",
            "ticker": "KXHIGHAUS-25FEB07-B78.5",
            "count": 99,
            "created_time": "2025-02-07T20:30:47.685243Z",
            "yes_price": 13,
            "no_price": 87,
            "taker_side": "yes"
        },
        {
            "trade_id": "f332d766-3622-4eef-940d-98115572ad26",
            "ticker": "KXHIGHAUS-25FEB07-B78.5",
            "count": 18,
            "created_time": "2025-02-07T20:25:26.322696Z",
            "yes_price": 16,
            "no_price": 84,
            "taker_side": "yes"
        },
        {
            "trade_id": "b6eb3389-2706-4e1b-8345-b1118bd2251f",
            "ticker": "KXHIGHAUS-25FEB07-B78.5",
            "count": 5,
            "created_time": "2025-02-07T20:25:26.322696Z",
            "yes_price": 16,
            "no_price": 84,
            "taker_side": "yes"
        },
        {
            "trade_id": "bfb5a6ed-7d5e-44f8-ac93-fbc948009d9f",
            "ticker": "KXHIGHAUS-25FEB07-B78.5",
            "count": 1,
            "created_time": "2025-02-07T20:19:08.915005Z",
            "yes_price": 16,
            "no_price": 84,
            "taker_side": "yes"
        },
        {
            "trade_id": "32c06f83-f735-4bee-a51b-ddb1b2dd85d4",
            "ticker": "KXHIGHAUS-25FEB07-B78.5",
            "count": 44,
            "created_time": "2025-02-07T20:17:37.929519Z",
            "yes_price": 16,
            "no_price": 84,
            "taker_side": "yes"
        },
        {
            "trade_id": "245116f5-ecf9-4f9c-b2e3-fa2da5547db3",
            "ticker": "KXHIGHAUS-25FEB07-B78.5",
            "count": 3,
            "created_time": "2025-02-07T20:17:37.929519Z",
            "yes_price": 16,
            "no_price": 84,
            "taker_side": "yes"
        },
        {
            "trade_id": "32dfa78c-b9e4-4f0b-a122-82900b8dcaa8",
            "ticker": "KXHIGHAUS-25FEB07-B78.5",
            "count": 3,
            "created_time": "2025-02-07T20:11:59.915205Z",
            "yes_price": 12,
            "no_price": 88,
            "taker_side": "no"
        },
        {
            "trade_id": "cb9bfe51-a43c-4729-a20e-a6db1639e779",
            "ticker": "KXHIGHAUS-25FEB07-B78.5",
            "count": 50,
            "created_time": "2025-02-07T20:11:49.114808Z",
            "yes_price": 18,
            "no_price": 82,
            "taker_side": "yes"
        },
        {
            "trade_id": "c8d635ca-0479-415a-be95-f447509b22c6",
            "ticker": "KXHIGHAUS-25FEB07-B78.5",
            "count": 36,
            "created_time": "2025-02-07T20:11:49.114808Z",
            "yes_price": 23,
            "no_price": 77,
            "taker_side": "yes"
        },
        {
            "trade_id": "9a1fdf74-9f92-4503-9be8-9b81f5826332",
            "ticker": "KXHIGHAUS-25FEB07-B78.5",
            "count": 53,
            "created_time": "2025-02-07T20:11:49.114808Z",
            "yes_price": 22,
            "no_price": 78,
            "taker_side": "yes"
        },
        {
            "trade_id": "75d3489d-2725-4b8d-9458-4d16d30b0eb2",
            "ticker": "KXHIGHAUS-25FEB07-B78.5",
            "count": 10,
            "created_time": "2025-02-07T20:11:49.114808Z",
            "yes_price": 22,
            "no_price": 78,
            "taker_side": "yes"
        },
        {
            "trade_id": "758fbb4c-38f4-42ab-8b46-f4b6d05ee306",
            "ticker": "KXHIGHAUS-25FEB07-B78.5",
            "count": 100,
            "created_time": "2025-02-07T20:11:49.114808Z",
            "yes_price": 16,
            "no_price": 84,
            "taker_side": "yes"
        },
        {
            "trade_id": "d21b8411-04ac-483c-bc5d-209b5062af96",
            "ticker": "KXHIGHAUS-25FEB07-B78.5",
            "count": 2,
            "created_time": "2025-02-07T20:11:29.159436Z",
            "yes_price": 15,
            "no_price": 85,
            "taker_side": "yes"
        },
        {
            "trade_id": "aa386647-562e-4882-987d-a3199e0ae763",
            "ticker": "KXHIGHAUS-25FEB07-B78.5",
            "count": 500,
            "created_time": "2025-02-07T20:11:29.159436Z",
            "yes_price": 15,
            "no_price": 85,
            "taker_side": "yes"
        },
        {
            "trade_id": "436b37cc-e8c0-4a95-bc5b-8cdce794aa36",
            "ticker": "KXHIGHAUS-25FEB07-B78.5",
            "count": 100,
            "created_time": "2025-02-07T20:11:29.159436Z",
            "yes_price": 15,
            "no_price": 85,
            "taker_side": "yes"
        },
        {
            "trade_id": "c6e73e77-7b4e-458b-8d4f-c6c16b465077",
            "ticker": "KXHIGHAUS-25FEB07-B78.5",
            "count": 50,
            "created_time": "2025-02-07T20:10:44.402469Z",
            "yes_price": 12,
            "no_price": 88,
            "taker_side": "no"
        },
        {
            "trade_id": "8d16199b-3171-479f-8756-dcbe1da86692",
            "ticker": "KXHIGHAUS-25FEB07-B78.5",
            "count": 84,
            "created_time": "2025-02-07T20:10:16.904288Z",
            "yes_price": 12,
            "no_price": 88,
            "taker_side": "no"
        },
        {
            "trade_id": "98c94c05-5057-4e34-9ce4-ee3519352c03",
            "ticker": "KXHIGHAUS-25FEB07-B78.5",
            "count": 14,
            "created_time": "2025-02-07T20:09:03.429016Z",
            "yes_price": 11,
            "no_price": 89,
            "taker_side": "yes"
        },
        {
            "trade_id": "72e27efe-419d-4ea7-b1d2-a4899d398250",
            "ticker": "KXHIGHAUS-25FEB07-B78.5",
            "count": 18,
            "created_time": "2025-02-07T20:08:15.413934Z",
            "yes_price": 15,
            "no_price": 85,
            "taker_side": "no"
        },
        {
            "trade_id": "d4161b84-34bf-4d67-9036-656705c891f3",
            "ticker": "KXHIGHAUS-25FEB07-B78.5",
            "count": 100,
            "created_time": "2025-02-07T20:07:28.715239Z",
            "yes_price": 16,
            "no_price": 84,
            "taker_side": "no"
        },
        {
            "trade_id": "b373e16a-5cf3-412c-b2f1-c0a08c3bdd32",
            "ticker": "KXHIGHAUS-25FEB07-B78.5",
            "count": 2416,
            "created_time": "2025-02-07T20:07:28.715239Z",
            "yes_price": 15,
            "no_price": 85,
            "taker_side": "no"
        },
        {
            "trade_id": "30b2b850-629e-4a0e-a81c-7204d0ed7bab",
            "ticker": "KXHIGHAUS-25FEB07-B78.5",
            "count": 32,
            "created_time": "2025-02-07T20:07:28.715239Z",
            "yes_price": 16,
            "no_price": 84,
            "taker_side": "no"
        },
        {
            "trade_id": "afc42a20-7d89-4c6f-b13d-b52163a00d0a",
            "ticker": "KXHIGHAUS-25FEB07-B78.5",
            "count": 2,
            "created_time": "2025-02-07T20:05:27.622911Z",
            "yes_price": 16,
            "no_price": 84,
            "taker_side": "no"
        },
        {
            "trade_id": "96e00cd5-b843-461b-bf1b-64619b88ff67",
            "ticker": "KXHIGHAUS-25FEB07-B78.5",
            "count": 1,
            "created_time": "2025-02-07T20:05:04.663322Z",
            "yes_price": 18,
            "no_price": 82,
            "taker_side": "yes"
        },
        {
            "trade_id": "51633727-1679-4f0c-8c80-e5e710c28ded",
            "ticker": "KXHIGHAUS-25FEB07-B78.5",
            "count": 77,
            "created_time": "2025-02-07T20:05:04.663322Z",
            "yes_price": 18,
            "no_price": 82,
            "taker_side": "yes"
        },
        {
            "trade_id": "c6bfde97-25b5-472d-89a0-f325bb041862",
            "ticker": "KXHIGHAUS-25FEB07-B78.5",
            "count": 53,
            "created_time": "2025-02-07T20:01:38.614966Z",
            "yes_price": 16,
            "no_price": 84,
            "taker_side": "no"
        },
        {
            "trade_id": "aeeea074-b837-421b-9c0e-27564a9aa60e",
            "ticker": "KXHIGHAUS-25FEB07-B78.5",
            "count": 69,
            "created_time": "2025-02-07T20:01:38.614966Z",
            "yes_price": 16,
            "no_price": 84,
            "taker_side": "no"
        },
        {
            "trade_id": "4993f178-4042-4597-bb03-531930f82ee7",
            "ticker": "KXHIGHAUS-25FEB07-B78.5",
            "count": 566,
            "created_time": "2025-02-07T20:01:38.614966Z",
            "yes_price": 15,
            "no_price": 85,
            "taker_side": "no"
        },
        {
            "trade_id": "af89b881-3514-4bc9-908e-e0ee7a78771f",
            "ticker": "KXHIGHAUS-25FEB07-B78.5",
            "count": 75,
            "created_time": "2025-02-07T19:54:27.188587Z",
            "yes_price": 17,
            "no_price": 83,
            "taker_side": "no"
        },
        {
            "trade_id": "7d0831ed-1987-4e8f-a290-c22532e3e124",
            "ticker": "KXHIGHAUS-25FEB07-B78.5",
            "count": 59,
            "created_time": "2025-02-07T19:54:27.188587Z",
            "yes_price": 16,
            "no_price": 84,
            "taker_side": "no"
        },
        {
            "trade_id": "b0bd073f-a562-479d-8754-e66599c78c1c",
            "ticker": "KXHIGHAUS-25FEB07-B78.5",
            "count": 10,
            "created_time": "2025-02-07T19:54:23.849967Z",
            "yes_price": 17,
            "no_price": 83,
            "taker_side": "yes"
        },
        {
            "trade_id": "24ce06fe-379a-4403-ac6f-9e4394944c28",
            "ticker": "KXHIGHAUS-25FEB07-B78.5",
            "count": 182,
            "created_time": "2025-02-07T19:54:23.849967Z",
            "yes_price": 17,
            "no_price": 83,
            "taker_side": "yes"
        },
        {
            "trade_id": "d92d616f-0d19-4962-9446-b7990b87dac5",
            "ticker": "KXHIGHAUS-25FEB07-B78.5",
            "count": 7,
            "created_time": "2025-02-07T19:51:50.799684Z",
            "yes_price": 17,
            "no_price": 83,
            "taker_side": "no"
        },
        {
            "trade_id": "4a7c0101-66dd-439e-b8e7-b1e51ab2854f",
            "ticker": "KXHIGHAUS-25FEB07-B78.5",
            "count": 24,
            "created_time": "2025-02-07T19:50:59.167827Z",
            "yes_price": 18,
            "no_price": 82,
            "taker_side": "yes"
        },
        {
            "trade_id": "f2d013d1-ad17-4982-b8c6-a1b86321e675",
            "ticker": "KXHIGHAUS-25FEB07-B78.5",
            "count": 388,
            "created_time": "2025-02-07T19:50:43.458284Z",
            "yes_price": 16,
            "no_price": 84,
            "taker_side": "no"
        },
        {
            "trade_id": "38d58049-c1ae-47e7-ab7b-1bb117cd0599",
            "ticker": "KXHIGHAUS-25FEB07-B78.5",
            "count": 10,
            "created_time": "2025-02-07T19:50:43.458284Z",
            "yes_price": 18,
            "no_price": 82,
            "taker_side": "no"
        },
        {
            "trade_id": "21add953-868d-4df6-a36f-d21476053cb1",
            "ticker": "KXHIGHAUS-25FEB07-B78.5",
            "count": 145,
            "created_time": "2025-02-07T19:50:43.458284Z",
            "yes_price": 19,
            "no_price": 81,
            "taker_side": "no"
        },
        {
            "trade_id": "ecbb33c6-fe47-410c-b3db-9c49def27025",
            "ticker": "KXHIGHAUS-25FEB07-B78.5",
            "count": 13,
            "created_time": "2025-02-07T19:50:32.875706Z",
            "yes_price": 21,
            "no_price": 79,
            "taker_side": "yes"
        },
        {
            "trade_id": "7c576b2d-6dfc-49af-9a43-6a51e4fb444a",
            "ticker": "KXHIGHAUS-25FEB07-B78.5",
            "count": 13,
            "created_time": "2025-02-07T19:50:21.81024Z",
            "yes_price": 22,
            "no_price": 78,
            "taker_side": "yes"
        },
        {
            "trade_id": "86dab5b3-c0b3-4cf0-9dfb-77a633c74a95",
            "ticker": "KXHIGHAUS-25FEB07-B78.5",
            "count": 100,
            "created_time": "2025-02-07T19:50:06.991587Z",
            "yes_price": 21,
            "no_price": 79,
            "taker_side": "yes"
        },
        {
            "trade_id": "1bc2f383-db2f-40e2-86a2-0cac832a724b",
            "ticker": "KXHIGHAUS-25FEB07-B78.5",
            "count": 1,
            "created_time": "2025-02-07T19:50:06.991587Z",
            "yes_price": 21,
            "no_price": 79,
            "taker_side": "yes"
        },
        {
            "trade_id": "a4d1c1f0-7e9e-4756-bdc2-ae0270de08c7",
            "ticker": "KXHIGHAUS-25FEB07-B78.5",
            "count": 6,
            "created_time": "2025-02-07T19:48:26.138142Z",
            "yes_price": 21,
            "no_price": 79,
            "taker_side": "yes"
        },
        {
            "trade_id": "6b7df173-2669-472e-ae1f-2af6b3e6af43",
            "ticker": "KXHIGHAUS-25FEB07-B78.5",
            "count": 39,
            "created_time": "2025-02-07T19:48:26.138142Z",
            "yes_price": 21,
            "no_price": 79,
            "taker_side": "yes"
        },
        {
            "trade_id": "d3932e6b-e4d4-4c1f-8f54-0b1ad2a8fb02",
            "ticker": "KXHIGHAUS-25FEB07-B78.5",
            "count": 4,
            "created_time": "2025-02-07T19:45:47.937852Z",
            "yes_price": 21,
            "no_price": 79,
            "taker_side": "yes"
        },
        {
            "trade_id": "14b6576a-e796-4e25-b441-baf365c69a99",
            "ticker": "KXHIGHAUS-25FEB07-B78.5",
            "count": 41,
            "created_time": "2025-02-07T19:45:47.937852Z",
            "yes_price": 21,
            "no_price": 79,
            "taker_side": "yes"
        },
        {
            "trade_id": "7a922b42-ef5c-4470-9e26-83fb479f4271",
            "ticker": "KXHIGHAUS-25FEB07-B78.5",
            "count": 7,
            "created_time": "2025-02-07T19:44:39.822743Z",
            "yes_price": 21,
            "no_price": 79,
            "taker_side": "yes"
        },
        {
            "trade_id": "f042e7c4-4bee-43a5-94de-4218cee96ac4",
            "ticker": "KXHIGHAUS-25FEB07-B78.5",
            "count": 2,
            "created_time": "2025-02-07T19:41:42.29368Z",
            "yes_price": 21,
            "no_price": 79,
            "taker_side": "yes"
        },
        {
            "trade_id": "b852d6c8-0c3c-4265-878c-b9a6e08ac495",
            "ticker": "KXHIGHAUS-25FEB07-B78.5",
            "count": 1,
            "created_time": "2025-02-07T19:41:42.29368Z",
            "yes_price": 18,
            "no_price": 82,
            "taker_side": "yes"
        },
        {
            "trade_id": "1a10a731-56a2-4df3-9367-08bd212bac4f",
            "ticker": "KXHIGHAUS-25FEB07-B78.5",
            "count": 15,
            "created_time": "2025-02-07T19:41:42.29368Z",
            "yes_price": 20,
            "no_price": 80,
            "taker_side": "yes"
        },
        {
            "trade_id": "b37936e0-e273-4a0a-9b69-a0bdfd118b08",
            "ticker": "KXHIGHAUS-25FEB07-B78.5",
            "count": 100,
            "created_time": "2025-02-07T19:40:49.781776Z",
            "yes_price": 13,
            "no_price": 87,
            "taker_side": "no"
        },
        {
            "trade_id": "60049593-33b2-42e1-81a5-8ad0a2056465",
            "ticker": "KXHIGHAUS-25FEB07-B78.5",
            "count": 54,
            "created_time": "2025-02-07T19:40:49.781776Z",
            "yes_price": 13,
            "no_price": 87,
            "taker_side": "no"
        },
        {
            "trade_id": "7a494984-bd07-4eed-8313-2bda386ea2ba",
            "ticker": "KXHIGHAUS-25FEB07-B78.5",
            "count": 81,
            "created_time": "2025-02-07T19:34:20.649346Z",
            "yes_price": 15,
            "no_price": 85,
            "taker_side": "no"
        },
        {
            "trade_id": "0b544d3f-ef23-428c-893a-d3ffe764c9fd",
            "ticker": "KXHIGHAUS-25FEB07-B78.5",
            "count": 350,
            "created_time": "2025-02-07T19:34:20.649346Z",
            "yes_price": 14,
            "no_price": 86,
            "taker_side": "no"
        },
        {
            "trade_id": "e9361625-afd9-480b-81da-eee159c4b95c",
            "ticker": "KXHIGHAUS-25FEB07-B78.5",
            "count": 100,
            "created_time": "2025-02-07T19:34:03.084212Z",
            "yes_price": 15,
            "no_price": 85,
            "taker_side": "no"
        },
        {
            "trade_id": "d44661a7-8a5d-40d9-810d-a790295bd32e",
            "ticker": "KXHIGHAUS-25FEB07-B78.5",
            "count": 38,
            "created_time": "2025-02-07T19:34:03.084212Z",
            "yes_price": 15,
            "no_price": 85,
            "taker_side": "no"
        },
        {
            "trade_id": "e4976d03-8331-4300-93f4-f9de54db188c",
            "ticker": "KXHIGHAUS-25FEB07-B78.5",
            "count": 5,
            "created_time": "2025-02-07T19:31:19.834214Z",
            "yes_price": 20,
            "no_price": 80,
            "taker_side": "yes"
        },
        {
            "trade_id": "2098ce00-5530-4802-8db5-74fb29988703",
            "ticker": "KXHIGHAUS-25FEB07-B78.5",
            "count": 35,
            "created_time": "2025-02-07T19:31:19.834214Z",
            "yes_price": 20,
            "no_price": 80,
            "taker_side": "yes"
        },
        {
            "trade_id": "77bbb015-2d33-4048-86a2-70fe6a180ffc",
            "ticker": "KXHIGHAUS-25FEB07-B78.5",
            "count": 21,
            "created_time": "2025-02-07T19:25:57.780869Z",
            "yes_price": 16,
            "no_price": 84,
            "taker_side": "yes"
        },
        {
            "trade_id": "4df34aed-e044-49cf-b705-46990dd0b5e8",
            "ticker": "KXHIGHAUS-25FEB07-B78.5",
            "count": 75,
            "created_time": "2025-02-07T19:25:57.780869Z",
            "yes_price": 15,
            "no_price": 85,
            "taker_side": "yes"
        },
        {
            "trade_id": "1b67e4be-2217-41d8-b073-4b70ffa2a70d",
            "ticker": "KXHIGHAUS-25FEB07-B78.5",
            "count": 12,
            "created_time": "2025-02-07T19:25:57.780869Z",
            "yes_price": 20,
            "no_price": 80,
            "taker_side": "yes"
        },
        {
            "trade_id": "1375700a-adde-4007-8390-fd02e7f256b6",
            "ticker": "KXHIGHAUS-25FEB07-B78.5",
            "count": 102,
            "created_time": "2025-02-07T19:25:57.780869Z",
            "yes_price": 20,
            "no_price": 80,
            "taker_side": "yes"
        },
        {
            "trade_id": "9c867164-f9ff-47f6-8da3-c3e1214c3504",
            "ticker": "KXHIGHAUS-25FEB07-B78.5",
            "count": 2,
            "created_time": "2025-02-07T19:25:08.871552Z",
            "yes_price": 14,
            "no_price": 86,
            "taker_side": "yes"
        },
        {
            "trade_id": "40e7a84d-c519-4de3-9f78-cef38571d5e5",
            "ticker": "KXHIGHAUS-25FEB07-B78.5",
            "count": 75,
            "created_time": "2025-02-07T19:25:08.871552Z",
            "yes_price": 15,
            "no_price": 85,
            "taker_side": "yes"
        },
        {
            "trade_id": "371ce409-f7da-4e4f-96a8-bf2b65fcb824",
            "ticker": "KXHIGHAUS-25FEB07-B78.5",
            "count": 19,
            "created_time": "2025-02-07T19:25:08.871552Z",
            "yes_price": 14,
            "no_price": 86,
            "taker_side": "yes"
        },
        {
            "trade_id": "20514586-2664-49ca-b04c-905272e7a893",
            "ticker": "KXHIGHAUS-25FEB07-B78.5",
            "count": 49,
            "created_time": "2025-02-07T19:23:31.523611Z",
            "yes_price": 13,
            "no_price": 87,
            "taker_side": "no"
        },
        {
            "trade_id": "1b171a83-7bd0-4dbb-b9c0-9860cf85e51f",
            "ticker": "KXHIGHAUS-25FEB07-B78.5",
            "count": 41,
            "created_time": "2025-02-07T19:23:31.523611Z",
            "yes_price": 10,
            "no_price": 90,
            "taker_side": "no"
        },
        {
            "trade_id": "aa9c2416-7532-413a-8892-7f2e48d21916",
            "ticker": "KXHIGHAUS-25FEB07-B78.5",
            "count": 10,
            "created_time": "2025-02-07T18:56:13.848722Z",
            "yes_price": 10,
            "no_price": 90,
            "taker_side": "no"
        },
        {
            "trade_id": "ad59d161-c619-41e4-901b-c585945361df",
            "ticker": "KXHIGHAUS-25FEB07-B78.5",
            "count": 4,
            "created_time": "2025-02-07T18:54:43.393179Z",
            "yes_price": 12,
            "no_price": 88,
            "taker_side": "yes"
        },
        {
            "trade_id": "67c3802b-9a69-4af7-8746-63e41ff9a9b6",
            "ticker": "KXHIGHAUS-25FEB07-B78.5",
            "count": 18,
            "created_time": "2025-02-07T18:54:33.189845Z",
            "yes_price": 15,
            "no_price": 85,
            "taker_side": "yes"
        },
        {
            "trade_id": "ca83ad2e-794f-4c03-ba11-47f2f07fc8c9",
            "ticker": "KXHIGHAUS-25FEB07-B78.5",
            "count": 2,
            "created_time": "2025-02-07T18:54:22.558301Z",
            "yes_price": 14,
            "no_price": 86,
            "taker_side": "yes"
        },
        {
            "trade_id": "42d95295-675d-48b9-8e2a-bc91269816f9",
            "ticker": "KXHIGHAUS-25FEB07-B78.5",
            "count": 20,
            "created_time": "2025-02-07T18:54:22.558301Z",
            "yes_price": 15,
            "no_price": 85,
            "taker_side": "yes"
        },
        {
            "trade_id": "1f1e1e55-678b-499d-ab49-9050da44b539",
            "ticker": "KXHIGHAUS-25FEB07-B78.5",
            "count": 18,
            "created_time": "2025-02-07T18:54:22.558301Z",
            "yes_price": 15,
            "no_price": 85,
            "taker_side": "yes"
        },
        {
            "trade_id": "4b8c5dfb-f669-40ec-af44-30ad71968eed",
            "ticker": "KXHIGHAUS-25FEB07-B78.5",
            "count": 14,
            "created_time": "2025-02-07T18:54:04.487494Z",
            "yes_price": 14,
            "no_price": 86,
            "taker_side": "yes"
        },
        {
            "trade_id": "8f4ecffd-fe77-461c-aaf5-456434aca5a1",
            "ticker": "KXHIGHAUS-25FEB07-B78.5",
            "count": 2,
            "created_time": "2025-02-07T18:51:07.406041Z",
            "yes_price": 9,
            "no_price": 91,
            "taker_side": "yes"
        },
        {
            "trade_id": "ee4fc161-a1e1-4781-aac6-5b04f0e502ca",
            "ticker": "KXHIGHAUS-25FEB07-B78.5",
            "count": 4,
            "created_time": "2025-02-07T18:30:37.977008Z",
            "yes_price": 14,
            "no_price": 86,
            "taker_side": "yes"
        },
        {
            "trade_id": "38aa6f8c-3c93-4e70-b5bf-2dee5709719d",
            "ticker": "KXHIGHAUS-25FEB07-B78.5",
            "count": 29,
            "created_time": "2025-02-07T18:30:37.977008Z",
            "yes_price": 14,
            "no_price": 86,
            "taker_side": "yes"
        },
        {
            "trade_id": "6f74271b-e3e2-4a62-927e-a63ce30002ff",
            "ticker": "KXHIGHAUS-25FEB07-B78.5",
            "count": 20,
            "created_time": "2025-02-07T18:23:22.945468Z",
            "yes_price": 11,
            "no_price": 89,
            "taker_side": "no"
        },
        {
            "trade_id": "bf93ed9a-0a6b-473d-af45-7bd0a8ffc8a1",
            "ticker": "KXHIGHAUS-25FEB07-B78.5",
            "count": 17,
            "created_time": "2025-02-07T18:17:03.084598Z",
            "yes_price": 16,
            "no_price": 84,
            "taker_side": "yes"
        },
        {
            "trade_id": "5f7fc1d1-7d8f-4ce2-a04f-86d47665acb3",
            "ticker": "KXHIGHAUS-25FEB07-B78.5",
            "count": 3,
            "created_time": "2025-02-07T18:12:09.870702Z",
            "yes_price": 14,
            "no_price": 86,
            "taker_side": "yes"
        },
        {
            "trade_id": "98dfaf44-1d87-4eb9-84ea-2c0cd906edbc",
            "ticker": "KXHIGHAUS-25FEB07-B78.5",
            "count": 18,
            "created_time": "2025-02-07T18:09:29.501831Z",
            "yes_price": 17,
            "no_price": 83,
            "taker_side": "no"
        },
        {
            "trade_id": "747d1b1c-0822-4d41-91bc-3385aabe2bd7",
            "ticker": "KXHIGHAUS-25FEB07-B78.5",
            "count": 499,
            "created_time": "2025-02-07T18:09:29.501831Z",
            "yes_price": 12,
            "no_price": 88,
            "taker_side": "no"
        },
        {
            "trade_id": "09d947f2-121e-48fa-bf31-4e9290c139fc",
            "ticker": "KXHIGHAUS-25FEB07-B78.5",
            "count": 350,
            "created_time": "2025-02-07T18:09:29.501831Z",
            "yes_price": 12,
            "no_price": 88,
            "taker_side": "no"
        },
        {
            "trade_id": "1eefd8d9-1635-49b0-8a0c-fe6e61169ed0",
            "ticker": "KXHIGHAUS-25FEB07-B78.5",
            "count": 1,
            "created_time": "2025-02-07T18:06:30.466341Z",
            "yes_price": 15,
            "no_price": 85,
            "taker_side": "yes"
        },
        {
            "trade_id": "535224a3-5e61-4954-a0a4-f450f7d385c5",
            "ticker": "KXHIGHAUS-25FEB07-B78.5",
            "count": 1,
            "created_time": "2025-02-07T18:03:44.506642Z",
            "yes_price": 14,
            "no_price": 86,
            "taker_side": "no"
        },
        {
            "trade_id": "ce96acfa-5f3a-4d01-9d9e-cd9014b516fd",
            "ticker": "KXHIGHAUS-25FEB07-B78.5",
            "count": 14,
            "created_time": "2025-02-07T18:00:20.612001Z",
            "yes_price": 14,
            "no_price": 86,
            "taker_side": "yes"
        },
        {
            "trade_id": "f3403dad-cbdc-4a2e-a161-1d84c892cdf9",
            "ticker": "KXHIGHAUS-25FEB07-B78.5",
            "count": 100,
            "created_time": "2025-02-07T17:33:57.164708Z",
            "yes_price": 12,
            "no_price": 88,
            "taker_side": "yes"
        },
        {
            "trade_id": "e52c3052-6313-42f0-a452-3a36cfe23f55",
            "ticker": "KXHIGHAUS-25FEB07-B78.5",
            "count": 80,
            "created_time": "2025-02-07T17:33:57.164708Z",
            "yes_price": 13,
            "no_price": 87,
            "taker_side": "yes"
        },
        {
            "trade_id": "a9583a09-b48d-4baf-9c31-ddbdea38c44f",
            "ticker": "KXHIGHAUS-25FEB07-B78.5",
            "count": 16,
            "created_time": "2025-02-07T17:33:57.164708Z",
            "yes_price": 13,
            "no_price": 87,
            "taker_side": "yes"
        },
        {
            "trade_id": "a5c7f891-2ab4-4053-8588-04fe43dfb625",
            "ticker": "KXHIGHAUS-25FEB07-B78.5",
            "count": 47,
            "created_time": "2025-02-07T17:33:57.164708Z",
            "yes_price": 13,
            "no_price": 87,
            "taker_side": "yes"
        },
        {
            "trade_id": "83037823-5866-4141-a606-a7977818bab6",
            "ticker": "KXHIGHAUS-25FEB07-B78.5",
            "count": 22,
            "created_time": "2025-02-07T17:33:57.164708Z",
            "yes_price": 13,
            "no_price": 87,
            "taker_side": "yes"
        },
        {
            "trade_id": "776840bb-632b-4d8c-9c23-bfaba785aa09",
            "ticker": "KXHIGHAUS-25FEB07-B78.5",
            "count": 100,
            "created_time": "2025-02-07T17:33:57.164708Z",
            "yes_price": 15,
            "no_price": 85,
            "taker_side": "yes"
        },
        {
            "trade_id": "4583ad07-c6a0-4bbb-88ee-5b7222cc795f",
            "ticker": "KXHIGHAUS-25FEB07-B78.5",
            "count": 1,
            "created_time": "2025-02-07T17:33:57.164708Z",
            "yes_price": 12,
            "no_price": 88,
            "taker_side": "yes"
        },
        {
            "trade_id": "4017fe14-853b-487b-9d64-4de1e7495d13",
            "ticker": "KXHIGHAUS-25FEB07-B78.5",
            "count": 240,
            "created_time": "2025-02-07T17:33:57.164708Z",
            "yes_price": 15,
            "no_price": 85,
            "taker_side": "yes"
        },
        {
            "trade_id": "709c6b1d-b339-4561-95ee-8fb974091b0c",
            "ticker": "KXHIGHAUS-25FEB07-B78.5",
            "count": 4,
            "created_time": "2025-02-07T17:26:35.981163Z",
            "yes_price": 12,
            "no_price": 88,
            "taker_side": "yes"
        },
        {
            "trade_id": "62b96d8c-748e-457c-896b-d93fb568908a",
            "ticker": "KXHIGHAUS-25FEB07-B78.5",
            "count": 6,
            "created_time": "2025-02-07T17:24:41.283519Z",
            "yes_price": 12,
            "no_price": 88,
            "taker_side": "yes"
        },
        {
            "trade_id": "f845b768-58d7-4187-8024-a5825ddfc5e2",
            "ticker": "KXHIGHAUS-25FEB07-B78.5",
            "count": 20,
            "created_time": "2025-02-07T17:22:40.802444Z",
            "yes_price": 13,
            "no_price": 87,
            "taker_side": "yes"
        },
        {
            "trade_id": "c938bd9c-26b3-43ab-9ab9-22455c306f5f",
            "ticker": "KXHIGHAUS-25FEB07-B78.5",
            "count": 100,
            "created_time": "2025-02-07T17:22:40.802444Z",
            "yes_price": 14,
            "no_price": 86,
            "taker_side": "yes"
        },
        {
            "trade_id": "96b5d373-9a66-46ad-bb80-210dd20c53f6",
            "ticker": "KXHIGHAUS-25FEB07-B78.5",
            "count": 91,
            "created_time": "2025-02-07T17:22:40.802444Z",
            "yes_price": 13,
            "no_price": 87,
            "taker_side": "yes"
        },
        {
            "trade_id": "915f1cee-1cd4-4341-b374-033a3a88ed4d",
            "ticker": "KXHIGHAUS-25FEB07-B78.5",
            "count": 12,
            "created_time": "2025-02-07T17:22:40.802444Z",
            "yes_price": 11,
            "no_price": 89,
            "taker_side": "yes"
        },
        {
            "trade_id": "4dea9284-1260-4d4e-b578-47ce48a92501",
            "ticker": "KXHIGHAUS-25FEB07-B78.5",
            "count": 94,
            "created_time": "2025-02-07T17:22:40.802444Z",
            "yes_price": 13,
            "no_price": 87,
            "taker_side": "yes"
        },
        {
            "trade_id": "466436bf-7240-4a03-907f-2148281e2309",
            "ticker": "KXHIGHAUS-25FEB07-B78.5",
            "count": 4,
            "created_time": "2025-02-07T17:22:40.802444Z",
            "yes_price": 13,
            "no_price": 87,
            "taker_side": "yes"
        },
        {
            "trade_id": "7b0d5115-4203-4959-bdb5-85421cd9f010",
            "ticker": "KXHIGHAUS-25FEB07-B78.5",
            "count": 53,
            "created_time": "2025-02-07T17:04:38.630122Z",
            "yes_price": 9,
            "no_price": 91,
            "taker_side": "no"
        },
        {
            "trade_id": "6be27b8a-ebfb-421f-9652-f7f2fec45afb",
            "ticker": "KXHIGHAUS-25FEB07-B78.5",
            "count": 100,
            "created_time": "2025-02-07T17:04:38.630122Z",
            "yes_price": 9,
            "no_price": 91,
            "taker_side": "no"
        },
        {
            "trade_id": "62f4bd43-ad76-4eaa-8349-b6b5205184fd",
            "ticker": "KXHIGHAUS-25FEB07-B78.5",
            "count": 27,
            "created_time": "2025-02-07T17:04:38.630122Z",
            "yes_price": 8,
            "no_price": 92,
            "taker_side": "no"
        },
        {
            "trade_id": "dc25b616-250e-43dc-895a-73964f53a471",
            "ticker": "KXHIGHAUS-25FEB07-B78.5",
            "count": 17,
            "created_time": "2025-02-07T16:59:14.090463Z",
            "yes_price": 13,
            "no_price": 87,
            "taker_side": "yes"
        },
        {
            "trade_id": "cf41ddc0-4aa9-4044-9470-5c97bbd44fff",
            "ticker": "KXHIGHAUS-25FEB07-B78.5",
            "count": 140,
            "created_time": "2025-02-07T16:59:14.090463Z",
            "yes_price": 15,
            "no_price": 85,
            "taker_side": "yes"
        },
        {
            "trade_id": "cd79c421-f8bf-48dc-88f3-31b2ae387665",
            "ticker": "KXHIGHAUS-25FEB07-B78.5",
            "count": 100,
            "created_time": "2025-02-07T16:59:14.090463Z",
            "yes_price": 13,
            "no_price": 87,
            "taker_side": "yes"
        },
        {
            "trade_id": "62a692e4-532b-4d1e-aa42-66aabbcf8163",
            "ticker": "KXHIGHAUS-25FEB07-B78.5",
            "count": 100,
            "created_time": "2025-02-07T16:59:14.090463Z",
            "yes_price": 15,
            "no_price": 85,
            "taker_side": "yes"
        },
        {
            "trade_id": "3bc0310d-8168-4f75-8b6a-3aab66d048bc",
            "ticker": "KXHIGHAUS-25FEB07-B78.5",
            "count": 240,
            "created_time": "2025-02-07T16:59:14.090463Z",
            "yes_price": 15,
            "no_price": 85,
            "taker_side": "yes"
        },
        {
            "trade_id": "28b8112b-ee95-4937-af44-0b69b82cb95a",
            "ticker": "KXHIGHAUS-25FEB07-B78.5",
            "count": 24,
            "created_time": "2025-02-07T16:59:14.090463Z",
            "yes_price": 13,
            "no_price": 87,
            "taker_side": "yes"
        },
        {
            "trade_id": "149ef0d4-3821-4a29-8f29-bf9e272b0453",
            "ticker": "KXHIGHAUS-25FEB07-B78.5",
            "count": 74,
            "created_time": "2025-02-07T16:59:14.090463Z",
            "yes_price": 13,
            "no_price": 87,
            "taker_side": "yes"
        },
        {
            "trade_id": "f79530dd-2950-4e6c-9c15-9f34746e67e6",
            "ticker": "KXHIGHAUS-25FEB07-B78.5",
            "count": 80,
            "created_time": "2025-02-07T16:55:44.68026Z",
            "yes_price": 14,
            "no_price": 86,
            "taker_side": "yes"
        },
        {
            "trade_id": "ded18794-a716-42d0-a365-74f8efdca54a",
            "ticker": "KXHIGHAUS-25FEB07-B78.5",
            "count": 100,
            "created_time": "2025-02-07T16:55:44.68026Z",
            "yes_price": 14,
            "no_price": 86,
            "taker_side": "yes"
        },
        {
            "trade_id": "c7385a35-a597-4455-bf8a-fadb2e7c09dd",
            "ticker": "KXHIGHAUS-25FEB07-B78.5",
            "count": 11,
            "created_time": "2025-02-07T16:55:44.68026Z",
            "yes_price": 12,
            "no_price": 88,
            "taker_side": "yes"
        },
        {
            "trade_id": "b739320c-1fa3-4e3b-9844-414a389057f0",
            "ticker": "KXHIGHAUS-25FEB07-B78.5",
            "count": 63,
            "created_time": "2025-02-07T16:55:44.68026Z",
            "yes_price": 12,
            "no_price": 88,
            "taker_side": "yes"
        },
        {
            "trade_id": "ad927bc7-0ec0-40bf-8e65-4cc1e812f6c5",
            "ticker": "KXHIGHAUS-25FEB07-B78.5",
            "count": 160,
            "created_time": "2025-02-07T16:55:44.68026Z",
            "yes_price": 14,
            "no_price": 86,
            "taker_side": "yes"
        },
        {
            "trade_id": "504156ab-89d9-4b22-bc32-a2077859b3a8",
            "ticker": "KXHIGHAUS-25FEB07-B78.5",
            "count": 18,
            "created_time": "2025-02-07T16:55:44.68026Z",
            "yes_price": 12,
            "no_price": 88,
            "taker_side": "yes"
        },
        {
            "trade_id": "0a63e85e-3abd-406a-b107-4ab23b1d5b84",
            "ticker": "KXHIGHAUS-25FEB07-B78.5",
            "count": 118,
            "created_time": "2025-02-07T16:55:44.68026Z",
            "yes_price": 11,
            "no_price": 89,
            "taker_side": "yes"
        },
        {
            "trade_id": "eca2db20-3c92-4e01-9d7d-eb19109bc34c",
            "ticker": "KXHIGHAUS-25FEB07-B78.5",
            "count": 121,
            "created_time": "2025-02-07T16:53:02.865207Z",
            "yes_price": 11,
            "no_price": 89,
            "taker_side": "yes"
        },
        {
            "trade_id": "0a2f2149-4b45-49dd-9eee-581b4d08160d",
            "ticker": "KXHIGHAUS-25FEB07-B78.5",
            "count": 100,
            "created_time": "2025-02-07T16:53:02.865207Z",
            "yes_price": 11,
            "no_price": 89,
            "taker_side": "yes"
        },
        {
            "trade_id": "92597dee-293c-4e21-88f4-81e6f7670bcb",
            "ticker": "KXHIGHAUS-25FEB07-B78.5",
            "count": 1,
            "created_time": "2025-02-07T16:44:30.459688Z",
            "yes_price": 9,
            "no_price": 91,
            "taker_side": "no"
        },
        {
            "trade_id": "43130082-c5f0-47f0-9402-187e46e1ebea",
            "ticker": "KXHIGHAUS-25FEB07-B78.5",
            "count": 39,
            "created_time": "2025-02-07T16:44:30.459688Z",
            "yes_price": 8,
            "no_price": 92,
            "taker_side": "no"
        },
        {
            "trade_id": "d676ed32-ee53-4e0d-a802-e96de3d96635",
            "ticker": "KXHIGHAUS-25FEB07-B78.5",
            "count": 118,
            "created_time": "2025-02-07T16:42:29.673839Z",
            "yes_price": 8,
            "no_price": 92,
            "taker_side": "no"
        },
        {
            "trade_id": "40bc7eb5-2aaf-4657-8b3d-ea5027a57359",
            "ticker": "KXHIGHAUS-25FEB07-B78.5",
            "count": 230,
            "created_time": "2025-02-07T16:42:27.133864Z",
            "yes_price": 8,
            "no_price": 92,
            "taker_side": "no"
        },
        {
            "trade_id": "3b329b88-ec3b-4118-a54a-d1c2bec68c6f",
            "ticker": "KXHIGHAUS-25FEB07-B78.5",
            "count": 10,
            "created_time": "2025-02-07T16:42:27.133864Z",
            "yes_price": 11,
            "no_price": 89,
            "taker_side": "no"
        },
        {
            "trade_id": "4dc80c5a-e301-4ebf-96cd-af7be9f046e6",
            "ticker": "KXHIGHAUS-25FEB07-B78.5",
            "count": 240,
            "created_time": "2025-02-07T16:42:27.043476Z",
            "yes_price": 11,
            "no_price": 89,
            "taker_side": "no"
        },
        {
            "trade_id": "19cbb75a-773e-4f44-8972-e5a4f67925a1",
            "ticker": "KXHIGHAUS-25FEB07-B78.5",
            "count": 95,
            "created_time": "2025-02-07T16:42:26.951753Z",
            "yes_price": 11,
            "no_price": 89,
            "taker_side": "no"
        },
        {
            "trade_id": "bcc939d2-21ff-43b7-8d8c-73f6ab4ca4cd",
            "ticker": "KXHIGHAUS-25FEB07-B78.5",
            "count": 2,
            "created_time": "2025-02-07T16:41:06.668039Z",
            "yes_price": 11,
            "no_price": 89,
            "taker_side": "no"
        },
        {
            "trade_id": "685a0439-0617-4f27-b539-11b78f138f6f",
            "ticker": "KXHIGHAUS-25FEB07-B78.5",
            "count": 1,
            "created_time": "2025-02-07T16:40:37.627411Z",
            "yes_price": 11,
            "no_price": 89,
            "taker_side": "no"
        },
        {
            "trade_id": "dd8afd24-2ed4-44e3-bf33-e086e6b8be6e",
            "ticker": "KXHIGHAUS-25FEB07-B78.5",
            "count": 13,
            "created_time": "2025-02-07T16:40:22.502681Z",
            "yes_price": 12,
            "no_price": 88,
            "taker_side": "no"
        },
        {
            "trade_id": "f19901ba-8abf-4d5a-89ab-f1ee171e3a43",
            "ticker": "KXHIGHAUS-25FEB07-B78.5",
            "count": 80,
            "created_time": "2025-02-07T16:39:56.449547Z",
            "yes_price": 11,
            "no_price": 89,
            "taker_side": "yes"
        },
        {
            "trade_id": "badbe3e6-bbbc-4dc2-83f1-d65bcc0c65ea",
            "ticker": "KXHIGHAUS-25FEB07-B78.5",
            "count": 31,
            "created_time": "2025-02-07T16:39:56.449547Z",
            "yes_price": 8,
            "no_price": 92,
            "taker_side": "yes"
        },
        {
            "trade_id": "ba066c49-83e8-4ae2-b7ce-932292b08e1c",
            "ticker": "KXHIGHAUS-25FEB07-B78.5",
            "count": 15,
