{
    "KXHIGHAUS-25MAR09-T57": [
        {
            "trade_id": "ad20237b-3616-410f-bb27-aea6b65509ee",
            "ticker": "KXHIGHAUS-25MAR09-T57",
            "count": 1,
            "created_time": "2025-03-10T04:08:44.631879Z",
            "yes_price": 1,
            "no_price": 99,
            "taker_side": "yes"
        },
        {
            "trade_id": "a8c1c2ef-6c8a-42c9-848c-8ad52e01e197",
            "ticker": "KXHIGHAUS-25MAR09-T57",
            "count": 38,
            "created_time": "2025-03-09T17:50:50.402682Z",
            "yes_price": 1,
            "no_price": 99,
            "taker_side": "no"
        },
        {
            "trade_id": "f3c1d8c6-da8a-4a2d-b3ea-5aba853d5305",
            "ticker": "KXHIGHAUS-25MAR09-T57",
            "count": 250,
            "created_time": "2025-03-09T17:49:19.182061Z",
            "yes_price": 1,
            "no_price": 99,
            "taker_side": "yes"
        },
        {
            "trade_id": "c9c1b0f3-f6b7-4fce-88e9-12a6378b9d42",
            "ticker": "KXHIGHAUS-25MAR09-T57",
            "count": 100,
            "created_time": "2025-03-09T17:49:19.182061Z",
            "yes_price": 1,
            "no_price": 99,
            "taker_side": "yes"
        },
        {
            "trade_id": "f0b05f66-0b03-40aa-86d4-16755a3d4920",
            "ticker": "KXHIGHAUS-25MAR09-T57",
            "count": 5,
            "created_time": "2025-03-09T14:31:33.661769Z",
            "yes_price": 1,
            "no_price": 99,
            "taker_side": "no"
        },
        {
            "trade_id": "f2823cbb-c1b2-4951-b9aa-091b59fcf7bf",
            "ticker": "KXHIGHAUS-25MAR09-T57",
            "count": 10,
            "created_time": "2025-03-09T14:11:12.810991Z",
            "yes_price": 1,
            "no_price": 99,
            "taker_side": "no"
        },
        {
            "trade_id": "8b7129cc-3425-4acf-879f-ed8ae13a2f3f",
            "ticker": "KXHIGHAUS-25MAR09-T57",
            "count": 203,
            "created_time": "2025-03-09T13:56:42.084673Z",
            "yes_price": 1,
            "no_price": 99,
            "taker_side": "no"
        },
        {
            "trade_id": "c6d088b6-3ac5-4e0d-bbf7-3eeee6ce9675",
            "ticker": "KXHIGHAUS-25MAR09-T57",
            "count": 25,
            "created_time": "2025-03-09T13:05:30.175911Z",
            "yes_price": 1,
            "no_price": 99,
            "taker_side": "no"
        },
        {
            "trade_id": "bf1b35e4-188a-49d7-a08f-cfee395e2dfd",
            "ticker": "KXHIGHAUS-25MAR09-T57",
            "count": 200,
            "created_time": "2025-03-09T13:00:46.098731Z",
            "yes_price": 1,
            "no_price": 99,
            "taker_side": "no"
        },
        {
            "trade_id": "2c63810b-d2e1-4639-9863-3f33cd12fca7",
            "ticker": "KXHIGHAUS-25MAR09-T57",
            "count": 563,
            "created_time": "2025-03-09T13:00:46.098731Z",
            "yes_price": 2,
            "no_price": 98,
            "taker_side": "no"
        },
        {
            "trade_id": "1475b121-4636-4a3d-9a6c-86ec61247535",
            "ticker": "KXHIGHAUS-25MAR09-T57",
            "count": 750,
            "created_time": "2025-03-09T13:00:46.098731Z",
            "yes_price": 1,
            "no_price": 99,
            "taker_side": "no"
        },
        {
            "trade_id": "93791aea-a93f-4008-a245-e74a08a5e2c5",
            "ticker": "KXHIGHAUS-25MAR09-T57",
            "count": 200,
            "created_time": "2025-03-09T12:39:28.977462Z",
            "yes_price": 2,
            "no_price": 98,
            "taker_side": "no"
        },
        {
            "trade_id": "1287a060-1d53-45f6-8849-697de7a734b6",
            "ticker": "KXHIGHAUS-25MAR09-T57",
            "count": 2,
            "created_time": "2025-03-09T08:27:43.42404Z",
            "yes_price": 3,
            "no_price": 97,
            "taker_side": "yes"
        },
        {
            "trade_id": "fb2a6ec2-a434-4413-b087-a47def0b2c1f",
            "ticker": "KXHIGHAUS-25MAR09-T57",
            "count": 50,
            "created_time": "2025-03-09T03:35:35.996278Z",
            "yes_price": 2,
            "no_price": 98,
            "taker_side": "no"
        },
        {
            "trade_id": "140a9ba3-3fe1-4c25-a01a-a7f5f921d591",
            "ticker": "KXHIGHAUS-25MAR09-T57",
            "count": 750,
            "created_time": "2025-03-09T01:28:12.955719Z",
            "yes_price": 4,
            "no_price": 96,
            "taker_side": "yes"
        },
        {
            "trade_id": "3d282a23-4dfb-4175-babe-ac3e25dd80f4",
            "ticker": "KXHIGHAUS-25MAR09-T57",
            "count": 1,
            "created_time": "2025-03-09T01:26:51.713256Z",
            "yes_price": 3,
            "no_price": 97,
            "taker_side": "yes"
        },
        {
            "trade_id": "08de07ad-20a2-4345-a262-09c3ad43eb4e",
            "ticker": "KXHIGHAUS-25MAR09-T57",
            "count": 1,
            "created_time": "2025-03-09T01:26:51.713256Z",
            "yes_price": 3,
            "no_price": 97,
            "taker_side": "yes"
        },
        {
            "trade_id": "a8daa206-78d8-40ea-bf2c-3f9d4441c099",
            "ticker": "KXHIGHAUS-25MAR09-T57",
            "count": 10,
            "created_time": "2025-03-09T00:15:48.354855Z",
            "yes_price": 2,
            "no_price": 98,
            "taker_side": "no"
        },
        {
            "trade_id": "294c3196-3b9f-47ed-8906-56605f0b7d46",
            "ticker": "KXHIGHAUS-25MAR09-T57",
            "count": 25,
            "created_time": "2025-03-08T22:42:01.634655Z",
            "yes_price": 2,
            "no_price": 98,
            "taker_side": "no"
        },
        {
            "trade_id": "20ac9423-0c7b-493d-876c-37ea18d80f65",
            "ticker": "KXHIGHAUS-25MAR09-T57",
            "count": 25,
            "created_time": "2025-03-08T22:41:32.419134Z",
            "yes_price": 2,
            "no_price": 98,
            "taker_side": "no"
        },
        {
            "trade_id": "124506e1-446a-46d6-bcdc-8f0ace9a1c2a",
            "ticker": "KXHIGHAUS-25MAR09-T57",
            "count": 22,
            "created_time": "2025-03-08T22:41:06.624019Z",
            "yes_price": 2,
            "no_price": 98,
            "taker_side": "no"
        },
        {
            "trade_id": "3a393878-d871-4c66-8cbc-4af25f1ef616",
            "ticker": "KXHIGHAUS-25MAR09-T57",
            "count": 25,
            "created_time": "2025-03-08T22:40:50.476233Z",
            "yes_price": 2,
            "no_price": 98,
            "taker_side": "no"
        },
        {
            "trade_id": "054eef94-6f34-4c83-bf0d-41220735de1d",
            "ticker": "KXHIGHAUS-25MAR09-T57",
            "count": 10,
            "created_time": "2025-03-08T21:54:20.977023Z",
            "yes_price": 2,
            "no_price": 98,
            "taker_side": "no"
        },
        {
            "trade_id": "10d28903-3b94-497d-ba2a-00e3e700ffea",
            "ticker": "KXHIGHAUS-25MAR09-T57",
            "count": 20,
            "created_time": "2025-03-08T20:50:05.364394Z",
            "yes_price": 2,
            "no_price": 98,
            "taker_side": "no"
        },
        {
            "trade_id": "8b3f6203-a2be-4f15-abdb-78ba540bbf7f",
            "ticker": "KXHIGHAUS-25MAR09-T57",
            "count": 250,
            "created_time": "2025-03-08T20:40:48.168428Z",
            "yes_price": 2,
            "no_price": 98,
            "taker_side": "no"
        },
        {
            "trade_id": "90b6ed3d-614d-4756-96d1-c984f47c96d3",
            "ticker": "KXHIGHAUS-25MAR09-T57",
            "count": 388,
            "created_time": "2025-03-08T17:59:59.856957Z",
            "yes_price": 3,
            "no_price": 97,
            "taker_side": "no"
        },
        {
            "trade_id": "d7f97d64-bc4b-4e0e-82f0-1f074ecc6bcf",
            "ticker": "KXHIGHAUS-25MAR09-T57",
            "count": 111,
            "created_time": "2025-03-08T15:22:53.629088Z",
            "yes_price": 5,
            "no_price": 95,
            "taker_side": "yes"
        },
        {
            "trade_id": "791ae6e8-1bc5-420e-b346-21c16409fbac",
            "ticker": "KXHIGHAUS-25MAR09-T57",
            "count": 1,
            "created_time": "2025-03-08T15:22:53.629088Z",
            "yes_price": 5,
            "no_price": 95,
            "taker_side": "yes"
        }
    ],
    "KXHIGHAUS-25MAR09-B57.5": [
        {
            "trade_id": "6bfe58a1-07a2-4e0f-95fe-62fb0e545648",
            "ticker": "KXHIGHAUS-25MAR09-B57.5",
            "count": 467,
            "created_time": "2025-03-09T19:04:10.25489Z",
            "yes_price": 1,
            "no_price": 99,
            "taker_side": "yes"
        },
        {
            "trade_id": "56872279-c9cb-44ea-9383-7a95945cd3a6",
            "ticker": "KXHIGHAUS-25MAR09-B57.5",
            "count": 954,
            "created_time": "2025-03-09T18:58:46.742055Z",
            "yes_price": 1,
            "no_price": 99,
            "taker_side": "no"
        },
        {
            "trade_id": "78346f47-782b-47a5-b4ea-1148183ac832",
            "ticker": "KXHIGHAUS-25MAR09-B57.5",
            "count": 1560,
            "created_time": "2025-03-09T18:48:03.342751Z",
            "yes_price": 3,
            "no_price": 97,
            "taker_side": "yes"
        },
        {
            "trade_id": "e9d9d86c-c3a5-4219-93ec-1869d69dfa03",
            "ticker": "KXHIGHAUS-25MAR09-B57.5",
            "count": 100,
            "created_time": "2025-03-09T18:02:28.21573Z",
            "yes_price": 1,
            "no_price": 99,
            "taker_side": "no"
        },
        {
            "trade_id": "2a5ca6af-4af2-47ce-873a-001965378631",
            "ticker": "KXHIGHAUS-25MAR09-B57.5",
            "count": 3950,
            "created_time": "2025-03-09T17:34:35.400017Z",
            "yes_price": 3,
            "no_price": 97,
            "taker_side": "no"
        },
        {
            "trade_id": "20968674-e34f-40a0-8ea5-dcee2c0b1bd9",
            "ticker": "KXHIGHAUS-25MAR09-B57.5",
            "count": 50,
            "created_time": "2025-03-09T17:08:57.993131Z",
            "yes_price": 3,
            "no_price": 97,
            "taker_side": "no"
        },
        {
            "trade_id": "3f27606a-379a-4648-b2b3-5e95e009899f",
            "ticker": "KXHIGHAUS-25MAR09-B57.5",
            "count": 107,
            "created_time": "2025-03-09T16:58:43.117107Z",
            "yes_price": 3,
            "no_price": 97,
            "taker_side": "yes"
        },
        {
            "trade_id": "d5286ab5-d3ce-4f70-8ff1-d06f0984896d",
            "ticker": "KXHIGHAUS-25MAR09-B57.5",
            "count": 200,
            "created_time": "2025-03-09T16:23:07.754677Z",
            "yes_price": 3,
            "no_price": 97,
            "taker_side": "yes"
        },
        {
            "trade_id": "5b4bdcf3-729b-4f7c-9543-4dbda7b1d40c",
            "ticker": "KXHIGHAUS-25MAR09-B57.5",
            "count": 8,
            "created_time": "2025-03-09T16:19:22.820873Z",
            "yes_price": 2,
            "no_price": 98,
            "taker_side": "no"
        },
        {
            "trade_id": "3468460c-c0a6-4816-b5f7-e017a6a722a5",
            "ticker": "KXHIGHAUS-25MAR09-B57.5",
            "count": 90,
            "created_time": "2025-03-09T16:09:29.381794Z",
            "yes_price": 2,
            "no_price": 98,
            "taker_side": "no"
        },
        {
            "trade_id": "4bdf65c5-1d35-4806-aa67-bc81d809428f",
            "ticker": "KXHIGHAUS-25MAR09-B57.5",
            "count": 100,
            "created_time": "2025-03-09T15:51:31.536088Z",
            "yes_price": 2,
            "no_price": 98,
            "taker_side": "no"
        },
        {
            "trade_id": "3cfb7c99-0750-40c1-a242-750fd449e10e",
            "ticker": "KXHIGHAUS-25MAR09-B57.5",
            "count": 792,
            "created_time": "2025-03-09T15:10:04.807315Z",
            "yes_price": 3,
            "no_price": 97,
            "taker_side": "no"
        },
        {
            "trade_id": "15a982d9-4270-42d9-82a3-1e17529d6227",
            "ticker": "KXHIGHAUS-25MAR09-B57.5",
            "count": 3,
            "created_time": "2025-03-09T14:53:00.659309Z",
            "yes_price": 3,
            "no_price": 97,
            "taker_side": "no"
        },
        {
            "trade_id": "a4631b7d-5aed-4277-81cc-8b869cec4750",
            "ticker": "KXHIGHAUS-25MAR09-B57.5",
            "count": 5,
            "created_time": "2025-03-09T14:31:33.662173Z",
            "yes_price": 3,
            "no_price": 97,
            "taker_side": "no"
        },
        {
            "trade_id": "fcd059e8-7e91-4387-9261-7690b9b131cb",
            "ticker": "KXHIGHAUS-25MAR09-B57.5",
            "count": 262,
            "created_time": "2025-03-09T14:30:35.835757Z",
            "yes_price": 4,
            "no_price": 96,
            "taker_side": "yes"
        },
        {
            "trade_id": "c1fdb18f-5978-49c7-93b4-ad698ed5d4ce",
            "ticker": "KXHIGHAUS-25MAR09-B57.5",
            "count": 38,
            "created_time": "2025-03-09T14:30:35.835757Z",
            "yes_price": 4,
            "no_price": 96,
            "taker_side": "yes"
        },
        {
            "trade_id": "2bd16fa0-cf53-478e-9700-846e87291587",
            "ticker": "KXHIGHAUS-25MAR09-B57.5",
            "count": 50,
            "created_time": "2025-03-09T14:30:35.835757Z",
            "yes_price": 4,
            "no_price": 96,
            "taker_side": "yes"
        },
        {
            "trade_id": "8ea699f2-7c9e-46c1-aa49-5545d225ada9",
            "ticker": "KXHIGHAUS-25MAR09-B57.5",
            "count": 10,
            "created_time": "2025-03-09T14:11:12.765905Z",
            "yes_price": 2,
            "no_price": 98,
            "taker_side": "no"
        },
        {
            "trade_id": "d96bed9d-d5fc-4c90-b836-7c6e059de8c0",
            "ticker": "KXHIGHAUS-25MAR09-B57.5",
            "count": 525,
            "created_time": "2025-03-09T14:07:25.35648Z",
            "yes_price": 3,
            "no_price": 97,
            "taker_side": "no"
        },
        {
            "trade_id": "dc80cf66-221c-4dec-947c-f03b349f23ba",
            "ticker": "KXHIGHAUS-25MAR09-B57.5",
            "count": 43,
            "created_time": "2025-03-09T13:47:41.857418Z",
            "yes_price": 4,
            "no_price": 96,
            "taker_side": "yes"
        },
        {
            "trade_id": "03b38b14-ef5f-4987-90a9-86ee446b2bbb",
            "ticker": "KXHIGHAUS-25MAR09-B57.5",
            "count": 43,
            "created_time": "2025-03-09T13:45:05.785138Z",
            "yes_price": 4,
            "no_price": 96,
            "taker_side": "yes"
        },
        {
            "trade_id": "da615e96-5567-4510-9f04-2e3732081a25",
            "ticker": "KXHIGHAUS-25MAR09-B57.5",
            "count": 50,
            "created_time": "2025-03-09T13:08:21.241796Z",
            "yes_price": 5,
            "no_price": 95,
            "taker_side": "yes"
        },
        {
            "trade_id": "64f9f5a8-d05f-425f-b3ea-8d55824fe530",
            "ticker": "KXHIGHAUS-25MAR09-B57.5",
            "count": 46,
            "created_time": "2025-03-09T13:06:41.157051Z",
            "yes_price": 4,
            "no_price": 96,
            "taker_side": "yes"
        },
        {
            "trade_id": "df1cb0a8-9bc5-43ee-882b-585b9457b86b",
            "ticker": "KXHIGHAUS-25MAR09-B57.5",
            "count": 176,
            "created_time": "2025-03-09T12:39:24.150567Z",
            "yes_price": 3,
            "no_price": 97,
            "taker_side": "no"
        },
        {
            "trade_id": "c7752991-0899-44ba-ac66-15e2634c1b1e",
            "ticker": "KXHIGHAUS-25MAR09-B57.5",
            "count": 52,
            "created_time": "2025-03-09T12:31:29.234478Z",
            "yes_price": 4,
            "no_price": 96,
            "taker_side": "yes"
        },
        {
            "trade_id": "bf0fb7ad-898f-416f-9638-fd7f7350d655",
            "ticker": "KXHIGHAUS-25MAR09-B57.5",
            "count": 55,
            "created_time": "2025-03-09T12:06:48.775127Z",
            "yes_price": 4,
            "no_price": 96,
            "taker_side": "yes"
        },
        {
            "trade_id": "a666f8ab-e0ff-40be-a32f-1a813afae14d",
            "ticker": "KXHIGHAUS-25MAR09-B57.5",
            "count": 1,
            "created_time": "2025-03-09T02:24:36.393075Z",
            "yes_price": 4,
            "no_price": 96,
            "taker_side": "yes"
        },
        {
            "trade_id": "51e65904-a611-443b-9c60-a0def77d817d",
            "ticker": "KXHIGHAUS-25MAR09-B57.5",
            "count": 34,
            "created_time": "2025-03-09T02:24:36.393075Z",
            "yes_price": 4,
            "no_price": 96,
            "taker_side": "yes"
        },
        {
            "trade_id": "2912fac5-fcfe-4043-9e9c-92306cde134a",
            "ticker": "KXHIGHAUS-25MAR09-B57.5",
            "count": 35,
            "created_time": "2025-03-09T02:00:38.175154Z",
            "yes_price": 4,
            "no_price": 96,
            "taker_side": "yes"
        },
        {
            "trade_id": "404838f3-5206-4819-a65f-79cad5223ccd",
            "ticker": "KXHIGHAUS-25MAR09-B57.5",
            "count": 50,
            "created_time": "2025-03-09T01:41:30.719448Z",
            "yes_price": 4,
            "no_price": 96,
            "taker_side": "yes"
        },
        {
            "trade_id": "3e25abe6-a631-48a8-83ac-0b1edf10a6e2",
            "ticker": "KXHIGHAUS-25MAR09-B57.5",
            "count": 36,
            "created_time": "2025-03-09T01:41:30.719448Z",
            "yes_price": 4,
            "no_price": 96,
            "taker_side": "yes"
        },
        {
            "trade_id": "ffb7eed1-5a2e-48c5-97b2-a816d6119309",
            "ticker": "KXHIGHAUS-25MAR09-B57.5",
            "count": 257,
            "created_time": "2025-03-09T01:40:31.981318Z",
            "yes_price": 3,
            "no_price": 97,
            "taker_side": "no"
        },
        {
            "trade_id": "ecaaa1f4-2ae5-42bc-ad0b-994cebf6f446",
            "ticker": "KXHIGHAUS-25MAR09-B57.5",
            "count": 10,
            "created_time": "2025-03-08T22:50:20.594937Z",
            "yes_price": 3,
            "no_price": 97,
            "taker_side": "no"
        },
        {
            "trade_id": "69faffae-cede-46cf-8597-55eaee024b63",
            "ticker": "KXHIGHAUS-25MAR09-B57.5",
            "count": 25,
            "created_time": "2025-03-08T22:42:01.5135Z",
            "yes_price": 3,
            "no_price": 97,
            "taker_side": "no"
        },
        {
            "trade_id": "919a78d6-6f26-470b-ba2b-95295867d37f",
            "ticker": "KXHIGHAUS-25MAR09-B57.5",
            "count": 25,
            "created_time": "2025-03-08T22:41:32.373722Z",
            "yes_price": 3,
            "no_price": 97,
            "taker_side": "no"
        },
        {
            "trade_id": "1009d95c-cfb0-47a6-95ad-8cec947bcd5e",
            "ticker": "KXHIGHAUS-25MAR09-B57.5",
            "count": 22,
            "created_time": "2025-03-08T22:41:06.531875Z",
            "yes_price": 3,
            "no_price": 97,
            "taker_side": "no"
        },
        {
            "trade_id": "b6929cda-efdb-47fd-8ac3-fcf8e74d315e",
            "ticker": "KXHIGHAUS-25MAR09-B57.5",
            "count": 25,
            "created_time": "2025-03-08T22:40:50.481648Z",
            "yes_price": 3,
            "no_price": 97,
            "taker_side": "no"
        },
        {
            "trade_id": "1ec10c53-5efc-43e6-a998-25f73912e5d6",
            "ticker": "KXHIGHAUS-25MAR09-B57.5",
            "count": 10,
            "created_time": "2025-03-08T21:54:20.94281Z",
            "yes_price": 3,
            "no_price": 97,
            "taker_side": "no"
        },
        {
            "trade_id": "b407113d-f47d-4acc-9201-c444e2587062",
            "ticker": "KXHIGHAUS-25MAR09-B57.5",
            "count": 43,
            "created_time": "2025-03-08T21:48:23.782618Z",
            "yes_price": 4,
            "no_price": 96,
            "taker_side": "no"
        },
        {
            "trade_id": "54417440-da90-49f5-8f44-704900677462",
            "ticker": "KXHIGHAUS-25MAR09-B57.5",
            "count": 5,
            "created_time": "2025-03-08T21:45:25.162126Z",
            "yes_price": 4,
            "no_price": 96,
            "taker_side": "no"
        },
        {
            "trade_id": "39850dbe-1475-414e-a168-6174ffeff770",
            "ticker": "KXHIGHAUS-25MAR09-B57.5",
            "count": 4,
            "created_time": "2025-03-08T21:42:20.523287Z",
            "yes_price": 4,
            "no_price": 96,
            "taker_side": "no"
        },
        {
            "trade_id": "0c7d73dd-38ef-4fba-a6a1-6c0439951e10",
            "ticker": "KXHIGHAUS-25MAR09-B57.5",
            "count": 1,
            "created_time": "2025-03-08T21:41:00.206147Z",
            "yes_price": 4,
            "no_price": 96,
            "taker_side": "no"
        },
        {
            "trade_id": "549aed64-68d1-4ec8-b557-dcbfa2adb636",
            "ticker": "KXHIGHAUS-25MAR09-B57.5",
            "count": 11,
            "created_time": "2025-03-08T21:33:19.982406Z",
            "yes_price": 4,
            "no_price": 96,
            "taker_side": "no"
        },
        {
            "trade_id": "01f7da2c-9382-4a6c-afc2-19b4ae7d6261",
            "ticker": "KXHIGHAUS-25MAR09-B57.5",
            "count": 1,
            "created_time": "2025-03-08T21:18:22.494797Z",
            "yes_price": 4,
            "no_price": 96,
            "taker_side": "no"
        },
        {
            "trade_id": "9f47d974-0401-463d-8cfa-ead41928ba9a",
            "ticker": "KXHIGHAUS-25MAR09-B57.5",
            "count": 26,
            "created_time": "2025-03-08T21:15:20.214014Z",
            "yes_price": 4,
            "no_price": 96,
            "taker_side": "no"
        },
        {
            "trade_id": "a5a681cf-a348-4bd4-87bd-12658fe050c6",
            "ticker": "KXHIGHAUS-25MAR09-B57.5",
            "count": 15,
            "created_time": "2025-03-08T20:57:18.822482Z",
            "yes_price": 4,
            "no_price": 96,
            "taker_side": "no"
        },
        {
            "trade_id": "49845040-3490-4ef2-a723-b9d6bb85c258",
            "ticker": "KXHIGHAUS-25MAR09-B57.5",
            "count": 20,
            "created_time": "2025-03-08T20:50:34.322444Z",
            "yes_price": 4,
            "no_price": 96,
            "taker_side": "no"
        },
        {
            "trade_id": "fbd37447-27e1-4570-b908-49a341257692",
            "ticker": "KXHIGHAUS-25MAR09-B57.5",
            "count": 1,
            "created_time": "2025-03-08T20:39:19.722803Z",
            "yes_price": 4,
            "no_price": 96,
            "taker_side": "no"
        },
        {
            "trade_id": "c8b7e189-2796-4728-848f-ea1972209ccf",
            "ticker": "KXHIGHAUS-25MAR09-B57.5",
            "count": 7,
            "created_time": "2025-03-08T20:36:18.364265Z",
            "yes_price": 4,
            "no_price": 96,
            "taker_side": "no"
        },
        {
            "trade_id": "2fcc52cb-0b4b-4bb5-9d54-89a38a1dc489",
            "ticker": "KXHIGHAUS-25MAR09-B57.5",
            "count": 11,
            "created_time": "2025-03-08T20:33:19.44299Z",
            "yes_price": 4,
            "no_price": 96,
            "taker_side": "no"
        },
        {
            "trade_id": "15618376-ff39-4e0b-b54e-0927ad3787a8",
            "ticker": "KXHIGHAUS-25MAR09-B57.5",
            "count": 61,
            "created_time": "2025-03-08T20:30:25.784111Z",
            "yes_price": 4,
            "no_price": 96,
            "taker_side": "no"
        },
        {
            "trade_id": "79c515e4-1d2c-4c41-a331-78ccdfbc76fd",
            "ticker": "KXHIGHAUS-25MAR09-B57.5",
            "count": 2,
            "created_time": "2025-03-08T20:29:14.103233Z",
            "yes_price": 4,
            "no_price": 96,
            "taker_side": "no"
        },
        {
            "trade_id": "0f0e5b66-cf60-47b0-a1f5-5030c5dd48cb",
            "ticker": "KXHIGHAUS-25MAR09-B57.5",
            "count": 36,
            "created_time": "2025-03-08T20:27:18.813342Z",
            "yes_price": 4,
            "no_price": 96,
            "taker_side": "no"
        },
        {
            "trade_id": "65f38253-3e98-4c83-9048-9b19849dbc1b",
            "ticker": "KXHIGHAUS-25MAR09-B57.5",
            "count": 23,
            "created_time": "2025-03-08T20:24:19.363173Z",
            "yes_price": 4,
            "no_price": 96,
            "taker_side": "no"
        },
        {
            "trade_id": "9624773e-7fe5-47e6-8675-3718b17d85f5",
            "ticker": "KXHIGHAUS-25MAR09-B57.5",
            "count": 1,
            "created_time": "2025-03-08T20:10:09.982979Z",
            "yes_price": 4,
            "no_price": 96,
            "taker_side": "no"
        },
        {
            "trade_id": "71b9c42f-5f82-4c29-968e-18e124ebec79",
            "ticker": "KXHIGHAUS-25MAR09-B57.5",
            "count": 3,
            "created_time": "2025-03-08T20:09:21.814624Z",
            "yes_price": 4,
            "no_price": 96,
            "taker_side": "no"
        },
        {
            "trade_id": "a970c841-0406-4ffc-b816-a05113ffbab1",
            "ticker": "KXHIGHAUS-25MAR09-B57.5",
            "count": 1,
            "created_time": "2025-03-08T20:00:29.283847Z",
            "yes_price": 4,
            "no_price": 96,
            "taker_side": "no"
        },
        {
            "trade_id": "ba25de7e-a8c0-418d-898f-3405d50d52f1",
            "ticker": "KXHIGHAUS-25MAR09-B57.5",
            "count": 33,
            "created_time": "2025-03-08T19:57:18.073544Z",
            "yes_price": 4,
            "no_price": 96,
            "taker_side": "no"
        },
        {
            "trade_id": "0c254537-caa9-49e9-a0f4-82737953250f",
            "ticker": "KXHIGHAUS-25MAR09-B57.5",
            "count": 82,
            "created_time": "2025-03-08T15:30:12.575748Z",
            "yes_price": 5,
            "no_price": 95,
            "taker_side": "yes"
        },
        {
            "trade_id": "ca17eb46-f5dc-4a37-8220-d993ffe4805e",
            "ticker": "KXHIGHAUS-25MAR09-B57.5",
            "count": 9,
            "created_time": "2025-03-08T15:22:00.845063Z",
            "yes_price": 7,
            "no_price": 93,
            "taker_side": "no"
        },
        {
            "trade_id": "e1af44fe-b789-4dd0-868e-0f0d2675de55",
            "ticker": "KXHIGHAUS-25MAR09-B57.5",
            "count": 104,
            "created_time": "2025-03-08T15:21:48.843524Z",
            "yes_price": 6,
            "no_price": 94,
            "taker_side": "yes"
        }
    ],
    "KXHIGHAUS-25MAR09-B59.5": [
        {
            "trade_id": "176afac5-33d9-4589-9250-8509091bf441",
            "ticker": "KXHIGHAUS-25MAR09-B59.5",
            "count": 56,
            "created_time": "2025-03-09T22:22:57.574097Z",
            "yes_price": 1,
            "no_price": 99,
            "taker_side": "yes"
        },
        {
            "trade_id": "5dd258a0-e572-4151-9283-b3b0ee300cbe",
            "ticker": "KXHIGHAUS-25MAR09-B59.5",
            "count": 4,
            "created_time": "2025-03-09T21:49:50.979711Z",
            "yes_price": 1,
            "no_price": 99,
            "taker_side": "yes"
        },
        {
            "trade_id": "69a8df4e-6f89-49c8-b1e9-129f0fde7055",
            "ticker": "KXHIGHAUS-25MAR09-B59.5",
            "count": 199,
            "created_time": "2025-03-09T21:13:18.271549Z",
            "yes_price": 1,
            "no_price": 99,
            "taker_side": "yes"
        },
        {
            "trade_id": "a01a2083-51a8-4373-9eba-e549a76c3a0e",
            "ticker": "KXHIGHAUS-25MAR09-B59.5",
            "count": 1603,
            "created_time": "2025-03-09T20:54:16.249095Z",
            "yes_price": 1,
            "no_price": 99,
            "taker_side": "yes"
        },
        {
            "trade_id": "67b2df32-548e-491d-82b8-7b9ad661d319",
            "ticker": "KXHIGHAUS-25MAR09-B59.5",
            "count": 10,
            "created_time": "2025-03-09T20:39:50.817353Z",
            "yes_price": 1,
            "no_price": 99,
            "taker_side": "yes"
        },
        {
            "trade_id": "b8a4fc8e-3beb-407f-979e-01aed106b007",
            "ticker": "KXHIGHAUS-25MAR09-B59.5",
            "count": 5,
            "created_time": "2025-03-09T20:09:56.787878Z",
            "yes_price": 1,
            "no_price": 99,
            "taker_side": "yes"
        },
        {
            "trade_id": "df2a5e11-9a1f-4c59-a5eb-395c46735a31",
            "ticker": "KXHIGHAUS-25MAR09-B59.5",
            "count": 50,
            "created_time": "2025-03-09T20:08:33.045254Z",
            "yes_price": 1,
            "no_price": 99,
            "taker_side": "no"
        },
        {
            "trade_id": "78650f13-c217-49a9-be2e-b9fb39d0c1b2",
            "ticker": "KXHIGHAUS-25MAR09-B59.5",
            "count": 657,
            "created_time": "2025-03-09T20:08:33.045254Z",
            "yes_price": 1,
            "no_price": 99,
            "taker_side": "no"
        },
        {
            "trade_id": "cb3d1bdf-c6ee-405f-83bc-12f1e34ba770",
            "ticker": "KXHIGHAUS-25MAR09-B59.5",
            "count": 500,
            "created_time": "2025-03-09T20:08:27.140335Z",
            "yes_price": 1,
            "no_price": 99,
            "taker_side": "no"
        },
        {
            "trade_id": "c9c0366d-404b-4d13-a57a-9ca1ac64710c",
            "ticker": "KXHIGHAUS-25MAR09-B59.5",
            "count": 50,
            "created_time": "2025-03-09T20:08:27.140335Z",
            "yes_price": 1,
            "no_price": 99,
            "taker_side": "no"
        },
        {
            "trade_id": "aa352822-4fb6-465a-ace8-968d7f0727bb",
            "ticker": "KXHIGHAUS-25MAR09-B59.5",
            "count": 200,
            "created_time": "2025-03-09T20:08:27.140335Z",
            "yes_price": 1,
            "no_price": 99,
            "taker_side": "no"
        },
        {
            "trade_id": "a81ed92a-4bba-464b-b716-e440f424aa66",
            "ticker": "KXHIGHAUS-25MAR09-B59.5",
            "count": 70,
            "created_time": "2025-03-09T20:08:27.140335Z",
            "yes_price": 1,
            "no_price": 99,
            "taker_side": "no"
        },
        {
            "trade_id": "8d14d166-40ce-4406-8220-ac6b313036c5",
            "ticker": "KXHIGHAUS-25MAR09-B59.5",
            "count": 1308,
            "created_time": "2025-03-09T20:08:27.140335Z",
            "yes_price": 1,
            "no_price": 99,
            "taker_side": "no"
        },
        {
            "trade_id": "891cbcc5-9ee7-408b-880b-edff47d363fc",
            "ticker": "KXHIGHAUS-25MAR09-B59.5",
            "count": 100,
            "created_time": "2025-03-09T20:08:27.140335Z",
            "yes_price": 1,
            "no_price": 99,
            "taker_side": "no"
        },
        {
            "trade_id": "4a26290f-e8e8-4021-ba19-84c03b03da25",
            "ticker": "KXHIGHAUS-25MAR09-B59.5",
            "count": 150,
            "created_time": "2025-03-09T20:08:27.140335Z",
            "yes_price": 1,
            "no_price": 99,
            "taker_side": "no"
        },
        {
            "trade_id": "0040ab91-2c07-4afd-89d4-e0bd4705b2d1",
            "ticker": "KXHIGHAUS-25MAR09-B59.5",
            "count": 122,
            "created_time": "2025-03-09T20:08:27.140335Z",
            "yes_price": 1,
            "no_price": 99,
            "taker_side": "no"
        },
        {
            "trade_id": "d8d9405c-57be-4ff9-a95b-3b7a1651c42b",
            "ticker": "KXHIGHAUS-25MAR09-B59.5",
            "count": 42,
            "created_time": "2025-03-09T20:07:05.252241Z",
            "yes_price": 2,
            "no_price": 98,
            "taker_side": "no"
        },
        {
            "trade_id": "a34d44f0-4a36-481c-89d9-2dd725a932e4",
            "ticker": "KXHIGHAUS-25MAR09-B59.5",
            "count": 13,
            "created_time": "2025-03-09T20:04:45.341091Z",
            "yes_price": 2,
            "no_price": 98,
            "taker_side": "no"
        },
        {
            "trade_id": "113c6bec-5b26-43a3-bc15-b12319565f69",
            "ticker": "KXHIGHAUS-25MAR09-B59.5",
            "count": 100,
            "created_time": "2025-03-09T19:47:13.45444Z",
            "yes_price": 2,
            "no_price": 98,
            "taker_side": "no"
        },
        {
            "trade_id": "27d67ae2-4797-40cd-b1a3-0cd3b187957d",
            "ticker": "KXHIGHAUS-25MAR09-B59.5",
            "count": 15,
            "created_time": "2025-03-09T19:44:56.064335Z",
            "yes_price": 2,
            "no_price": 98,
            "taker_side": "no"
        },
        {
            "trade_id": "838e7db0-0f69-47d3-8057-a8af979a4ed9",
            "ticker": "KXHIGHAUS-25MAR09-B59.5",
            "count": 15,
            "created_time": "2025-03-09T19:44:39.967227Z",
            "yes_price": 2,
            "no_price": 98,
            "taker_side": "no"
        },
        {
            "trade_id": "a287a9eb-f72f-4e54-9bf4-7bef0391ffdb",
            "ticker": "KXHIGHAUS-25MAR09-B59.5",
            "count": 15,
            "created_time": "2025-03-09T19:44:31.526541Z",
            "yes_price": 2,
            "no_price": 98,
            "taker_side": "no"
        },
        {
            "trade_id": "37e70579-c9e4-4d26-a8f8-0cb97b277ef3",
            "ticker": "KXHIGHAUS-25MAR09-B59.5",
            "count": 15,
            "created_time": "2025-03-09T19:44:24.527076Z",
            "yes_price": 2,
            "no_price": 98,
            "taker_side": "no"
        },
        {
            "trade_id": "c35f74fa-4fa5-42ee-9f3c-6a5e3a805cf3",
            "ticker": "KXHIGHAUS-25MAR09-B59.5",
            "count": 11,
            "created_time": "2025-03-09T19:42:45.102855Z",
            "yes_price": 2,
            "no_price": 98,
            "taker_side": "no"
        },
        {
            "trade_id": "da68aee4-70f3-4ff3-847d-e3c30b4c7f98",
            "ticker": "KXHIGHAUS-25MAR09-B59.5",
            "count": 14,
            "created_time": "2025-03-09T19:42:44.497673Z",
            "yes_price": 2,
            "no_price": 98,
            "taker_side": "no"
        },
        {
            "trade_id": "5b02f436-8bff-4993-963b-c7a1b89afcf4",
            "ticker": "KXHIGHAUS-25MAR09-B59.5",
            "count": 9,
            "created_time": "2025-03-09T19:42:44.203959Z",
            "yes_price": 2,
            "no_price": 98,
            "taker_side": "no"
        },
        {
            "trade_id": "4ccf4bd1-534a-4315-b8fc-220a8adc1e3e",
            "ticker": "KXHIGHAUS-25MAR09-B59.5",
            "count": 10,
            "created_time": "2025-03-09T19:42:44.109971Z",
            "yes_price": 2,
            "no_price": 98,
            "taker_side": "no"
        },
        {
            "trade_id": "146a0a8d-a692-4785-b871-048789690bef",
            "ticker": "KXHIGHAUS-25MAR09-B59.5",
            "count": 10,
            "created_time": "2025-03-09T19:42:44.034318Z",
            "yes_price": 2,
            "no_price": 98,
            "taker_side": "no"
        },
        {
            "trade_id": "aefcdbed-f1dd-4022-8830-378cbabf8668",
            "ticker": "KXHIGHAUS-25MAR09-B59.5",
            "count": 19,
            "created_time": "2025-03-09T19:42:35.990297Z",
            "yes_price": 2,
            "no_price": 98,
            "taker_side": "no"
        },
        {
            "trade_id": "58326408-6312-4959-8bef-9fb646d3648c",
            "ticker": "KXHIGHAUS-25MAR09-B59.5",
            "count": 50,
            "created_time": "2025-03-09T19:42:35.990297Z",
            "yes_price": 2,
            "no_price": 98,
            "taker_side": "no"
        },
        {
            "trade_id": "133b9aee-a59a-4013-8747-7fc31493df26",
            "ticker": "KXHIGHAUS-25MAR09-B59.5",
            "count": 231,
            "created_time": "2025-03-09T19:42:35.990297Z",
            "yes_price": 2,
            "no_price": 98,
            "taker_side": "no"
        },
        {
            "trade_id": "0f5bc149-0313-4cd3-8f32-e0fc66fd5bc4",
            "ticker": "KXHIGHAUS-25MAR09-B59.5",
            "count": 5,
            "created_time": "2025-03-09T19:42:07.292006Z",
            "yes_price": 2,
            "no_price": 98,
            "taker_side": "no"
        },
        {
            "trade_id": "0b57db6c-ce11-4154-9ded-fb085969376c",
            "ticker": "KXHIGHAUS-25MAR09-B59.5",
            "count": 15,
            "created_time": "2025-03-09T19:42:00.296293Z",
            "yes_price": 2,
            "no_price": 98,
            "taker_side": "no"
        },
        {
            "trade_id": "fdd48373-b21c-4b4a-a286-c5091c963a2e",
            "ticker": "KXHIGHAUS-25MAR09-B59.5",
            "count": 30,
            "created_time": "2025-03-09T19:41:52.0751Z",
            "yes_price": 2,
            "no_price": 98,
            "taker_side": "no"
        },
        {
            "trade_id": "6ab31224-6ac7-4b9a-af38-16ea0c4216c9",
            "ticker": "KXHIGHAUS-25MAR09-B59.5",
            "count": 7,
            "created_time": "2025-03-09T19:39:49.752459Z",
            "yes_price": 3,
            "no_price": 97,
            "taker_side": "yes"
        },
        {
            "trade_id": "9b5eb82e-aff0-46a7-a022-c9e5fe25e334",
            "ticker": "KXHIGHAUS-25MAR09-B59.5",
            "count": 94,
            "created_time": "2025-03-09T19:23:51.829887Z",
            "yes_price": 3,
            "no_price": 97,
            "taker_side": "no"
        },
        {
            "trade_id": "09e647a4-ae02-45ee-92f9-d03f7fa1e6ec",
            "ticker": "KXHIGHAUS-25MAR09-B59.5",
            "count": 15,
            "created_time": "2025-03-09T19:23:14.954311Z",
            "yes_price": 3,
            "no_price": 97,
            "taker_side": "no"
        },
        {
            "trade_id": "fd6bd288-3513-4ab4-be87-fc9f1bed676a",
            "ticker": "KXHIGHAUS-25MAR09-B59.5",
            "count": 1,
            "created_time": "2025-03-09T19:18:53.984784Z",
            "yes_price": 9,
            "no_price": 91,
            "taker_side": "yes"
        },
        {
            "trade_id": "d59b5ea6-1d26-40c5-be90-9e9a07e5aa16",
            "ticker": "KXHIGHAUS-25MAR09-B59.5",
            "count": 1,
            "created_time": "2025-03-09T19:18:53.984784Z",
            "yes_price": 10,
            "no_price": 90,
            "taker_side": "yes"
        },
        {
            "trade_id": "ab113528-abcd-4a3e-89da-f8e48bf7b571",
            "ticker": "KXHIGHAUS-25MAR09-B59.5",
            "count": 1,
            "created_time": "2025-03-09T19:18:53.984784Z",
            "yes_price": 8,
            "no_price": 92,
            "taker_side": "yes"
        },
        {
            "trade_id": "fa7646da-20be-49bc-8220-7679a9794805",
            "ticker": "KXHIGHAUS-25MAR09-B59.5",
            "count": 1,
            "created_time": "2025-03-09T19:17:51.908679Z",
            "yes_price": 7,
            "no_price": 93,
            "taker_side": "no"
        },
        {
            "trade_id": "301db4fa-8d35-4081-b1ca-d3fa8a85f60a",
            "ticker": "KXHIGHAUS-25MAR09-B59.5",
            "count": 30,
            "created_time": "2025-03-09T19:17:33.5523Z",
            "yes_price": 7,
            "no_price": 93,
            "taker_side": "no"
        },
        {
            "trade_id": "acc80646-63ec-45a6-8759-c0ae090e05ae",
            "ticker": "KXHIGHAUS-25MAR09-B59.5",
            "count": 1,
            "created_time": "2025-03-09T19:17:12.534038Z",
            "yes_price": 7,
            "no_price": 93,
            "taker_side": "no"
        },
        {
            "trade_id": "76722a43-a66d-430e-9d1d-090bccfd3a76",
            "ticker": "KXHIGHAUS-25MAR09-B59.5",
            "count": 20,
            "created_time": "2025-03-09T19:16:44.208423Z",
            "yes_price": 8,
            "no_price": 92,
            "taker_side": "no"
        },
        {
            "trade_id": "42b94b68-d899-4c99-ad5d-0739b7c6aa41",
            "ticker": "KXHIGHAUS-25MAR09-B59.5",
            "count": 15,
            "created_time": "2025-03-09T19:16:27.40531Z",
            "yes_price": 9,
            "no_price": 91,
            "taker_side": "no"
        },
        {
            "trade_id": "d09fab30-9459-4a0f-9250-3635825c2b36",
            "ticker": "KXHIGHAUS-25MAR09-B59.5",
            "count": 15,
            "created_time": "2025-03-09T19:16:20.919298Z",
            "yes_price": 9,
            "no_price": 91,
            "taker_side": "no"
        },
        {
            "trade_id": "da198568-f5dc-433a-84ae-825805a3b1ea",
            "ticker": "KXHIGHAUS-25MAR09-B59.5",
            "count": 15,
            "created_time": "2025-03-09T19:16:13.61973Z",
            "yes_price": 9,
            "no_price": 91,
            "taker_side": "no"
        },
        {
            "trade_id": "1df57a48-d381-4714-bf73-32f438b0a9a4",
            "ticker": "KXHIGHAUS-25MAR09-B59.5",
            "count": 15,
            "created_time": "2025-03-09T19:16:06.162711Z",
            "yes_price": 9,
            "no_price": 91,
            "taker_side": "no"
        },
        {
            "trade_id": "9432917e-f837-4498-b625-906007c9a93d",
            "ticker": "KXHIGHAUS-25MAR09-B59.5",
            "count": 2,
            "created_time": "2025-03-09T19:15:57.160997Z",
            "yes_price": 10,
            "no_price": 90,
            "taker_side": "no"
        },
        {
            "trade_id": "f7886dd7-8221-4a32-b090-4b5ace29970f",
            "ticker": "KXHIGHAUS-25MAR09-B59.5",
            "count": 94,
            "created_time": "2025-03-09T19:15:37.143731Z",
            "yes_price": 18,
            "no_price": 82,
            "taker_side": "yes"
        },
        {
            "trade_id": "9a9fd687-bbd5-4a73-a7f6-9ddba5840422",
            "ticker": "KXHIGHAUS-25MAR09-B59.5",
            "count": 10,
            "created_time": "2025-03-09T19:15:37.143731Z",
            "yes_price": 19,
            "no_price": 81,
            "taker_side": "yes"
        },
        {
            "trade_id": "ae4c2b8e-d416-4e62-9345-f08dedd46595",
            "ticker": "KXHIGHAUS-25MAR09-B59.5",
            "count": 104,
            "created_time": "2025-03-09T19:12:00.11073Z",
            "yes_price": 5,
            "no_price": 95,
            "taker_side": "no"
        },
        {
            "trade_id": "35ea2ba1-aba7-4ced-a7b4-09a1a4cac9b4",
            "ticker": "KXHIGHAUS-25MAR09-B59.5",
            "count": 256,
            "created_time": "2025-03-09T19:11:40.426501Z",
            "yes_price": 5,
            "no_price": 95,
            "taker_side": "no"
        },
        {
            "trade_id": "207d9689-65d3-4bfe-abf7-dbc613f0e1af",
            "ticker": "KXHIGHAUS-25MAR09-B59.5",
            "count": 5,
            "created_time": "2025-03-09T19:11:21.348394Z",
            "yes_price": 10,
            "no_price": 90,
            "taker_side": "no"
        },
        {
            "trade_id": "a98d47d7-8548-49a6-8159-15ff65940910",
            "ticker": "KXHIGHAUS-25MAR09-B59.5",
            "count": 94,
            "created_time": "2025-03-09T19:10:14.344965Z",
            "yes_price": 11,
            "no_price": 89,
            "taker_side": "yes"
        },
        {
            "trade_id": "31643129-d89e-4c26-b4bb-cb57dbe7bd59",
            "ticker": "KXHIGHAUS-25MAR09-B59.5",
            "count": 5,
            "created_time": "2025-03-09T19:09:55.700942Z",
            "yes_price": 10,
            "no_price": 90,
            "taker_side": "no"
        },
        {
            "trade_id": "6561bee2-a57f-431d-86c4-be39be416775",
            "ticker": "KXHIGHAUS-25MAR09-B59.5",
            "count": 15,
            "created_time": "2025-03-09T19:09:43.385431Z",
            "yes_price": 11,
            "no_price": 89,
            "taker_side": "no"
        },
        {
            "trade_id": "6621a151-bb24-4009-a0de-dba9f50fb897",
            "ticker": "KXHIGHAUS-25MAR09-B59.5",
            "count": 7,
            "created_time": "2025-03-09T19:08:10.236918Z",
            "yes_price": 10,
            "no_price": 90,
            "taker_side": "no"
        },
        {
            "trade_id": "165235db-3c3c-44cf-84ad-5f801070d1ab",
            "ticker": "KXHIGHAUS-25MAR09-B59.5",
            "count": 14,
            "created_time": "2025-03-09T19:06:35.317548Z",
            "yes_price": 15,
            "no_price": 85,
            "taker_side": "no"
        },
        {
            "trade_id": "f819e4c3-5bfc-4abc-ae8a-15c8139e181f",
            "ticker": "KXHIGHAUS-25MAR09-B59.5",
            "count": 23,
            "created_time": "2025-03-09T18:59:45.964653Z",
            "yes_price": 15,
            "no_price": 85,
            "taker_side": "no"
        },
        {
            "trade_id": "9bae7c3f-33e6-48a9-abed-bf6ff2e60fbf",
            "ticker": "KXHIGHAUS-25MAR09-B59.5",
            "count": 17,
            "created_time": "2025-03-09T18:59:45.964653Z",
            "yes_price": 15,
            "no_price": 85,
            "taker_side": "no"
        },
        {
            "trade_id": "9b1ee989-a2d7-4f34-b526-356ad55882aa",
            "ticker": "KXHIGHAUS-25MAR09-B59.5",
            "count": 236,
            "created_time": "2025-03-09T18:48:12.255059Z",
            "yes_price": 20,
            "no_price": 80,
            "taker_side": "yes"
        },
        {
            "trade_id": "9293f938-46ba-4961-aa65-b9859f590c80",
            "ticker": "KXHIGHAUS-25MAR09-B59.5",
            "count": 4,
            "created_time": "2025-03-09T18:44:26.28115Z",
            "yes_price": 19,
            "no_price": 81,
            "taker_side": "yes"
        },
        {
            "trade_id": "2608f2ff-089d-423b-b5fc-70baa23b213e",
            "ticker": "KXHIGHAUS-25MAR09-B59.5",
            "count": 43,
            "created_time": "2025-03-09T18:44:26.28115Z",
            "yes_price": 20,
            "no_price": 80,
            "taker_side": "yes"
        },
        {
            "trade_id": "c9eee66d-b717-4ee6-add9-67545fdeab9e",
            "ticker": "KXHIGHAUS-25MAR09-B59.5",
            "count": 5,
            "created_time": "2025-03-09T18:31:43.093436Z",
            "yes_price": 15,
            "no_price": 85,
            "taker_side": "no"
        },
        {
            "trade_id": "98fcd090-ff7e-468d-a1d3-1373e498c505",
            "ticker": "KXHIGHAUS-25MAR09-B59.5",
            "count": 1,
            "created_time": "2025-03-09T18:31:43.093436Z",
            "yes_price": 16,
            "no_price": 84,
            "taker_side": "no"
        },
        {
            "trade_id": "39ee26d1-447c-4152-901e-f3af73151660",
            "ticker": "KXHIGHAUS-25MAR09-B59.5",
            "count": 4,
            "created_time": "2025-03-09T18:31:43.093436Z",
            "yes_price": 13,
            "no_price": 87,
            "taker_side": "no"
        },
        {
            "trade_id": "66e3cb58-59dd-4cca-b81f-bed8457b09d3",
            "ticker": "KXHIGHAUS-25MAR09-B59.5",
            "count": 227,
            "created_time": "2025-03-09T18:10:19.533953Z",
            "yes_price": 13,
            "no_price": 87,
            "taker_side": "no"
        },
        {
            "trade_id": "9d31511b-0fc3-4d7a-8d66-457a2171df2f",
            "ticker": "KXHIGHAUS-25MAR09-B59.5",
            "count": 200,
            "created_time": "2025-03-09T18:07:30.621891Z",
            "yes_price": 14,
            "no_price": 86,
            "taker_side": "no"
        },
        {
            "trade_id": "c7ecedab-5f3d-4754-b48d-217270911938",
            "ticker": "KXHIGHAUS-25MAR09-B59.5",
            "count": 12,
            "created_time": "2025-03-09T17:47:10.201098Z",
            "yes_price": 22,
            "no_price": 78,
            "taker_side": "yes"
        },
        {
            "trade_id": "8fe06b1b-047b-4d19-b7ef-cfa8baf133b9",
            "ticker": "KXHIGHAUS-25MAR09-B59.5",
            "count": 44,
            "created_time": "2025-03-09T17:47:10.201098Z",
            "yes_price": 20,
            "no_price": 80,
            "taker_side": "yes"
        },
        {
            "trade_id": "6d62bb09-7221-4f42-84b4-cf419d0152d4",
            "ticker": "KXHIGHAUS-25MAR09-B59.5",
            "count": 10,
            "created_time": "2025-03-09T17:47:10.201098Z",
            "yes_price": 18,
            "no_price": 82,
            "taker_side": "yes"
        },
        {
            "trade_id": "5b2e4fd7-c1cc-43c8-a631-54de1d20bb39",
            "ticker": "KXHIGHAUS-25MAR09-B59.5",
            "count": 1,
            "created_time": "2025-03-09T17:47:10.201098Z",
            "yes_price": 20,
            "no_price": 80,
            "taker_side": "yes"
        },
        {
            "trade_id": "58211f11-380c-4e6d-823c-d964d7fb776d",
            "ticker": "KXHIGHAUS-25MAR09-B59.5",
            "count": 5,
            "created_time": "2025-03-09T17:47:10.201098Z",
            "yes_price": 18,
            "no_price": 82,
            "taker_side": "yes"
        },
        {
            "trade_id": "29e32e53-140a-4f86-9dde-293f74a51635",
            "ticker": "KXHIGHAUS-25MAR09-B59.5",
            "count": 39,
            "created_time": "2025-03-09T17:47:10.201098Z",
            "yes_price": 22,
            "no_price": 78,
            "taker_side": "yes"
        },
        {
            "trade_id": "1d2dbc51-566c-433d-b64d-ed25ee6d7521",
            "ticker": "KXHIGHAUS-25MAR09-B59.5",
            "count": 3,
            "created_time": "2025-03-09T17:47:10.201098Z",
            "yes_price": 19,
            "no_price": 81,
            "taker_side": "yes"
        },
        {
            "trade_id": "f084f074-2593-4fe7-87c7-a62d2cc9e08a",
            "ticker": "KXHIGHAUS-25MAR09-B59.5",
            "count": 7,
            "created_time": "2025-03-09T17:15:12.941412Z",
            "yes_price": 17,
            "no_price": 83,
            "taker_side": "no"
        },
        {
            "trade_id": "4cc499dc-552d-4e7d-8364-fa388b394c80",
            "ticker": "KXHIGHAUS-25MAR09-B59.5",
            "count": 93,
            "created_time": "2025-03-09T17:15:12.941412Z",
            "yes_price": 17,
            "no_price": 83,
            "taker_side": "no"
        },
        {
            "trade_id": "2cf0eb7c-3dd1-4944-894c-896329fd7203",
            "ticker": "KXHIGHAUS-25MAR09-B59.5",
            "count": 8,
            "created_time": "2025-03-09T16:32:28.30242Z",
            "yes_price": 21,
            "no_price": 79,
            "taker_side": "yes"
        },
        {
            "trade_id": "df57ceef-bf8e-41f0-bc88-b808a73ee266",
            "ticker": "KXHIGHAUS-25MAR09-B59.5",
            "count": 64,
            "created_time": "2025-03-09T16:22:47.930162Z",
            "yes_price": 15,
            "no_price": 85,
            "taker_side": "yes"
        },
        {
            "trade_id": "4b14cf88-7d17-4611-9876-0a4e174afe03",
            "ticker": "KXHIGHAUS-25MAR09-B59.5",
            "count": 11,
            "created_time": "2025-03-09T16:22:47.930162Z",
            "yes_price": 16,
            "no_price": 84,
            "taker_side": "yes"
        },
        {
            "trade_id": "f63a8383-b5e4-46e9-99a7-91b42bb8296c",
            "ticker": "KXHIGHAUS-25MAR09-B59.5",
            "count": 96,
            "created_time": "2025-03-09T16:20:42.547533Z",
            "yes_price": 9,
            "no_price": 91,
            "taker_side": "no"
        },
        {
            "trade_id": "48842283-777f-46c8-952a-b65267360af3",
            "ticker": "KXHIGHAUS-25MAR09-B59.5",
            "count": 8,
            "created_time": "2025-03-09T16:19:22.832776Z",
            "yes_price": 9,
            "no_price": 91,
            "taker_side": "no"
        },
        {
            "trade_id": "29ac11ac-7bf8-4bea-a68e-5ea4c453abf5",
            "ticker": "KXHIGHAUS-25MAR09-B59.5",
            "count": 3,
            "created_time": "2025-03-09T16:12:11.884519Z",
            "yes_price": 9,
            "no_price": 91,
            "taker_side": "yes"
        },
        {
            "trade_id": "dfe7815d-1997-4d8d-855e-9d5bc77e9398",
            "ticker": "KXHIGHAUS-25MAR09-B59.5",
            "count": 19,
            "created_time": "2025-03-09T16:12:00.321778Z",
            "yes_price": 9,
            "no_price": 91,
            "taker_side": "no"
        },
        {
            "trade_id": "3ab5c7be-7530-4434-a928-ef6e4704afb6",
            "ticker": "KXHIGHAUS-25MAR09-B59.5",
            "count": 78,
            "created_time": "2025-03-09T16:09:35.088944Z",
            "yes_price": 12,
            "no_price": 88,
            "taker_side": "yes"
        },
        {
            "trade_id": "6dba005b-f5fb-435a-a7ce-23e31d3911f2",
            "ticker": "KXHIGHAUS-25MAR09-B59.5",
            "count": 8,
            "created_time": "2025-03-09T16:07:57.419505Z",
            "yes_price": 14,
            "no_price": 86,
            "taker_side": "yes"
        },
        {
            "trade_id": "0e4d9217-4069-45d4-99a5-8097b89e2db5",
            "ticker": "KXHIGHAUS-25MAR09-B59.5",
            "count": 210,
            "created_time": "2025-03-09T16:07:57.419505Z",
            "yes_price": 15,
            "no_price": 85,
            "taker_side": "yes"
        },
        {
            "trade_id": "37764fcc-e0b0-42ce-83bb-076519bd8565",
            "ticker": "KXHIGHAUS-25MAR09-B59.5",
            "count": 126,
            "created_time": "2025-03-09T16:05:36.498875Z",
            "yes_price": 13,
            "no_price": 87,
            "taker_side": "no"
        },
        {
            "trade_id": "663da5e3-5a60-4d62-91ea-6eeb4fededf9",
            "ticker": "KXHIGHAUS-25MAR09-B59.5",
            "count": 18,
            "created_time": "2025-03-09T16:04:11.740103Z",
            "yes_price": 20,
            "no_price": 80,
            "taker_side": "yes"
        },
        {
            "trade_id": "36261246-4527-4d2e-abf1-24ea5336c027",
            "ticker": "KXHIGHAUS-25MAR09-B59.5",
            "count": 26,
            "created_time": "2025-03-09T15:51:31.824134Z",
            "yes_price": 17,
            "no_price": 83,
            "taker_side": "no"
        },
        {
            "trade_id": "27615ef0-03c2-46d6-bd4a-6e2d89b07cd9",
            "ticker": "KXHIGHAUS-25MAR09-B59.5",
            "count": 74,
            "created_time": "2025-03-09T15:51:31.824134Z",
            "yes_price": 15,
            "no_price": 85,
            "taker_side": "no"
        },
        {
            "trade_id": "99373d30-4958-4048-8420-33ad2072f1b1",
            "ticker": "KXHIGHAUS-25MAR09-B59.5",
            "count": 99,
            "created_time": "2025-03-09T15:46:58.11588Z",
            "yes_price": 17,
            "no_price": 83,
            "taker_side": "no"
        },
        {
            "trade_id": "6cb9c3e5-7826-4b94-ac66-a7ecc263e40e",
            "ticker": "KXHIGHAUS-25MAR09-B59.5",
            "count": 100,
            "created_time": "2025-03-09T15:46:58.11588Z",
            "yes_price": 15,
            "no_price": 85,
            "taker_side": "no"
        },
        {
            "trade_id": "b5095272-69a8-47ca-bf94-f302979bcd10",
            "ticker": "KXHIGHAUS-25MAR09-B59.5",
            "count": 5,
            "created_time": "2025-03-09T15:35:41.587293Z",
            "yes_price": 17,
            "no_price": 83,
            "taker_side": "no"
        },
        {
            "trade_id": "50bc76a5-ea0b-4cad-9d48-b1a83e0432d0",
            "ticker": "KXHIGHAUS-25MAR09-B59.5",
            "count": 8,
            "created_time": "2025-03-09T15:19:41.144938Z",
            "yes_price": 22,
            "no_price": 78,
            "taker_side": "yes"
        },
        {
            "trade_id": "3cc2f987-82a4-41ef-a4c1-211693f607e5",
            "ticker": "KXHIGHAUS-25MAR09-B59.5",
            "count": 119,
            "created_time": "2025-03-09T15:13:49.662989Z",
            "yes_price": 18,
            "no_price": 82,
            "taker_side": "no"
        },
        {
            "trade_id": "e50dc5fd-6b90-491d-ab30-f62e65701a89",
            "ticker": "KXHIGHAUS-25MAR09-B59.5",
            "count": 20,
            "created_time": "2025-03-09T15:08:44.764292Z",
            "yes_price": 18,
            "no_price": 82,
            "taker_side": "no"
        },
        {
            "trade_id": "57d34e52-66e2-44ba-a211-3c02bacf3bc6",
            "ticker": "KXHIGHAUS-25MAR09-B59.5",
            "count": 63,
            "created_time": "2025-03-09T15:08:44.764292Z",
            "yes_price": 18,
            "no_price": 82,
            "taker_side": "no"
        },
        {
            "trade_id": "50cff41f-754f-485c-9fc2-ff077d5b7d05",
            "ticker": "KXHIGHAUS-25MAR09-B59.5",
            "count": 50,
            "created_time": "2025-03-09T15:05:57.999062Z",
            "yes_price": 21,
            "no_price": 79,
            "taker_side": "yes"
        },
        {
            "trade_id": "7cc65aa0-ee15-4413-a287-0b58d02afb5f",
            "ticker": "KXHIGHAUS-25MAR09-B59.5",
            "count": 70,
            "created_time": "2025-03-09T15:00:16.096706Z",
            "yes_price": 18,
            "no_price": 82,
            "taker_side": "no"
        },
        {
            "trade_id": "16e9aafc-e87f-4f0c-94e3-55e8bcd9bdcc",
            "ticker": "KXHIGHAUS-25MAR09-B59.5",
            "count": 12,
            "created_time": "2025-03-09T14:59:12.423501Z",
            "yes_price": 18,
            "no_price": 82,
            "taker_side": "no"
        },
        {
            "trade_id": "8c733c1d-d156-4fc1-a876-401d81792266",
            "ticker": "KXHIGHAUS-25MAR09-B59.5",
            "count": 3,
            "created_time": "2025-03-09T14:53:00.658289Z",
            "yes_price": 23,
            "no_price": 77,
            "taker_side": "no"
        },
        {
            "trade_id": "9979aeef-4f7a-4102-8720-4b01df50a802",
            "ticker": "KXHIGHAUS-25MAR09-B59.5",
            "count": 240,
            "created_time": "2025-03-09T14:31:33.485543Z",
            "yes_price": 24,
            "no_price": 76,
            "taker_side": "yes"
        },
        {
            "trade_id": "3e8ec73f-1320-4ea3-bb5e-981928eb5ebc",
            "ticker": "KXHIGHAUS-25MAR09-B59.5",
            "count": 119,
            "created_time": "2025-03-09T14:31:33.485543Z",
            "yes_price": 22,
            "no_price": 78,
            "taker_side": "yes"
        },
        {
            "trade_id": "17f57e5c-6357-44fc-be12-3ab43eaa596e",
            "ticker": "KXHIGHAUS-25MAR09-B59.5",
            "count": 5,
            "created_time": "2025-03-09T14:31:33.485543Z",
            "yes_price": 22,
            "no_price": 78,
            "taker_side": "yes"
        },
        {
            "trade_id": "62b01a7f-5fe8-4ce2-98c4-ca83801ccad8",
            "ticker": "KXHIGHAUS-25MAR09-B59.5",
            "count": 22,
            "created_time": "2025-03-09T14:31:13.669576Z",
            "yes_price": 21,
            "no_price": 79,
            "taker_side": "yes"
        },
        {
            "trade_id": "e79e2889-67e6-4a93-8473-4cf5f68db0b4",
            "ticker": "KXHIGHAUS-25MAR09-B59.5",
            "count": 222,
            "created_time": "2025-03-09T14:28:44.589171Z",
            "yes_price": 20,
            "no_price": 80,
            "taker_side": "yes"
        },
        {
            "trade_id": "e77c1b20-a2f3-40f6-a1f2-ac79addede64",
            "ticker": "KXHIGHAUS-25MAR09-B59.5",
            "count": 3,
            "created_time": "2025-03-09T14:11:12.597853Z",
            "yes_price": 21,
            "no_price": 79,
            "taker_side": "yes"
        },
        {
            "trade_id": "2897a5a2-0246-45d3-aa27-8f9c469755e8",
            "ticker": "KXHIGHAUS-25MAR09-B59.5",
            "count": 10,
            "created_time": "2025-03-09T14:11:12.597853Z",
            "yes_price": 21,
            "no_price": 79,
            "taker_side": "yes"
        },
        {
            "trade_id": "12ce178b-f202-4910-bbd8-af51db281776",
            "ticker": "KXHIGHAUS-25MAR09-B59.5",
            "count": 8,
            "created_time": "2025-03-09T14:11:12.597853Z",
            "yes_price": 23,
            "no_price": 77,
            "taker_side": "yes"
        },
        {
            "trade_id": "f5eac7a5-b379-4ded-9c3f-8d670aa56b89",
            "ticker": "KXHIGHAUS-25MAR09-B59.5",
            "count": 10,
            "created_time": "2025-03-09T13:47:47.131808Z",
            "yes_price": 23,
            "no_price": 77,
            "taker_side": "yes"
        },
        {
            "trade_id": "16b5e1e3-9347-44eb-9181-cb6e6ec7a322",
            "ticker": "KXHIGHAUS-25MAR09-B59.5",
            "count": 68,
            "created_time": "2025-03-09T13:47:47.131808Z",
            "yes_price": 23,
            "no_price": 77,
            "taker_side": "yes"
        },
        {
            "trade_id": "6e59847b-c61a-4e44-a479-4a4b3953f5bc",
            "ticker": "KXHIGHAUS-25MAR09-B59.5",
            "count": 13,
            "created_time": "2025-03-09T13:42:14.901571Z",
            "yes_price": 22,
            "no_price": 78,
            "taker_side": "yes"
        },
        {
            "trade_id": "dda685d7-23e4-47db-afdb-cade96e0aeb4",
            "ticker": "KXHIGHAUS-25MAR09-B59.5",
            "count": 6,
            "created_time": "2025-03-09T13:03:24.357072Z",
            "yes_price": 22,
            "no_price": 78,
            "taker_side": "yes"
        },
        {
            "trade_id": "1fb23c58-4f58-4a23-bc3f-d0992712d681",
            "ticker": "KXHIGHAUS-25MAR09-B59.5",
            "count": 15,
            "created_time": "2025-03-09T13:03:24.357072Z",
            "yes_price": 21,
            "no_price": 79,
            "taker_side": "yes"
        },
        {
            "trade_id": "3d94af30-c3ed-4a8d-994d-2109e11e0865",
            "ticker": "KXHIGHAUS-25MAR09-B59.5",
            "count": 2,
            "created_time": "2025-03-09T12:08:05.084988Z",
            "yes_price": 22,
            "no_price": 78,
            "taker_side": "yes"
        },
        {
            "trade_id": "645a8ea6-7f0a-4d45-ac87-634d569c21ae",
            "ticker": "KXHIGHAUS-25MAR09-B59.5",
            "count": 30,
            "created_time": "2025-03-09T12:01:02.886105Z",
            "yes_price": 19,
            "no_price": 81,
            "taker_side": "yes"
        },
        {
            "trade_id": "a1412a61-4c2f-423d-bd5f-0cd95dc66746",
            "ticker": "KXHIGHAUS-25MAR09-B59.5",
            "count": 10,
            "created_time": "2025-03-09T12:00:50.132622Z",
            "yes_price": 18,
            "no_price": 82,
            "taker_side": "no"
        },
        {
            "trade_id": "263472ea-1fa3-4715-a6cd-d8402c311d26",
            "ticker": "KXHIGHAUS-25MAR09-B59.5",
            "count": 20,
            "created_time": "2025-03-09T12:00:24.793055Z",
            "yes_price": 18,
            "no_price": 82,
            "taker_side": "yes"
        },
        {
            "trade_id": "f619fe19-898e-4870-9e09-9f7039bdacf9",
            "ticker": "KXHIGHAUS-25MAR09-B59.5",
            "count": 200,
            "created_time": "2025-03-09T11:50:12.482352Z",
            "yes_price": 8,
            "no_price": 92,
            "taker_side": "no"
        },
        {
            "trade_id": "98d4b9ca-fe7e-4998-9dc4-7cdb58047fd1",
            "ticker": "KXHIGHAUS-25MAR09-B59.5",
            "count": 48,
            "created_time": "2025-03-09T11:50:12.482352Z",
            "yes_price": 11,
            "no_price": 89,
            "taker_side": "no"
        },
        {
            "trade_id": "925c9fad-11d1-47a1-8e07-6f3805cef639",
            "ticker": "KXHIGHAUS-25MAR09-B59.5",
            "count": 80,
            "created_time": "2025-03-09T11:50:12.482352Z",
            "yes_price": 9,
            "no_price": 91,
            "taker_side": "no"
        },
        {
            "trade_id": "90fce7c7-ba37-4e89-8d55-945525dedcc8",
            "ticker": "KXHIGHAUS-25MAR09-B59.5",
            "count": 231,
            "created_time": "2025-03-09T11:50:12.482352Z",
            "yes_price": 2,
            "no_price": 98,
            "taker_side": "no"
        },
        {
            "trade_id": "81c3873b-7caa-4664-8b47-5da38f04c3af",
            "ticker": "KXHIGHAUS-25MAR09-B59.5",
            "count": 17,
            "created_time": "2025-03-09T11:50:12.482352Z",
            "yes_price": 10,
            "no_price": 90,
            "taker_side": "no"
        },
        {
            "trade_id": "5095fbb5-40f4-47c7-930b-baa6e17b10e1",
            "ticker": "KXHIGHAUS-25MAR09-B59.5",
            "count": 176,
            "created_time": "2025-03-09T11:50:12.482352Z",
            "yes_price": 3,
            "no_price": 97,
            "taker_side": "no"
        },
        {
            "trade_id": "b3755809-8f2d-4c84-9eb4-a0e56aeeb0c9",
            "ticker": "KXHIGHAUS-25MAR09-B59.5",
            "count": 60,
            "created_time": "2025-03-09T11:32:17.685906Z",
            "yes_price": 11,
            "no_price": 89,
            "taker_side": "no"
        },
        {
            "trade_id": "61bd77f0-ffa3-46fb-a2ef-07cb36706c78",
            "ticker": "KXHIGHAUS-25MAR09-B59.5",
            "count": 35,
            "created_time": "2025-03-09T11:32:17.685906Z",
            "yes_price": 10,
            "no_price": 90,
            "taker_side": "no"
        },
        {
            "trade_id": "2b06d6b0-2464-4d0b-9640-82ff4befab50",
            "ticker": "KXHIGHAUS-25MAR09-B59.5",
            "count": 223,
            "created_time": "2025-03-09T11:32:17.685906Z",
            "yes_price": 11,
            "no_price": 89,
            "taker_side": "no"
        },
        {
            "trade_id": "fbda6bba-a351-484a-8064-e4e07017847d",
            "ticker": "KXHIGHAUS-25MAR09-B59.5",
            "count": 111,
            "created_time": "2025-03-09T11:24:32.880271Z",
            "yes_price": 12,
            "no_price": 88,
            "taker_side": "no"
        },
        {
            "trade_id": "dc972908-2592-4938-bc7b-a9bdd8d0d8cb",
            "ticker": "KXHIGHAUS-25MAR09-B59.5",
            "count": 94,
            "created_time": "2025-03-09T11:24:32.880271Z",
            "yes_price": 10,
            "no_price": 90,
            "taker_side": "no"
        },
        {
            "trade_id": "a8427600-c442-40c8-a543-f57881e0a3e1",
            "ticker": "KXHIGHAUS-25MAR09-B59.5",
            "count": 18,
            "created_time": "2025-03-09T11:24:32.880271Z",
            "yes_price": 13,
            "no_price": 87,
            "taker_side": "no"
        },
        {
            "trade_id": "9c7fffff-9e49-4be9-9898-b0e884df4264",
            "ticker": "KXHIGHAUS-25MAR09-B59.5",
            "count": 25,
            "created_time": "2025-03-09T06:50:08.346004Z",
            "yes_price": 14,
            "no_price": 86,
            "taker_side": "no"
        },
        {
            "trade_id": "305f1b41-325c-4c4d-aef0-487a0fbc1f54",
            "ticker": "KXHIGHAUS-25MAR09-B59.5",
            "count": 30,
            "created_time": "2025-03-09T06:42:39.579595Z",
            "yes_price": 17,
            "no_price": 83,
            "taker_side": "yes"
        },
        {
            "trade_id": "efc6003e-e39e-4f52-b4ee-830b9dc411fc",
            "ticker": "KXHIGHAUS-25MAR09-B59.5",
            "count": 420,
            "created_time": "2025-03-09T06:23:59.679336Z",
            "yes_price": 20,
            "no_price": 80,
            "taker_side": "yes"
        },
        {
            "trade_id": "bb15c2ce-e642-4fdd-ba6c-7e4f77c156d4",
            "ticker": "KXHIGHAUS-25MAR09-B59.5",
            "count": 10,
            "created_time": "2025-03-09T06:23:59.679336Z",
            "yes_price": 18,
            "no_price": 82,
            "taker_side": "yes"
        },
        {
            "trade_id": "b3dc90dc-f21c-4216-836c-e8210905cc0e",
            "ticker": "KXHIGHAUS-25MAR09-B59.5",
            "count": 52,
            "created_time": "2025-03-09T06:23:59.679336Z",
            "yes_price": 18,
            "no_price": 82,
            "taker_side": "yes"
        },
        {
            "trade_id": "ad9b3de6-5d37-4489-9e9e-bdae1d8aaea7",
            "ticker": "KXHIGHAUS-25MAR09-B59.5",
            "count": 240,
            "created_time": "2025-03-09T06:23:59.679336Z",
            "yes_price": 20,
            "no_price": 80,
            "taker_side": "yes"
        },
        {
            "trade_id": "9f723620-e1cc-4c28-a471-9cf54bfbad74",
            "ticker": "KXHIGHAUS-25MAR09-B59.5",
            "count": 512,
            "created_time": "2025-03-09T06:23:59.679336Z",
            "yes_price": 20,
            "no_price": 80,
            "taker_side": "yes"
        },
        {
            "trade_id": "4ca32da8-938f-461e-bb62-7f3946881024",
            "ticker": "KXHIGHAUS-25MAR09-B59.5",
            "count": 7,
            "created_time": "2025-03-09T06:23:59.679336Z",
            "yes_price": 19,
            "no_price": 81,
            "taker_side": "yes"
        },
        {
            "trade_id": "203631a5-7b16-4a32-9057-36cbc77e87b8",
            "ticker": "KXHIGHAUS-25MAR09-B59.5",
            "count": 26,
            "created_time": "2025-03-09T06:23:59.679336Z",
            "yes_price": 19,
            "no_price": 81,
            "taker_side": "yes"
        },
        {
            "trade_id": "86b7888d-1d40-4ec6-8bea-e1e3a5395b10",
            "ticker": "KXHIGHAUS-25MAR09-B59.5",
            "count": 23,
            "created_time": "2025-03-09T06:06:36.36166Z",
            "yes_price": 13,
            "no_price": 87,
            "taker_side": "no"
        },
        {
            "trade_id": "21a35512-d9f0-4fbc-981e-20e0a071263b",
            "ticker": "KXHIGHAUS-25MAR09-B59.5",
            "count": 33,
            "created_time": "2025-03-09T06:06:36.36166Z",
            "yes_price": 13,
            "no_price": 87,
            "taker_side": "no"
        },
        {
            "trade_id": "2d76b9a9-2e7e-4d48-b320-d63ca2048fcb",
            "ticker": "KXHIGHAUS-25MAR09-B59.5",
            "count": 5,
            "created_time": "2025-03-09T05:36:56.217413Z",
            "yes_price": 13,
            "no_price": 87,
            "taker_side": "no"
        },
        {
            "trade_id": "eb371377-ea7e-4845-97d1-ca963412638d",
            "ticker": "KXHIGHAUS-25MAR09-B59.5",
            "count": 100,
            "created_time": "2025-03-09T04:18:09.518086Z",
            "yes_price": 14,
            "no_price": 86,
            "taker_side": "no"
        },
        {
            "trade_id": "1727e601-b7c9-40f9-a36c-00c2941e95f1",
            "ticker": "KXHIGHAUS-25MAR09-B59.5",
            "count": 1,
            "created_time": "2025-03-09T04:18:09.518086Z",
            "yes_price": 14,
            "no_price": 86,
            "taker_side": "no"
        },
        {
            "trade_id": "cbbcda5b-a2e3-4b66-9e28-f87c2942fc76",
            "ticker": "KXHIGHAUS-25MAR09-B59.5",
            "count": 78,
            "created_time": "2025-03-09T04:15:53.747451Z",
            "yes_price": 15,
            "no_price": 85,
            "taker_side": "no"
        },
        {
            "trade_id": "28c41884-3984-4e46-9c1a-f57bc5337f72",
            "ticker": "KXHIGHAUS-25MAR09-B59.5",
            "count": 39,
            "created_time": "2025-03-09T04:15:44.081084Z",
            "yes_price": 15,
            "no_price": 85,
            "taker_side": "no"
        },
        {
            "trade_id": "8e461a04-5b5a-48dd-a5e5-68fd65c3765f",
            "ticker": "KXHIGHAUS-25MAR09-B59.5",
            "count": 118,
            "created_time": "2025-03-09T04:15:37.944832Z",
            "yes_price": 16,
            "no_price": 84,
            "taker_side": "no"
        },
        {
            "trade_id": "4608ad07-755b-4b49-936b-ed3ffa4915b8",
            "ticker": "KXHIGHAUS-25MAR09-B59.5",
            "count": 49,
            "created_time": "2025-03-09T04:15:28.760986Z",
            "yes_price": 17,
            "no_price": 83,
            "taker_side": "no"
        },
        {
            "trade_id": "4d2e1f8f-42d7-4f48-9a86-26bdba794e5a",
            "ticker": "KXHIGHAUS-25MAR09-B59.5",
            "count": 117,
            "created_time": "2025-03-09T04:05:26.070014Z",
            "yes_price": 17,
            "no_price": 83,
            "taker_side": "no"
        },
        {
            "trade_id": "5ea560fc-6b13-41c7-b9ae-53252495329e",
            "ticker": "KXHIGHAUS-25MAR09-B59.5",
            "count": 1,
            "created_time": "2025-03-09T04:05:11.148759Z",
            "yes_price": 17,
            "no_price": 83,
            "taker_side": "no"
        },
        {
            "trade_id": "241f50cf-1425-405c-9593-010791f7066a",
            "ticker": "KXHIGHAUS-25MAR09-B59.5",
            "count": 50,
            "created_time": "2025-03-09T04:05:11.148759Z",
            "yes_price": 17,
            "no_price": 83,
            "taker_side": "no"
        },
        {
            "trade_id": "fdf9aed7-255d-4ed3-8f33-7d16bbe97760",
            "ticker": "KXHIGHAUS-25MAR09-B59.5",
            "count": 108,
            "created_time": "2025-03-09T04:05:05.654679Z",
            "yes_price": 18,
            "no_price": 82,
            "taker_side": "no"
        },
        {
            "trade_id": "593a5939-0b39-4025-b37b-26364f18da2a",
            "ticker": "KXHIGHAUS-25MAR09-B59.5",
            "count": 64,
            "created_time": "2025-03-09T03:37:16.54435Z",
            "yes_price": 18,
            "no_price": 82,
            "taker_side": "no"
        },
        {
            "trade_id": "4ae34dc9-097a-47e5-86cf-535d5078ff77",
            "ticker": "KXHIGHAUS-25MAR09-B59.5",
            "count": 10,
            "created_time": "2025-03-09T03:37:16.54435Z",
            "yes_price": 18,
            "no_price": 82,
            "taker_side": "no"
        },
        {
            "trade_id": "e004a224-27a5-40fd-9879-f5b9d78150e8",
            "ticker": "KXHIGHAUS-25MAR09-B59.5",
            "count": 10,
            "created_time": "2025-03-09T03:06:49.407056Z",
            "yes_price": 19,
            "no_price": 81,
            "taker_side": "no"
        },
        {
            "trade_id": "6fa10245-4e1d-4875-87de-cdbc3eb86273",
            "ticker": "KXHIGHAUS-25MAR09-B59.5",
            "count": 10,
            "created_time": "2025-03-09T03:06:49.407056Z",
            "yes_price": 19,
            "no_price": 81,
            "taker_side": "no"
        },
        {
            "trade_id": "e08a27a0-ee36-4e02-a34a-bdda82a38e9e",
            "ticker": "KXHIGHAUS-25MAR09-B59.5",
            "count": 28,
            "created_time": "2025-03-09T03:06:38.175152Z",
            "yes_price": 24,
            "no_price": 76,
            "taker_side": "yes"
        },
        {
            "trade_id": "0e4e91ad-1289-4ef7-9486-669732757e9a",
            "ticker": "KXHIGHAUS-25MAR09-B59.5",
            "count": 200,
            "created_time": "2025-03-09T03:06:38.175152Z",
            "yes_price": 24,
            "no_price": 76,
            "taker_side": "yes"
        },
        {
            "trade_id": "d89c7102-681c-4d80-b71e-432bde4fc3ea",
            "ticker": "KXHIGHAUS-25MAR09-B59.5",
            "count": 24,
            "created_time": "2025-03-09T02:47:20.501809Z",
            "yes_price": 24,
            "no_price": 76,
            "taker_side": "yes"
        },
        {
            "trade_id": "59c6cc9a-7446-4017-98e4-2f9dfe2a0ed1",
            "ticker": "KXHIGHAUS-25MAR09-B59.5",
            "count": 46,
            "created_time": "2025-03-09T02:47:20.501809Z",
            "yes_price": 24,
            "no_price": 76,
            "taker_side": "yes"
        },
        {
            "trade_id": "ea7247bd-25c7-4ede-b27d-b30bdc13f4db",
            "ticker": "KXHIGHAUS-25MAR09-B59.5",
            "count": 39,
            "created_time": "2025-03-09T02:46:05.075185Z",
            "yes_price": 24,
            "no_price": 76,
            "taker_side": "yes"
        },
        {
            "trade_id": "d4e03a8d-7d4d-4698-b6ba-ded52410032f",
            "ticker": "KXHIGHAUS-25MAR09-B59.5",
            "count": 15,
            "created_time": "2025-03-09T02:46:05.075185Z",
            "yes_price": 24,
            "no_price": 76,
            "taker_side": "yes"
        },
        {
            "trade_id": "8e0e7a01-998b-4523-8ce3-a95d72b7515b",
            "ticker": "KXHIGHAUS-25MAR09-B59.5",
            "count": 240,
            "created_time": "2025-03-09T02:46:05.075185Z",
            "yes_price": 24,
            "no_price": 76,
            "taker_side": "yes"
        },
        {
            "trade_id": "54bc9e07-58fb-4fca-bfde-c5a8577933ee",
            "ticker": "KXHIGHAUS-25MAR09-B59.5",
            "count": 49,
            "created_time": "2025-03-09T02:46:05.075185Z",
            "yes_price": 23,
            "no_price": 77,
            "taker_side": "yes"
        },
        {
            "trade_id": "1a3489f4-6484-4039-873f-047c9d040d62",
            "ticker": "KXHIGHAUS-25MAR09-B59.5",
            "count": 16,
            "created_time": "2025-03-09T02:46:05.075185Z",
            "yes_price": 22,
            "no_price": 78,
            "taker_side": "yes"
        },
        {
            "trade_id": "b52688b8-81ca-4ca3-9ad6-6d9c5f10b5df",
            "ticker": "KXHIGHAUS-25MAR09-B59.5",
            "count": 34,
            "created_time": "2025-03-09T02:37:35.605347Z",
            "yes_price": 22,
            "no_price": 78,
            "taker_side": "yes"
        },
        {
            "trade_id": "613d4e7b-f8a3-4b2e-92b2-3de4a86ab6da",
            "ticker": "KXHIGHAUS-25MAR09-B59.5",
            "count": 118,
            "created_time": "2025-03-09T02:37:12.694718Z",
            "yes_price": 22,
            "no_price": 78,
            "taker_side": "yes"
        },
        {
            "trade_id": "4d4c7c5f-62a7-4d5e-a1c3-68da872d2bf4",
            "ticker": "KXHIGHAUS-25MAR09-B59.5",
            "count": 9,
            "created_time": "2025-03-09T02:36:52.792535Z",
            "yes_price": 21,
            "no_price": 79,
            "taker_side": "yes"
        },
        {
            "trade_id": "13ef261b-eed0-422a-b146-5bb5dcd27442",
            "ticker": "KXHIGHAUS-25MAR09-B59.5",
            "count": 26,
            "created_time": "2025-03-09T02:36:52.792535Z",
            "yes_price": 21,
            "no_price": 79,
            "taker_side": "yes"
        },
        {
            "trade_id": "1154b1c7-e267-47da-8f89-7d2d5e129331",
            "ticker": "KXHIGHAUS-25MAR09-B59.5",
            "count": 39,
            "created_time": "2025-03-09T02:36:52.792535Z",
            "yes_price": 21,
            "no_price": 79,
            "taker_side": "yes"
        },
        {
            "trade_id": "64ea18fb-98c5-4fed-b397-ae9e044542ee",
            "ticker": "KXHIGHAUS-25MAR09-B59.5",
            "count": 52,
            "created_time": "2025-03-09T02:33:19.468424Z",
            "yes_price": 21,
            "no_price": 79,
            "taker_side": "yes"
        },
        {
            "trade_id": "0d747c1c-3f9f-486a-84b0-13cd60b32bc1",
            "ticker": "KXHIGHAUS-25MAR09-B59.5",
            "count": 2,
            "created_time": "2025-03-09T02:33:19.468424Z",
            "yes_price": 21,
            "no_price": 79,
            "taker_side": "yes"
        },
        {
            "trade_id": "981976c0-bf44-4a5a-adf3-c00abf7b64c2",
            "ticker": "KXHIGHAUS-25MAR09-B59.5",
            "count": 68,
            "created_time": "2025-03-09T02:23:54.681978Z",
            "yes_price": 21,
            "no_price": 79,
            "taker_side": "yes"
        },
        {
            "trade_id": "8df0a3f8-317b-4505-a83e-fca5b11012d8",
            "ticker": "KXHIGHAUS-25MAR09-B59.5",
            "count": 1,
            "created_time": "2025-03-09T02:23:54.681978Z",
            "yes_price": 21,
            "no_price": 79,
            "taker_side": "yes"
        },
        {
            "trade_id": "dbf77be6-f6b9-41a3-b2b9-137f077b9b00",
            "ticker": "KXHIGHAUS-25MAR09-B59.5",
            "count": 240,
            "created_time": "2025-03-09T02:21:58.506588Z",
            "yes_price": 20,
            "no_price": 80,
            "taker_side": "yes"
        },
        {
            "trade_id": "d1a6aee7-0186-48f6-b0a1-dd3d562adea5",
            "ticker": "KXHIGHAUS-25MAR09-B59.5",
            "count": 69,
            "created_time": "2025-03-09T02:21:58.506588Z",
            "yes_price": 18,
            "no_price": 82,
            "taker_side": "yes"
        },
        {
            "trade_id": "ce5063ad-4923-4dd9-b068-81baaf411edc",
            "ticker": "KXHIGHAUS-25MAR09-B59.5",
            "count": 512,
            "created_time": "2025-03-09T02:21:58.506588Z",
            "yes_price": 20,
            "no_price": 80,
            "taker_side": "yes"
        },
        {
            "trade_id": "114158db-ff73-4242-96ee-edcc08bd3cd0",
            "ticker": "KXHIGHAUS-25MAR09-B59.5",
            "count": 68,
            "created_time": "2025-03-09T02:21:58.506588Z",
            "yes_price": 19,
            "no_price": 81,
            "taker_side": "yes"
        },
        {
            "trade_id": "372fcb99-b12b-4d4f-bd9f-b393e6a1bdce",
            "ticker": "KXHIGHAUS-25MAR09-B59.5",
            "count": 20,
            "created_time": "2025-03-09T02:20:52.748721Z",
            "yes_price": 17,
            "no_price": 83,
            "taker_side": "yes"
        },
        {
            "trade_id": "0a62f270-e1cd-40a8-91ae-8ce6e1bd24a5",
            "ticker": "KXHIGHAUS-25MAR09-B59.5",
            "count": 117,
            "created_time": "2025-03-09T01:52:54.183654Z",
            "yes_price": 17,
            "no_price": 83,
            "taker_side": "yes"
        },
        {
            "trade_id": "adc3b821-3d1f-4a86-b5bb-6afcbb481f5f",
            "ticker": "KXHIGHAUS-25MAR09-B59.5",
            "count": 42,
            "created_time": "2025-03-09T01:40:14.82008Z",
            "yes_price": 17,
            "no_price": 83,
            "taker_side": "yes"
        },
        {
            "trade_id": "3c0ab1eb-6c2d-40e1-9ff5-0e1a97727946",
            "ticker": "KXHIGHAUS-25MAR09-B59.5",
            "count": 58,
            "created_time": "2025-03-09T01:39:39.849728Z",
            "yes_price": 16,
            "no_price": 84,
            "taker_side": "yes"
        },
        {
            "trade_id": "15188586-6f2d-4e01-8eb7-86f1e937efda",
            "ticker": "KXHIGHAUS-25MAR09-B59.5",
            "count": 240,
            "created_time": "2025-03-09T01:00:59.163915Z",
            "yes_price": 16,
            "no_price": 84,
            "taker_side": "yes"
        },
        {
            "trade_id": "fbed2a07-ccb5-4a58-a2e5-b8a62809f61b",
            "ticker": "KXHIGHAUS-25MAR09-B59.5",
            "count": 50,
            "created_time": "2025-03-09T01:00:24.857649Z",
            "yes_price": 14,
            "no_price": 86,
            "taker_side": "yes"
        },
        {
            "trade_id": "e2f0426e-60eb-4902-a563-6efa95892205",
            "ticker": "KXHIGHAUS-25MAR09-B59.5",
            "count": 4,
            "created_time": "2025-03-09T01:00:24.857649Z",
            "yes_price": 14,
            "no_price": 86,
            "taker_side": "yes"
        },
        {
            "trade_id": "ae3eb94d-820c-4e75-a250-4a1a0539ec9e",
            "ticker": "KXHIGHAUS-25MAR09-B59.5",
            "count": 2,
            "created_time": "2025-03-09T01:00:24.857649Z",
            "yes_price": 14,
            "no_price": 86,
            "taker_side": "yes"
        },
        {
            "trade_id": "c0ec5121-f3c0-4dd8-997b-3bacabecae74",
            "ticker": "KXHIGHAUS-25MAR09-B59.5",
            "count": 23,
            "created_time": "2025-03-09T00:10:40.442575Z",
            "yes_price": 14,
            "no_price": 86,
            "taker_side": "yes"
        },
        {
            "trade_id": "9702dac4-2c1f-4718-ac9e-6dd3fb5bd7a5",
            "ticker": "KXHIGHAUS-25MAR09-B59.5",
            "count": 1,
            "created_time": "2025-03-09T00:10:40.442575Z",
            "yes_price": 14,
            "no_price": 86,
            "taker_side": "yes"
        },
        {
            "trade_id": "5e3a72e2-07b4-4b68-9b1a-645d872d260f",
            "ticker": "KXHIGHAUS-25MAR09-B59.5",
            "count": 5,
            "created_time": "2025-03-09T00:10:40.442575Z",
            "yes_price": 16,
            "no_price": 84,
            "taker_side": "yes"
        },
        {
            "trade_id": "5a5fc28a-9c0c-43d9-a4a2-5c6a5c62336e",
            "ticker": "KXHIGHAUS-25MAR09-B59.5",
            "count": 32,
            "created_time": "2025-03-09T00:10:40.442575Z",
            "yes_price": 16,
            "no_price": 84,
            "taker_side": "yes"
        },
        {
            "trade_id": "02b5503e-ece4-4f48-ae87-b8a7fe471b3b",
            "ticker": "KXHIGHAUS-25MAR09-B59.5",
            "count": 14,
            "created_time": "2025-03-09T00:09:52.247785Z",
            "yes_price": 14,
            "no_price": 86,
            "taker_side": "yes"
        },
        {
            "trade_id": "f157aae0-f41e-4612-abf5-bc131c26ed21",
            "ticker": "KXHIGHAUS-25MAR09-B59.5",
            "count": 41,
            "created_time": "2025-03-08T23:55:07.800797Z",
            "yes_price": 11,
            "no_price": 89,
            "taker_side": "no"
        },
        {
            "trade_id": "9fa6d51f-c4b5-4af5-97f1-9f5278eae1fe",
            "ticker": "KXHIGHAUS-25MAR09-B59.5",
            "count": 15,
            "created_time": "2025-03-08T23:55:07.800797Z",
            "yes_price": 11,
            "no_price": 89,
            "taker_side": "no"
        },
        {
            "trade_id": "17df791e-45e1-44b0-9260-4cadf7b54ba9",
            "ticker": "KXHIGHAUS-25MAR09-B59.5",
            "count": 154,
            "created_time": "2025-03-08T23:55:07.800797Z",
            "yes_price": 10,
            "no_price": 90,
            "taker_side": "no"
        },
        {
            "trade_id": "dea00e29-4187-48ce-9fd4-7105cb0cdd39",
            "ticker": "KXHIGHAUS-25MAR09-B59.5",
            "count": 24,
            "created_time": "2025-03-08T22:44:33.946928Z",
            "yes_price": 15,
            "no_price": 85,
            "taker_side": "yes"
        },
        {
            "trade_id": "da87294f-eb76-4a25-921b-28df81183eac",
            "ticker": "KXHIGHAUS-25MAR09-B59.5",
            "count": 20,
            "created_time": "2025-03-08T22:44:33.946928Z",
            "yes_price": 13,
            "no_price": 87,
            "taker_side": "yes"
        },
        {
            "trade_id": "c783667f-0ae4-4cb0-8545-388d359e0cbc",
            "ticker": "KXHIGHAUS-25MAR09-B59.5",
            "count": 32,
            "created_time": "2025-03-08T22:44:33.946928Z",
            "yes_price": 15,
            "no_price": 85,
            "taker_side": "yes"
        },
        {
            "trade_id": "94282b88-7d79-4d85-bb4b-279326bbf532",
            "ticker": "KXHIGHAUS-25MAR09-B59.5",
            "count": 23,
            "created_time": "2025-03-08T22:44:33.946928Z",
            "yes_price": 13,
            "no_price": 87,
            "taker_side": "yes"
        },
        {
            "trade_id": "720d330b-d99d-4f4b-8e11-ad9e7992148f",
            "ticker": "KXHIGHAUS-25MAR09-B59.5",
            "count": 1,
            "created_time": "2025-03-08T22:44:33.946928Z",
            "yes_price": 13,
            "no_price": 87,
            "taker_side": "yes"
        },
        {
            "trade_id": "d578174b-0d9a-4c93-a238-c9a9ecb5e71f",
            "ticker": "KXHIGHAUS-25MAR09-B59.5",
            "count": 103,
            "created_time": "2025-03-08T22:43:17.277211Z",
            "yes_price": 12,
            "no_price": 88,
            "taker_side": "no"
        },
        {
            "trade_id": "d2db6116-14ae-4817-ba62-ff29a995ec6f",
            "ticker": "KXHIGHAUS-25MAR09-B59.5",
            "count": 25,
            "created_time": "2025-03-08T22:42:07.851045Z",
            "yes_price": 13,
            "no_price": 87,
            "taker_side": "yes"
        },
        {
            "trade_id": "65340545-ea34-4776-9ef8-fd84cbf71bad",
            "ticker": "KXHIGHAUS-25MAR09-B59.5",
            "count": 11,
            "created_time": "2025-03-08T22:42:07.851045Z",
            "yes_price": 13,
            "no_price": 87,
            "taker_side": "yes"
        },
        {
            "trade_id": "b1bedbdf-0ea2-45f9-bae9-4601ac109bc9",
            "ticker": "KXHIGHAUS-25MAR09-B59.5",
            "count": 25,
            "created_time": "2025-03-08T22:42:01.613028Z",
            "yes_price": 12,
            "no_price": 88,
            "taker_side": "no"
        },
        {
            "trade_id": "8d1ec5dc-3ebb-4177-a798-2880ff26763d",
            "ticker": "KXHIGHAUS-25MAR09-B59.5",
            "count": 25,
            "created_time": "2025-03-08T22:41:32.420715Z",
            "yes_price": 12,
            "no_price": 88,
            "taker_side": "no"
        },
        {
            "trade_id": "7f6416b9-7282-4e7c-a4ba-e1268f1bdfcd",
            "ticker": "KXHIGHAUS-25MAR09-B59.5",
            "count": 22,
            "created_time": "2025-03-08T22:41:06.623781Z",
            "yes_price": 12,
            "no_price": 88,
            "taker_side": "no"
        },
        {
            "trade_id": "ea484079-64d5-4ac5-8f3e-aa28815a3395",
            "ticker": "KXHIGHAUS-25MAR09-B59.5",
            "count": 25,
            "created_time": "2025-03-08T22:40:50.476616Z",
            "yes_price": 12,
            "no_price": 88,
            "taker_side": "no"
        },
        {
            "trade_id": "cf303da4-4758-4c38-98ff-7a818d426a33",
            "ticker": "KXHIGHAUS-25MAR09-B59.5",
            "count": 5,
            "created_time": "2025-03-08T22:30:14.47699Z",
            "yes_price": 12,
            "no_price": 88,
            "taker_side": "no"
        },
        {
            "trade_id": "89b1eedc-24ad-4489-8d76-b8c79880f9a2",
            "ticker": "KXHIGHAUS-25MAR09-B59.5",
            "count": 100,
            "created_time": "2025-03-08T22:02:53.611486Z",
            "yes_price": 13,
            "no_price": 87,
            "taker_side": "yes"
        },
        {
            "trade_id": "eeeb2f95-aba2-4921-8993-3b7d3cbeda3b",
            "ticker": "KXHIGHAUS-25MAR09-B59.5",
            "count": 6,
            "created_time": "2025-03-08T21:54:24.743732Z",
            "yes_price": 13,
            "no_price": 87,
            "taker_side": "no"
        },
        {
            "trade_id": "b665084e-891d-4662-aa27-e2616b6e4494",
            "ticker": "KXHIGHAUS-25MAR09-B59.5",
            "count": 20,
            "created_time": "2025-03-08T21:54:24.743732Z",
            "yes_price": 13,
            "no_price": 87,
            "taker_side": "no"
        },
        {
            "trade_id": "43e5a552-c486-4bad-a81b-9d389fe38dc0",
            "ticker": "KXHIGHAUS-25MAR09-B59.5",
            "count": 10,
            "created_time": "2025-03-08T21:54:20.97686Z",
            "yes_price": 13,
            "no_price": 87,
            "taker_side": "no"
        },
        {
            "trade_id": "5dd869cd-35de-44ac-8d5e-9fe8c8974209",
            "ticker": "KXHIGHAUS-25MAR09-B59.5",
            "count": 240,
            "created_time": "2025-03-08T21:54:20.713941Z",
            "yes_price": 13,
            "no_price": 87,
            "taker_side": "no"
        },
        {
            "trade_id": "efb135c1-fe51-47bf-a82e-1f0304d31cad",
            "ticker": "KXHIGHAUS-25MAR09-B59.5",
            "count": 85,
            "created_time": "2025-03-08T21:54:20.662518Z",
            "yes_price": 13,
            "no_price": 87,
            "taker_side": "no"
        },
        {
            "trade_id": "c5d6d6f6-d76a-47b7-8f0b-f2ffc24eb04e",
            "ticker": "KXHIGHAUS-25MAR09-B59.5",
            "count": 45,
            "created_time": "2025-03-08T21:50:24.303567Z",
            "yes_price": 15,
            "no_price": 85,
            "taker_side": "yes"
        },
        {
            "trade_id": "89cfc0cc-ad73-421e-8161-d4e98ce9b5ae",
            "ticker": "KXHIGHAUS-25MAR09-B59.5",
            "count": 25,
            "created_time": "2025-03-08T21:43:08.218292Z",
            "yes_price": 15,
            "no_price": 85,
            "taker_side": "yes"
        },
        {
            "trade_id": "bc71b64a-f9ec-4bc2-bfca-4354de407ffd",
            "ticker": "KXHIGHAUS-25MAR09-B59.5",
            "count": 25,
            "created_time": "2025-03-08T21:41:21.822715Z",
            "yes_price": 13,
            "no_price": 87,
            "taker_side": "no"
        },
        {
            "trade_id": "70af957c-d63e-46c0-8d21-ae90456410de",
            "ticker": "KXHIGHAUS-25MAR09-B59.5",
            "count": 31,
            "created_time": "2025-03-08T21:23:49.712961Z",
            "yes_price": 15,
            "no_price": 85,
            "taker_side": "yes"
        },
        {
            "trade_id": "a81dd1fd-5123-47ca-842f-8f8f8b07e933",
            "ticker": "KXHIGHAUS-25MAR09-B59.5",
            "count": 20,
            "created_time": "2025-03-08T20:50:52.542275Z",
            "yes_price": 13,
            "no_price": 87,
            "taker_side": "no"
        },
        {
            "trade_id": "b005a4c2-334b-457b-b24c-450a35ff1620",
            "ticker": "KXHIGHAUS-25MAR09-B59.5",
            "count": 31,
            "created_time": "2025-03-08T20:33:19.534423Z",
            "yes_price": 17,
            "no_price": 83,
            "taker_side": "yes"
        },
        {
            "trade_id": "4d693339-fce9-46aa-948f-0e5d5ee0d7cd",
            "ticker": "KXHIGHAUS-25MAR09-B59.5",
            "count": 9,
            "created_time": "2025-03-08T20:33:19.534423Z",
            "yes_price": 15,
            "no_price": 85,
            "taker_side": "yes"
        },
        {
            "trade_id": "a2589af4-0f18-42fb-9aa8-21915c421b50",
            "ticker": "KXHIGHAUS-25MAR09-B59.5",
            "count": 31,
            "created_time": "2025-03-08T20:31:28.223077Z",
            "yes_price": 15,
            "no_price": 85,
            "taker_side": "yes"
        },
        {
            "trade_id": "96eb11e1-12ec-4e01-880c-f7876400951a",
            "ticker": "KXHIGHAUS-25MAR09-B59.5",
            "count": 2,
            "created_time": "2025-03-08T20:31:28.223077Z",
            "yes_price": 15,
            "no_price": 85,
            "taker_side": "yes"
        },
        {
            "trade_id": "4a9cf301-c272-4ea0-a97a-3ca0d4767460",
            "ticker": "KXHIGHAUS-25MAR09-B59.5",
            "count": 7,
            "created_time": "2025-03-08T20:31:28.223077Z",
            "yes_price": 15,
            "no_price": 85,
            "taker_side": "yes"
        },
        {
            "trade_id": "f6ff5847-39c4-409d-945f-668cae0fe174",
            "ticker": "KXHIGHAUS-25MAR09-B59.5",
            "count": 232,
            "created_time": "2025-03-08T20:29:10.131356Z",
            "yes_price": 15,
            "no_price": 85,
            "taker_side": "yes"
        },
        {
            "trade_id": "b4ac343b-e72c-4895-8309-a5362221f5bb",
            "ticker": "KXHIGHAUS-25MAR09-B59.5",
            "count": 3,
            "created_time": "2025-03-08T20:29:10.131356Z",
            "yes_price": 13,
            "no_price": 87,
            "taker_side": "yes"
        },
        {
            "trade_id": "5069af92-18c8-4225-ae7c-45bb54d84fd4",
            "ticker": "KXHIGHAUS-25MAR09-B59.5",
            "count": 85,
            "created_time": "2025-03-08T20:29:10.131356Z",
            "yes_price": 13,
            "no_price": 87,
            "taker_side": "yes"
        },
        {
            "trade_id": "da696b3d-a5b4-432b-a4bf-7ab39b0153b8",
            "ticker": "KXHIGHAUS-25MAR09-B59.5",
            "count": 59,
            "created_time": "2025-03-08T20:13:42.740787Z",
            "yes_price": 15,
            "no_price": 85,
            "taker_side": "yes"
        },
        {
            "trade_id": "7d3f128c-72e7-4ec8-9941-990bec113aef",
            "ticker": "KXHIGHAUS-25MAR09-B59.5",
            "count": 36,
            "created_time": "2025-03-08T20:13:42.740787Z",
            "yes_price": 13,
            "no_price": 87,
            "taker_side": "yes"
        },
        {
            "trade_id": "7b14698f-f000-4f97-82c9-bbe5b1cb7b85",
            "ticker": "KXHIGHAUS-25MAR09-B59.5",
            "count": 5,
            "created_time": "2025-03-08T20:13:42.740787Z",
            "yes_price": 13,
            "no_price": 87,
            "taker_side": "yes"
        },
        {
            "trade_id": "56290841-27e7-49da-b64f-c3c7f3de85f7",
            "ticker": "KXHIGHAUS-25MAR09-B59.5",
            "count": 85,
            "created_time": "2025-03-08T20:10:17.866995Z",
            "yes_price": 13,
            "no_price": 87,
            "taker_side": "yes"
        },
        {
            "trade_id": "20ed43f5-d83d-4d44-a051-56c4d3713733",
            "ticker": "KXHIGHAUS-25MAR09-B59.5",
            "count": 15,
            "created_time": "2025-03-08T20:10:17.866995Z",
            "yes_price": 11,
            "no_price": 89,
            "taker_side": "yes"
        },
        {
            "trade_id": "8c14872f-00c6-49f7-88bc-f4c27e86e7e7",
            "ticker": "KXHIGHAUS-25MAR09-B59.5",
            "count": 50,
            "created_time": "2025-03-08T20:10:05.119434Z",
            "yes_price": 11,
            "no_price": 89,
            "taker_side": "yes"
        },
        {
            "trade_id": "c52287f6-e9fb-4864-9432-c62bae9d05c5",
            "ticker": "KXHIGHAUS-25MAR09-B59.5",
            "count": 6,
            "created_time": "2025-03-08T19:19:43.174106Z",
            "yes_price": 18,
            "no_price": 82,
            "taker_side": "yes"
        },
        {
            "trade_id": "9547a5bf-fe5c-469e-899a-935dd8f96337",
            "ticker": "KXHIGHAUS-25MAR09-B59.5",
            "count": 10,
            "created_time": "2025-03-08T19:19:43.174106Z",
            "yes_price": 18,
            "no_price": 82,
            "taker_side": "yes"
        },
        {
            "trade_id": "77d2296b-1710-48a2-87ae-5dbefec19469",
            "ticker": "KXHIGHAUS-25MAR09-B59.5",
            "count": 13,
            "created_time": "2025-03-08T19:19:12.144151Z",
            "yes_price": 15,
            "no_price": 85,
            "taker_side": "yes"
        },
        {
            "trade_id": "ff4873a2-7e8a-4a3b-baa0-b9ec39f09e10",
            "ticker": "KXHIGHAUS-25MAR09-B59.5",
            "count": 227,
            "created_time": "2025-03-08T19:04:55.604198Z",
