{
    "KXHIGHAUS-25JAN04-T71": [
        {
            "trade_id": "e9732f15-626b-4d60-a7d5-d739d3f8e679",
            "ticker": "KXHIGHAUS-25JAN04-T71",
            "count": 1,
            "created_time": "2025-01-05T01:24:34.727796Z",
            "yes_price": 1,
            "no_price": 99,
            "taker_side": "yes"
        },
        {
            "trade_id": "9b8e5a00-c896-4102-8440-edecb55e744f",
            "ticker": "KXHIGHAUS-25JAN04-T71",
            "count": 198,
            "created_time": "2025-01-04T23:00:17.364343Z",
            "yes_price": 1,
            "no_price": 99,
            "taker_side": "yes"
        },
        {
            "trade_id": "91e457af-5cd8-49a9-843e-286df39372b9",
            "ticker": "KXHIGHAUS-25JAN04-T71",
            "count": 9,
            "created_time": "2025-01-04T22:46:41.557704Z",
            "yes_price": 1,
            "no_price": 99,
            "taker_side": "yes"
        },
        {
            "trade_id": "9981b2ac-e931-483f-9aad-bc31c8fd0b28",
            "ticker": "KXHIGHAUS-25JAN04-T71",
            "count": 9351,
            "created_time": "2025-01-04T20:48:36.255267Z",
            "yes_price": 1,
            "no_price": 99,
            "taker_side": "yes"
        },
        {
            "trade_id": "9e1057c6-826d-4757-969a-34b3000d3fff",
            "ticker": "KXHIGHAUS-25JAN04-T71",
            "count": 7,
            "created_time": "2025-01-04T20:44:28.754313Z",
            "yes_price": 1,
            "no_price": 99,
            "taker_side": "yes"
        },
        {
            "trade_id": "7f6ba1ac-6f87-416d-990a-0414a3de8d7e",
            "ticker": "KXHIGHAUS-25JAN04-T71",
            "count": 455,
            "created_time": "2025-01-04T20:44:08.687301Z",
            "yes_price": 1,
            "no_price": 99,
            "taker_side": "yes"
        },
        {
            "trade_id": "625e09fd-32fa-4bd4-8ccf-0b12d264c368",
            "ticker": "KXHIGHAUS-25JAN04-T71",
            "count": 479,
            "created_time": "2025-01-04T20:44:08.687301Z",
            "yes_price": 1,
            "no_price": 99,
            "taker_side": "yes"
        },
        {
            "trade_id": "5eb1efd3-16ab-4ed1-9868-9fe526bd7159",
            "ticker": "KXHIGHAUS-25JAN04-T71",
            "count": 561,
            "created_time": "2025-01-04T20:38:37.392499Z",
            "yes_price": 1,
            "no_price": 99,
            "taker_side": "yes"
        },
        {
            "trade_id": "12581102-4d99-4df7-bd80-7762f85e4140",
            "ticker": "KXHIGHAUS-25JAN04-T71",
            "count": 467,
            "created_time": "2025-01-04T20:37:37.988886Z",
            "yes_price": 1,
            "no_price": 99,
            "taker_side": "yes"
        },
        {
            "trade_id": "e2fdf82c-3cda-4c57-b098-2172bdc96e82",
            "ticker": "KXHIGHAUS-25JAN04-T71",
            "count": 93,
            "created_time": "2025-01-04T20:32:29.122568Z",
            "yes_price": 1,
            "no_price": 99,
            "taker_side": "yes"
        },
        {
            "trade_id": "c4ea9441-9c68-406d-a1a5-35c350f5b757",
            "ticker": "KXHIGHAUS-25JAN04-T71",
            "count": 228,
            "created_time": "2025-01-04T20:28:50.817751Z",
            "yes_price": 1,
            "no_price": 99,
            "taker_side": "yes"
        },
        {
            "trade_id": "9198a3b6-72b6-47cb-8932-10b1225c75a7",
            "ticker": "KXHIGHAUS-25JAN04-T71",
            "count": 1,
            "created_time": "2025-01-04T20:28:50.817751Z",
            "yes_price": 1,
            "no_price": 99,
            "taker_side": "yes"
        },
        {
            "trade_id": "650c685f-bae9-40f4-a245-6d8229a9ff92",
            "ticker": "KXHIGHAUS-25JAN04-T71",
            "count": 139,
            "created_time": "2025-01-04T20:28:50.817751Z",
            "yes_price": 1,
            "no_price": 99,
            "taker_side": "yes"
        },
        {
            "trade_id": "1f485502-5ca7-4f38-ba2a-8920b7b07860",
            "ticker": "KXHIGHAUS-25JAN04-T71",
            "count": 1500,
            "created_time": "2025-01-04T20:28:50.817751Z",
            "yes_price": 1,
            "no_price": 99,
            "taker_side": "yes"
        },
        {
            "trade_id": "8a787480-cb46-403d-a6f4-7713428a3284",
            "ticker": "KXHIGHAUS-25JAN04-T71",
            "count": 84,
            "created_time": "2025-01-04T20:27:15.224367Z",
            "yes_price": 1,
            "no_price": 99,
            "taker_side": "yes"
        },
        {
            "trade_id": "65e9b771-94d9-4ef3-b568-4489f94ada75",
            "ticker": "KXHIGHAUS-25JAN04-T71",
            "count": 935,
            "created_time": "2025-01-04T20:22:19.137186Z",
            "yes_price": 1,
            "no_price": 99,
            "taker_side": "yes"
        },
        {
            "trade_id": "1eb0ed98-4370-437a-a875-2b27286baae0",
            "ticker": "KXHIGHAUS-25JAN04-T71",
            "count": 249,
            "created_time": "2025-01-04T20:19:20.881847Z",
            "yes_price": 1,
            "no_price": 99,
            "taker_side": "yes"
        },
        {
            "trade_id": "206ffbfe-0995-461e-8605-d0700f2ef02a",
            "ticker": "KXHIGHAUS-25JAN04-T71",
            "count": 93,
            "created_time": "2025-01-04T20:17:57.971981Z",
            "yes_price": 1,
            "no_price": 99,
            "taker_side": "yes"
        },
        {
            "trade_id": "a5bf29ad-f2c4-4bcb-adca-7bff5ba966e2",
            "ticker": "KXHIGHAUS-25JAN04-T71",
            "count": 1000,
            "created_time": "2025-01-04T20:17:40.810941Z",
            "yes_price": 1,
            "no_price": 99,
            "taker_side": "yes"
        },
        {
            "trade_id": "c6a7b467-6ea0-44e5-b7dc-d9413c4ddd0a",
            "ticker": "KXHIGHAUS-25JAN04-T71",
            "count": 310,
            "created_time": "2025-01-04T20:17:34.335382Z",
            "yes_price": 1,
            "no_price": 99,
            "taker_side": "yes"
        },
        {
            "trade_id": "c9ebbc4c-80a8-40b4-aab4-b7d33e9719de",
            "ticker": "KXHIGHAUS-25JAN04-T71",
            "count": 14,
            "created_time": "2025-01-04T20:17:23.519243Z",
            "yes_price": 1,
            "no_price": 99,
            "taker_side": "yes"
        },
        {
            "trade_id": "5fcc8ac7-33cb-4cc6-b47d-c68c66d5a521",
            "ticker": "KXHIGHAUS-25JAN04-T71",
            "count": 11,
            "created_time": "2025-01-04T20:17:20.558266Z",
            "yes_price": 1,
            "no_price": 99,
            "taker_side": "yes"
        },
        {
            "trade_id": "601a8e53-622f-4123-a4c6-c1dc23cda2ec",
            "ticker": "KXHIGHAUS-25JAN04-T71",
            "count": 1,
            "created_time": "2025-01-04T20:17:13.18193Z",
            "yes_price": 1,
            "no_price": 99,
            "taker_side": "no"
        },
        {
            "trade_id": "0226013b-14cd-4e66-9a05-5b693260dd51",
            "ticker": "KXHIGHAUS-25JAN04-T71",
            "count": 339,
            "created_time": "2025-01-04T20:17:13.18193Z",
            "yes_price": 1,
            "no_price": 99,
            "taker_side": "no"
        },
        {
            "trade_id": "97757ee2-254a-4dac-9ae0-10b9653fcf35",
            "ticker": "KXHIGHAUS-25JAN04-T71",
            "count": 482,
            "created_time": "2025-01-04T20:17:13.179035Z",
            "yes_price": 1,
            "no_price": 99,
            "taker_side": "no"
        },
        {
            "trade_id": "fd1bbec3-34bc-452e-81be-dfe0ffc9421c",
            "ticker": "KXHIGHAUS-25JAN04-T71",
            "count": 173,
            "created_time": "2025-01-04T20:17:12.770218Z",
            "yes_price": 1,
            "no_price": 99,
            "taker_side": "no"
        },
        {
            "trade_id": "e59dd4ba-d4bb-4b38-9ad6-34dfae409273",
            "ticker": "KXHIGHAUS-25JAN04-T71",
            "count": 286,
            "created_time": "2025-01-04T20:17:12.770218Z",
            "yes_price": 3,
            "no_price": 97,
            "taker_side": "no"
        },
        {
            "trade_id": "d10c2916-ef75-4500-90ba-4b88bfce9a43",
            "ticker": "KXHIGHAUS-25JAN04-T71",
            "count": 50,
            "created_time": "2025-01-04T20:17:12.770218Z",
            "yes_price": 2,
            "no_price": 98,
            "taker_side": "no"
        },
        {
            "trade_id": "bfbdf551-2fe1-4672-a1eb-c0318f5227b3",
            "ticker": "KXHIGHAUS-25JAN04-T71",
            "count": 26,
            "created_time": "2025-01-04T20:17:12.770218Z",
            "yes_price": 1,
            "no_price": 99,
            "taker_side": "no"
        },
        {
            "trade_id": "96b4b09e-a7dd-447c-9d01-95a73d14871e",
            "ticker": "KXHIGHAUS-25JAN04-T71",
            "count": 1,
            "created_time": "2025-01-04T20:17:12.770218Z",
            "yes_price": 3,
            "no_price": 97,
            "taker_side": "no"
        },
        {
            "trade_id": "85dccebc-5170-4714-89f0-a6be93c7a3c1",
            "ticker": "KXHIGHAUS-25JAN04-T71",
            "count": 5000,
            "created_time": "2025-01-04T20:17:12.770218Z",
            "yes_price": 3,
            "no_price": 97,
            "taker_side": "no"
        },
        {
            "trade_id": "5a2e6b33-ae2f-4c1c-adf1-28e1719ed182",
            "ticker": "KXHIGHAUS-25JAN04-T71",
            "count": 433,
            "created_time": "2025-01-04T20:17:12.770218Z",
            "yes_price": 1,
            "no_price": 99,
            "taker_side": "no"
        },
        {
            "trade_id": "59ef9626-70c4-4c99-81f1-0e15f9855cff",
            "ticker": "KXHIGHAUS-25JAN04-T71",
            "count": 1,
            "created_time": "2025-01-04T20:17:12.770218Z",
            "yes_price": 2,
            "no_price": 98,
            "taker_side": "no"
        },
        {
            "trade_id": "41d7585d-6177-4027-83f7-e29f63ddbf2c",
            "ticker": "KXHIGHAUS-25JAN04-T71",
            "count": 100,
            "created_time": "2025-01-04T20:17:12.770218Z",
            "yes_price": 1,
            "no_price": 99,
            "taker_side": "no"
        },
        {
            "trade_id": "27b4c7ff-6259-41f9-a290-0d59749570b6",
            "ticker": "KXHIGHAUS-25JAN04-T71",
            "count": 1,
            "created_time": "2025-01-04T20:17:12.770218Z",
            "yes_price": 2,
            "no_price": 98,
            "taker_side": "no"
        },
        {
            "trade_id": "16a52199-5c58-4fcd-8482-3186344c7a38",
            "ticker": "KXHIGHAUS-25JAN04-T71",
            "count": 150,
            "created_time": "2025-01-04T20:17:12.770218Z",
            "yes_price": 1,
            "no_price": 99,
            "taker_side": "no"
        },
        {
            "trade_id": "01621d1a-f60a-49f0-ac98-79609c8c9a6d",
            "ticker": "KXHIGHAUS-25JAN04-T71",
            "count": 1000,
            "created_time": "2025-01-04T20:17:12.770218Z",
            "yes_price": 2,
            "no_price": 98,
            "taker_side": "no"
        },
        {
            "trade_id": "f46d3311-901c-4c51-8a15-38819fc34964",
            "ticker": "KXHIGHAUS-25JAN04-T71",
            "count": 50,
            "created_time": "2025-01-04T20:17:12.655337Z",
            "yes_price": 6,
            "no_price": 94,
            "taker_side": "no"
        },
        {
            "trade_id": "d24bbef8-2658-4092-969b-66e18e02afeb",
            "ticker": "KXHIGHAUS-25JAN04-T71",
            "count": 100,
            "created_time": "2025-01-04T20:17:12.655337Z",
            "yes_price": 5,
            "no_price": 95,
            "taker_side": "no"
        },
        {
            "trade_id": "954f27db-5b03-4608-9723-e0153f12e66f",
            "ticker": "KXHIGHAUS-25JAN04-T71",
            "count": 400,
            "created_time": "2025-01-04T20:17:12.655337Z",
            "yes_price": 6,
            "no_price": 94,
            "taker_side": "no"
        },
        {
            "trade_id": "8cbc42c4-4e94-4c8d-8f89-4894232ea812",
            "ticker": "KXHIGHAUS-25JAN04-T71",
            "count": 1,
            "created_time": "2025-01-04T20:17:12.655337Z",
            "yes_price": 5,
            "no_price": 95,
            "taker_side": "no"
        },
        {
            "trade_id": "7465602b-3934-4bc5-9ba1-d35edc8680d0",
            "ticker": "KXHIGHAUS-25JAN04-T71",
            "count": 1,
            "created_time": "2025-01-04T20:17:12.655337Z",
            "yes_price": 13,
            "no_price": 87,
            "taker_side": "no"
        },
        {
            "trade_id": "74504a43-52d4-446d-9a4f-157cc798c3f5",
            "ticker": "KXHIGHAUS-25JAN04-T71",
            "count": 56,
            "created_time": "2025-01-04T20:17:12.655337Z",
            "yes_price": 13,
            "no_price": 87,
            "taker_side": "no"
        },
        {
            "trade_id": "538049ef-a7e6-4bd4-95eb-1742dd43d538",
            "ticker": "KXHIGHAUS-25JAN04-T71",
            "count": 47,
            "created_time": "2025-01-04T20:17:12.655337Z",
            "yes_price": 3,
            "no_price": 97,
            "taker_side": "no"
        },
        {
            "trade_id": "325709dc-681e-496b-87b6-82bad85f1f26",
            "ticker": "KXHIGHAUS-25JAN04-T71",
            "count": 50,
            "created_time": "2025-01-04T20:17:12.655337Z",
            "yes_price": 5,
            "no_price": 95,
            "taker_side": "no"
        },
        {
            "trade_id": "1f2efbab-0f17-43e2-ba16-8288131e7517",
            "ticker": "KXHIGHAUS-25JAN04-T71",
            "count": 25,
            "created_time": "2025-01-04T20:17:12.655337Z",
            "yes_price": 12,
            "no_price": 88,
            "taker_side": "no"
        },
        {
            "trade_id": "0e38009c-fe05-44e8-aa63-cccdd0bdcd67",
            "ticker": "KXHIGHAUS-25JAN04-T71",
            "count": 50,
            "created_time": "2025-01-04T20:17:12.655337Z",
            "yes_price": 12,
            "no_price": 88,
            "taker_side": "no"
        },
        {
            "trade_id": "643bdd4a-a233-4947-909e-20b0f561e550",
            "ticker": "KXHIGHAUS-25JAN04-T71",
            "count": 1,
            "created_time": "2025-01-04T20:17:11.58265Z",
            "yes_price": 21,
            "no_price": 79,
            "taker_side": "yes"
        },
        {
            "trade_id": "651031a7-782c-407c-8989-522b8d0e67d3",
            "ticker": "KXHIGHAUS-25JAN04-T71",
            "count": 1,
            "created_time": "2025-01-04T20:17:11.567254Z",
            "yes_price": 13,
            "no_price": 87,
            "taker_side": "no"
        },
        {
            "trade_id": "3805f336-4c60-4f5f-807e-37b1d7827cf2",
            "ticker": "KXHIGHAUS-25JAN04-T71",
            "count": 103,
            "created_time": "2025-01-04T20:17:11.567254Z",
            "yes_price": 13,
            "no_price": 87,
            "taker_side": "no"
        },
        {
            "trade_id": "e1eecfa0-fc38-430c-a661-6ec67f7fecd3",
            "ticker": "KXHIGHAUS-25JAN04-T71",
            "count": 29,
            "created_time": "2025-01-04T20:17:03.324784Z",
            "yes_price": 22,
            "no_price": 78,
            "taker_side": "yes"
        },
        {
            "trade_id": "6486eb07-5b82-496b-a76e-cba22a0fc36c",
            "ticker": "KXHIGHAUS-25JAN04-T71",
            "count": 9,
            "created_time": "2025-01-04T20:17:03.324784Z",
            "yes_price": 22,
            "no_price": 78,
            "taker_side": "yes"
        },
        {
            "trade_id": "441d91e0-f341-4789-aec1-e7f7266cc79c",
            "ticker": "KXHIGHAUS-25JAN04-T71",
            "count": 50,
            "created_time": "2025-01-04T20:17:03.324784Z",
            "yes_price": 21,
            "no_price": 79,
            "taker_side": "yes"
        },
        {
            "trade_id": "b4830c20-6a6b-4f2d-afae-1f04777ff07f",
            "ticker": "KXHIGHAUS-25JAN04-T71",
            "count": 1,
            "created_time": "2025-01-04T20:16:59.588928Z",
            "yes_price": 14,
            "no_price": 86,
            "taker_side": "no"
        },
        {
            "trade_id": "4c45d505-90e7-4c6c-93cf-924f505cfff2",
            "ticker": "KXHIGHAUS-25JAN04-T71",
            "count": 93,
            "created_time": "2025-01-04T20:16:59.588928Z",
            "yes_price": 14,
            "no_price": 86,
            "taker_side": "no"
        },
        {
            "trade_id": "2eeb18c8-1976-4fb3-9842-c3c07ba96bc2",
            "ticker": "KXHIGHAUS-25JAN04-T71",
            "count": 353,
            "created_time": "2025-01-04T20:16:57.582913Z",
            "yes_price": 18,
            "no_price": 82,
            "taker_side": "yes"
        },
        {
            "trade_id": "f8fc4b87-f6b2-4907-bfca-350050fa85ff",
            "ticker": "KXHIGHAUS-25JAN04-T71",
            "count": 47,
            "created_time": "2025-01-04T20:16:52.670104Z",
            "yes_price": 18,
            "no_price": 82,
            "taker_side": "yes"
        },
        {
            "trade_id": "c5983013-ea2b-4664-94b4-9f6b1d9dae21",
            "ticker": "KXHIGHAUS-25JAN04-T71",
            "count": 100,
            "created_time": "2025-01-04T20:16:48.671858Z",
            "yes_price": 18,
            "no_price": 82,
            "taker_side": "yes"
        },
        {
            "trade_id": "f25bdc81-5b78-4833-95e6-de5150bed343",
            "ticker": "KXHIGHAUS-25JAN04-T71",
            "count": 500,
            "created_time": "2025-01-04T20:15:51.142965Z",
            "yes_price": 13,
            "no_price": 87,
            "taker_side": "yes"
        },
        {
            "trade_id": "bee26a4f-eb1f-489b-9e04-ad262444328a",
            "ticker": "KXHIGHAUS-25JAN04-T71",
            "count": 500,
            "created_time": "2025-01-04T20:15:51.142965Z",
            "yes_price": 11,
            "no_price": 89,
            "taker_side": "yes"
        },
        {
            "trade_id": "84796733-308f-4a9b-8419-a3d99fbbba11",
            "ticker": "KXHIGHAUS-25JAN04-T71",
            "count": 121,
            "created_time": "2025-01-04T20:15:51.142965Z",
            "yes_price": 13,
            "no_price": 87,
            "taker_side": "yes"
        },
        {
            "trade_id": "32048081-5c93-4693-86c7-fb7c8fbfb767",
            "ticker": "KXHIGHAUS-25JAN04-T71",
            "count": 50,
            "created_time": "2025-01-04T20:15:51.142965Z",
            "yes_price": 11,
            "no_price": 89,
            "taker_side": "yes"
        },
        {
            "trade_id": "4353b6b3-af5c-43c2-a038-4986b4c71a86",
            "ticker": "KXHIGHAUS-25JAN04-T71",
            "count": 42,
            "created_time": "2025-01-04T20:15:39.218127Z",
            "yes_price": 9,
            "no_price": 91,
            "taker_side": "no"
        },
        {
            "trade_id": "23b59a48-0d35-45d2-95dd-b59c88212b3e",
            "ticker": "KXHIGHAUS-25JAN04-T71",
            "count": 1,
            "created_time": "2025-01-04T20:15:39.218127Z",
            "yes_price": 9,
            "no_price": 91,
            "taker_side": "no"
        },
        {
            "trade_id": "5ad13794-5d95-4c6d-a911-5434265ff1f8",
            "ticker": "KXHIGHAUS-25JAN04-T71",
            "count": 95,
            "created_time": "2025-01-04T20:15:39.026199Z",
            "yes_price": 10,
            "no_price": 90,
            "taker_side": "yes"
        },
        {
            "trade_id": "12c06c64-67de-49eb-8a46-231c08961080",
            "ticker": "KXHIGHAUS-25JAN04-T71",
            "count": 143,
            "created_time": "2025-01-04T20:15:39.026199Z",
            "yes_price": 10,
            "no_price": 90,
            "taker_side": "yes"
        },
        {
            "trade_id": "537e2a7e-f0af-49f3-b634-cec6e19d4f0f",
            "ticker": "KXHIGHAUS-25JAN04-T71",
            "count": 8,
            "created_time": "2025-01-04T20:15:28.710505Z",
            "yes_price": 9,
            "no_price": 91,
            "taker_side": "no"
        },
        {
            "trade_id": "5ee7a432-e3d0-4c1e-924b-8719be7133da",
            "ticker": "KXHIGHAUS-25JAN04-T71",
            "count": 18,
            "created_time": "2025-01-04T20:15:07.705198Z",
            "yes_price": 9,
            "no_price": 91,
            "taker_side": "yes"
        },
        {
            "trade_id": "12699388-906b-43f5-b906-adca5b3d2472",
            "ticker": "KXHIGHAUS-25JAN04-T71",
            "count": 50,
            "created_time": "2025-01-04T20:15:07.705198Z",
            "yes_price": 9,
            "no_price": 91,
            "taker_side": "yes"
        },
        {
            "trade_id": "ab83c135-28b0-46b8-a78d-cab79ae82ce5",
            "ticker": "KXHIGHAUS-25JAN04-T71",
            "count": 50,
            "created_time": "2025-01-04T20:14:50.956119Z",
            "yes_price": 8,
            "no_price": 92,
            "taker_side": "yes"
        },
        {
            "trade_id": "4b9af692-8649-4dbf-8bf6-787e01d2fe4c",
            "ticker": "KXHIGHAUS-25JAN04-T71",
            "count": 30,
            "created_time": "2025-01-04T20:14:50.956119Z",
            "yes_price": 10,
            "no_price": 90,
            "taker_side": "yes"
        },
        {
            "trade_id": "ea8fb067-19d0-47fb-a1ea-f964b6bb126a",
            "ticker": "KXHIGHAUS-25JAN04-T71",
            "count": 167,
            "created_time": "2025-01-04T20:14:31.117886Z",
            "yes_price": 3,
            "no_price": 97,
            "taker_side": "no"
        },
        {
            "trade_id": "e185bd35-ade1-4738-ac3b-58fc03382f5c",
            "ticker": "KXHIGHAUS-25JAN04-T71",
            "count": 50,
            "created_time": "2025-01-04T20:14:31.117886Z",
            "yes_price": 6,
            "no_price": 94,
            "taker_side": "no"
        },
        {
            "trade_id": "64217970-e5fa-40dc-b8e9-26f2edd29ffe",
            "ticker": "KXHIGHAUS-25JAN04-T71",
            "count": 167,
            "created_time": "2025-01-04T20:14:31.117886Z",
            "yes_price": 4,
            "no_price": 96,
            "taker_side": "no"
        },
        {
            "trade_id": "4b31fa96-5557-4450-967f-4e10d20a09aa",
            "ticker": "KXHIGHAUS-25JAN04-T71",
            "count": 116,
            "created_time": "2025-01-04T20:14:31.117886Z",
            "yes_price": 7,
            "no_price": 93,
            "taker_side": "no"
        },
        {
            "trade_id": "d27cffec-b198-4038-bb5b-d2944a3cba01",
            "ticker": "KXHIGHAUS-25JAN04-T71",
            "count": 105,
            "created_time": "2025-01-04T20:14:13.08208Z",
            "yes_price": 15,
            "no_price": 85,
            "taker_side": "yes"
        },
        {
            "trade_id": "aa5cf9a3-8427-4241-b8a6-d524e55d1e39",
            "ticker": "KXHIGHAUS-25JAN04-T71",
            "count": 291,
            "created_time": "2025-01-04T20:14:13.08208Z",
            "yes_price": 9,
            "no_price": 91,
            "taker_side": "yes"
        },
        {
            "trade_id": "a2ffb861-c93c-4f6f-a462-83b6b1a99356",
            "ticker": "KXHIGHAUS-25JAN04-T71",
            "count": 50,
            "created_time": "2025-01-04T20:14:13.08208Z",
            "yes_price": 10,
            "no_price": 90,
            "taker_side": "yes"
        },
        {
            "trade_id": "2264d2f7-eb40-4c81-a860-11e220cf549c",
            "ticker": "KXHIGHAUS-25JAN04-T71",
            "count": 100,
            "created_time": "2025-01-04T20:14:10.828214Z",
            "yes_price": 5,
            "no_price": 95,
            "taker_side": "no"
        },
        {
            "trade_id": "dc7ddbea-80c0-4e9c-8313-5e24f3847dcb",
            "ticker": "KXHIGHAUS-25JAN04-T71",
            "count": 33,
            "created_time": "2025-01-04T20:13:49.467383Z",
            "yes_price": 4,
            "no_price": 96,
            "taker_side": "no"
        },
        {
            "trade_id": "bccb5ce7-c38e-4565-a78c-ab050174d47b",
            "ticker": "KXHIGHAUS-25JAN04-T71",
            "count": 111,
            "created_time": "2025-01-04T20:13:49.467383Z",
            "yes_price": 5,
            "no_price": 95,
            "taker_side": "no"
        },
        {
            "trade_id": "bd176188-cd74-466e-989c-e4e5b631d934",
            "ticker": "KXHIGHAUS-25JAN04-T71",
            "count": 50,
            "created_time": "2025-01-04T20:13:43.000822Z",
            "yes_price": 5,
            "no_price": 95,
            "taker_side": "no"
        },
        {
            "trade_id": "4c256d3d-9224-41de-b9a3-c69d2a566d89",
            "ticker": "KXHIGHAUS-25JAN04-T71",
            "count": 90,
            "created_time": "2025-01-04T20:13:43.000822Z",
            "yes_price": 5,
            "no_price": 95,
            "taker_side": "no"
        },
        {
            "trade_id": "fd7425d7-9940-4be5-863a-ad505b6bd8e8",
            "ticker": "KXHIGHAUS-25JAN04-T71",
            "count": 33,
            "created_time": "2025-01-04T20:13:16.923665Z",
            "yes_price": 15,
            "no_price": 85,
            "taker_side": "no"
        },
        {
            "trade_id": "beaee1df-23a9-4f38-a08c-749da497e43c",
            "ticker": "KXHIGHAUS-25JAN04-T71",
            "count": 327,
            "created_time": "2025-01-04T20:13:16.923665Z",
            "yes_price": 1,
            "no_price": 99,
            "taker_side": "no"
        },
        {
            "trade_id": "7cfe3df9-8157-4aa0-b50a-9e2ca652d4b9",
            "ticker": "KXHIGHAUS-25JAN04-T71",
            "count": 38,
            "created_time": "2025-01-04T20:13:16.923665Z",
            "yes_price": 8,
            "no_price": 92,
            "taker_side": "no"
        },
        {
            "trade_id": "68e9c396-1847-4d7d-80ec-c9b463a709f2",
            "ticker": "KXHIGHAUS-25JAN04-T71",
            "count": 51,
            "created_time": "2025-01-04T20:13:16.923665Z",
            "yes_price": 19,
            "no_price": 81,
            "taker_side": "no"
        },
        {
            "trade_id": "4854ba7c-6a3b-435e-941f-e1087a0173d4",
            "ticker": "KXHIGHAUS-25JAN04-T71",
            "count": 50,
            "created_time": "2025-01-04T20:13:16.923665Z",
            "yes_price": 5,
            "no_price": 95,
            "taker_side": "no"
        },
        {
            "trade_id": "27e06205-38df-46c0-b599-21eb4b14912f",
            "ticker": "KXHIGHAUS-25JAN04-T71",
            "count": 50,
            "created_time": "2025-01-04T20:13:16.923665Z",
            "yes_price": 18,
            "no_price": 82,
            "taker_side": "no"
        },
        {
            "trade_id": "18e26dc0-c5cd-4027-8b15-f2ccaf0afb17",
            "ticker": "KXHIGHAUS-25JAN04-T71",
            "count": 50,
            "created_time": "2025-01-04T20:13:16.923665Z",
            "yes_price": 7,
            "no_price": 93,
            "taker_side": "no"
        },
        {
            "trade_id": "04607d24-b983-4296-9393-4a8dadb23815",
            "ticker": "KXHIGHAUS-25JAN04-T71",
            "count": 1,
            "created_time": "2025-01-04T20:13:16.923665Z",
            "yes_price": 19,
            "no_price": 81,
            "taker_side": "no"
        },
        {
            "trade_id": "4fd76567-66e1-4ee3-8fe2-680067984992",
            "ticker": "KXHIGHAUS-25JAN04-T71",
            "count": 1,
            "created_time": "2025-01-04T20:13:00.829039Z",
            "yes_price": 19,
            "no_price": 81,
            "taker_side": "no"
        },
        {
            "trade_id": "4b4f2391-46ef-4dcc-9177-1f0443f6999b",
            "ticker": "KXHIGHAUS-25JAN04-T71",
            "count": 52,
            "created_time": "2025-01-04T20:13:00.829039Z",
            "yes_price": 19,
            "no_price": 81,
            "taker_side": "no"
        },
        {
            "trade_id": "e92f1f88-896d-4e49-97aa-2be767831d6c",
            "ticker": "KXHIGHAUS-25JAN04-T71",
            "count": 1,
            "created_time": "2025-01-04T20:12:57.082323Z",
            "yes_price": 19,
            "no_price": 81,
            "taker_side": "no"
        },
        {
            "trade_id": "383fcd86-7648-475e-b712-4cf67b7cba40",
            "ticker": "KXHIGHAUS-25JAN04-T71",
            "count": 52,
            "created_time": "2025-01-04T20:12:57.082323Z",
            "yes_price": 19,
            "no_price": 81,
            "taker_side": "no"
        },
        {
            "trade_id": "6ba076c7-b95a-4d7c-8de9-085ec870b325",
            "ticker": "KXHIGHAUS-25JAN04-T71",
            "count": 1,
            "created_time": "2025-01-04T20:12:48.281495Z",
            "yes_price": 19,
            "no_price": 81,
            "taker_side": "no"
        },
        {
            "trade_id": "4388fd27-b13e-4e08-a6eb-4786740165df",
            "ticker": "KXHIGHAUS-25JAN04-T71",
            "count": 52,
            "created_time": "2025-01-04T20:12:48.281495Z",
            "yes_price": 19,
            "no_price": 81,
            "taker_side": "no"
        },
        {
            "trade_id": "e72b85a4-3bbb-4de5-8d1a-30ac94ee5ba8",
            "ticker": "KXHIGHAUS-25JAN04-T71",
            "count": 718,
            "created_time": "2025-01-04T20:12:06.959133Z",
            "yes_price": 21,
            "no_price": 79,
            "taker_side": "no"
        },
        {
            "trade_id": "b7162b80-39f1-45f6-b08d-ca44bb8b5e59",
            "ticker": "KXHIGHAUS-25JAN04-T71",
            "count": 1,
            "created_time": "2025-01-04T20:11:11.134994Z",
            "yes_price": 22,
            "no_price": 78,
            "taker_side": "no"
        },
        {
            "trade_id": "51373c9b-14f9-4616-87fa-711343cd3ae1",
            "ticker": "KXHIGHAUS-25JAN04-T71",
            "count": 51,
            "created_time": "2025-01-04T20:11:11.134994Z",
            "yes_price": 22,
            "no_price": 78,
            "taker_side": "no"
        },
        {
            "trade_id": "24be7709-fef4-4ab0-9ec2-496d72e9a6bd",
            "ticker": "KXHIGHAUS-25JAN04-T71",
            "count": 6,
            "created_time": "2025-01-04T20:11:11.134994Z",
            "yes_price": 22,
            "no_price": 78,
            "taker_side": "no"
        },
        {
            "trade_id": "f333b2c8-7fa7-4809-8b8f-2506f18cf2c7",
            "ticker": "KXHIGHAUS-25JAN04-T71",
            "count": 10,
            "created_time": "2025-01-04T20:10:01.767891Z",
            "yes_price": 22,
            "no_price": 78,
            "taker_side": "no"
        },
        {
            "trade_id": "a67e77eb-3a6a-4a29-95ac-41744a56960a",
            "ticker": "KXHIGHAUS-25JAN04-T71",
            "count": 480,
            "created_time": "2025-01-04T20:10:01.767891Z",
            "yes_price": 22,
            "no_price": 78,
            "taker_side": "no"
        },
        {
            "trade_id": "450cfd02-4089-43a4-94cf-e234bd09cd43",
            "ticker": "KXHIGHAUS-25JAN04-T71",
            "count": 2,
            "created_time": "2025-01-04T20:10:01.767891Z",
            "yes_price": 25,
            "no_price": 75,
            "taker_side": "no"
        },
        {
            "trade_id": "2c3a4a24-9e57-49a2-8286-897154438912",
            "ticker": "KXHIGHAUS-25JAN04-T71",
            "count": 1,
            "created_time": "2025-01-04T20:10:01.767891Z",
            "yes_price": 25,
            "no_price": 75,
            "taker_side": "no"
        },
        {
            "trade_id": "cf9ff03a-2b35-424f-b438-ede558c1e52f",
            "ticker": "KXHIGHAUS-25JAN04-T71",
            "count": 10,
            "created_time": "2025-01-04T20:09:50.558899Z",
            "yes_price": 29,
            "no_price": 71,
            "taker_side": "yes"
        },
        {
            "trade_id": "368e31d4-9ae2-4a22-998b-ae9a3b98210d",
            "ticker": "KXHIGHAUS-25JAN04-T71",
            "count": 55,
            "created_time": "2025-01-04T20:09:50.558899Z",
            "yes_price": 29,
            "no_price": 71,
            "taker_side": "yes"
        },
        {
            "trade_id": "f8504528-478e-472f-9807-d4928c96eba7",
            "ticker": "KXHIGHAUS-25JAN04-T71",
            "count": 1,
            "created_time": "2025-01-04T20:08:45.186757Z",
            "yes_price": 29,
            "no_price": 71,
            "taker_side": "yes"
        },
        {
            "trade_id": "fc60b8f6-d980-4c1e-a113-588e654e1299",
            "ticker": "KXHIGHAUS-25JAN04-T71",
            "count": 1,
            "created_time": "2025-01-04T20:07:57.914922Z",
            "yes_price": 24,
            "no_price": 76,
            "taker_side": "no"
        },
        {
            "trade_id": "811e2c66-d6e2-4709-a132-2527cb709c16",
            "ticker": "KXHIGHAUS-25JAN04-T71",
            "count": 150,
            "created_time": "2025-01-04T20:07:57.914922Z",
            "yes_price": 24,
            "no_price": 76,
            "taker_side": "no"
        },
        {
            "trade_id": "7a293d55-c808-4a8f-bfab-7ac4ad0179b6",
            "ticker": "KXHIGHAUS-25JAN04-T71",
            "count": 250,
            "created_time": "2025-01-04T20:07:55.295292Z",
            "yes_price": 25,
            "no_price": 75,
            "taker_side": "no"
        },
        {
            "trade_id": "0a5d6cfe-84a1-4019-894e-4910b53d32c6",
            "ticker": "KXHIGHAUS-25JAN04-T71",
            "count": 1,
            "created_time": "2025-01-04T20:07:55.295292Z",
            "yes_price": 25,
            "no_price": 75,
            "taker_side": "no"
        },
        {
            "trade_id": "b8b64a34-4d75-417f-a81b-f26746c1e83c",
            "ticker": "KXHIGHAUS-25JAN04-T71",
            "count": 1,
            "created_time": "2025-01-04T20:07:43.570926Z",
            "yes_price": 27,
            "no_price": 73,
            "taker_side": "no"
        },
        {
            "trade_id": "8f4b497c-1d25-4717-bd73-529ec5bc1917",
            "ticker": "KXHIGHAUS-25JAN04-T71",
            "count": 84,
            "created_time": "2025-01-04T20:07:43.570926Z",
            "yes_price": 27,
            "no_price": 73,
            "taker_side": "no"
        },
        {
            "trade_id": "a57d3a19-065a-4c58-b0d0-20b26bcc52f3",
            "ticker": "KXHIGHAUS-25JAN04-T71",
            "count": 52,
            "created_time": "2025-01-04T20:07:40.705837Z",
            "yes_price": 34,
            "no_price": 66,
            "taker_side": "yes"
        },
        {
            "trade_id": "24efba9d-f1ae-4b89-848e-10ab99ed6c96",
            "ticker": "KXHIGHAUS-25JAN04-T71",
            "count": 88,
            "created_time": "2025-01-04T20:07:40.705837Z",
            "yes_price": 34,
            "no_price": 66,
            "taker_side": "yes"
        },
        {
            "trade_id": "d6ca1ab0-0e8f-4856-8cf1-f12b88b0756d",
            "ticker": "KXHIGHAUS-25JAN04-T71",
            "count": 51,
            "created_time": "2025-01-04T20:07:11.293256Z",
            "yes_price": 32,
            "no_price": 68,
            "taker_side": "yes"
        },
        {
            "trade_id": "062b24b2-be34-40b9-b7bc-b70467ff3839",
            "ticker": "KXHIGHAUS-25JAN04-T71",
            "count": 3,
            "created_time": "2025-01-04T20:07:11.293256Z",
            "yes_price": 33,
            "no_price": 67,
            "taker_side": "yes"
        },
        {
            "trade_id": "3c2e4747-a7a9-4923-ac9d-4592d73a489c",
            "ticker": "KXHIGHAUS-25JAN04-T71",
            "count": 20,
            "created_time": "2025-01-04T20:06:50.522401Z",
            "yes_price": 28,
            "no_price": 72,
            "taker_side": "no"
        },
        {
            "trade_id": "e9588364-14f5-426e-b7d2-41b9ade4c98f",
            "ticker": "KXHIGHAUS-25JAN04-T71",
            "count": 52,
            "created_time": "2025-01-04T20:05:00.350259Z",
            "yes_price": 30,
            "no_price": 70,
            "taker_side": "no"
        },
        {
            "trade_id": "d5a205da-a37c-4cad-bd9a-71b8ceb369c9",
            "ticker": "KXHIGHAUS-25JAN04-T71",
            "count": 1,
            "created_time": "2025-01-04T20:05:00.350259Z",
            "yes_price": 29,
            "no_price": 71,
            "taker_side": "no"
        },
        {
            "trade_id": "d2c20207-a5d0-4daa-9fdb-d69f0a522485",
            "ticker": "KXHIGHAUS-25JAN04-T71",
            "count": 1,
            "created_time": "2025-01-04T20:05:00.350259Z",
            "yes_price": 30,
            "no_price": 70,
            "taker_side": "no"
        },
        {
            "trade_id": "9b597350-5737-47d0-b7c2-e330e152dc44",
            "ticker": "KXHIGHAUS-25JAN04-T71",
            "count": 200,
            "created_time": "2025-01-04T20:05:00.350259Z",
            "yes_price": 30,
            "no_price": 70,
            "taker_side": "no"
        },
        {
            "trade_id": "4c5dcd31-c165-42ef-bf87-032e54583e25",
            "ticker": "KXHIGHAUS-25JAN04-T71",
            "count": 1000,
            "created_time": "2025-01-04T20:05:00.350259Z",
            "yes_price": 29,
            "no_price": 71,
            "taker_side": "no"
        },
        {
            "trade_id": "f1bf6293-475b-421d-a8d4-64215073d2f6",
            "ticker": "KXHIGHAUS-25JAN04-T71",
            "count": 69,
            "created_time": "2025-01-04T20:03:00.268718Z",
            "yes_price": 29,
            "no_price": 71,
            "taker_side": "no"
        },
        {
            "trade_id": "dd28ec35-50d7-475b-995d-b530ede68fca",
            "ticker": "KXHIGHAUS-25JAN04-T71",
            "count": 122,
            "created_time": "2025-01-04T20:03:00.268718Z",
            "yes_price": 32,
            "no_price": 68,
            "taker_side": "no"
        },
        {
            "trade_id": "d6c92830-aac7-4c8f-a949-bd865cff7b20",
            "ticker": "KXHIGHAUS-25JAN04-T71",
            "count": 59,
            "created_time": "2025-01-04T20:03:00.268718Z",
            "yes_price": 36,
            "no_price": 64,
            "taker_side": "no"
        },
        {
            "trade_id": "d563c248-f5f9-41ea-bf47-4069f5887d2e",
            "ticker": "KXHIGHAUS-25JAN04-T71",
            "count": 16,
            "created_time": "2025-01-04T20:03:00.268718Z",
            "yes_price": 27,
            "no_price": 73,
            "taker_side": "no"
        },
        {
            "trade_id": "994079b1-2fe2-4936-bf5d-c4d5ad2534df",
            "ticker": "KXHIGHAUS-25JAN04-T71",
            "count": 50,
            "created_time": "2025-01-04T20:03:00.268718Z",
            "yes_price": 35,
            "no_price": 65,
            "taker_side": "no"
        },
        {
            "trade_id": "5b50ee78-f758-47b3-bf71-a842bee5bf20",
            "ticker": "KXHIGHAUS-25JAN04-T71",
            "count": 3,
            "created_time": "2025-01-04T20:03:00.268718Z",
            "yes_price": 33,
            "no_price": 67,
            "taker_side": "no"
        },
        {
            "trade_id": "3bd35099-587e-4e9d-854e-39ddaeb10a18",
            "ticker": "KXHIGHAUS-25JAN04-T71",
            "count": 51,
            "created_time": "2025-01-04T20:03:00.268718Z",
            "yes_price": 32,
            "no_price": 68,
            "taker_side": "no"
        },
        {
            "trade_id": "b1d1faea-7371-4e82-b6ea-3d97950106fc",
            "ticker": "KXHIGHAUS-25JAN04-T71",
            "count": 1,
            "created_time": "2025-01-04T20:02:01.973429Z",
            "yes_price": 47,
            "no_price": 53,
            "taker_side": "yes"
        },
        {
            "trade_id": "e7b7a949-9250-48db-b52a-53191b745a9d",
            "ticker": "KXHIGHAUS-25JAN04-T71",
            "count": 250,
            "created_time": "2025-01-04T20:01:12.432141Z",
            "yes_price": 35,
            "no_price": 65,
            "taker_side": "no"
        },
        {
            "trade_id": "b20bc1c9-404b-4a39-88d5-87a094d25680",
            "ticker": "KXHIGHAUS-25JAN04-T71",
            "count": 1,
            "created_time": "2025-01-04T20:01:12.432141Z",
            "yes_price": 35,
            "no_price": 65,
            "taker_side": "no"
        },
        {
            "trade_id": "ad5e4c30-3037-4a7e-a0f0-c917e9825cdb",
            "ticker": "KXHIGHAUS-25JAN04-T71",
            "count": 210,
            "created_time": "2025-01-04T20:01:12.432141Z",
            "yes_price": 35,
            "no_price": 65,
            "taker_side": "no"
        },
        {
            "trade_id": "5b1ae508-c9bc-43cd-921d-9f6fb30c74e2",
            "ticker": "KXHIGHAUS-25JAN04-T71",
            "count": 112,
            "created_time": "2025-01-04T19:59:42.990237Z",
            "yes_price": 35,
            "no_price": 65,
            "taker_side": "no"
        },
        {
            "trade_id": "931b7609-3683-4e8d-bc75-45dce415abd9",
            "ticker": "KXHIGHAUS-25JAN04-T71",
            "count": 1,
            "created_time": "2025-01-04T19:59:29.780979Z",
            "yes_price": 36,
            "no_price": 64,
            "taker_side": "no"
        },
        {
            "trade_id": "22d3876f-153f-439e-a8da-39c6662bd31b",
            "ticker": "KXHIGHAUS-25JAN04-T71",
            "count": 108,
            "created_time": "2025-01-04T19:59:29.780979Z",
            "yes_price": 36,
            "no_price": 64,
            "taker_side": "no"
        },
        {
            "trade_id": "50b1b68f-1c7a-4866-a1ed-333e3f5e8497",
            "ticker": "KXHIGHAUS-25JAN04-T71",
            "count": 392,
            "created_time": "2025-01-04T19:59:25.952514Z",
            "yes_price": 36,
            "no_price": 64,
            "taker_side": "no"
        },
        {
            "trade_id": "ff6244dd-68e5-4b38-bed5-5364ceda2e7c",
            "ticker": "KXHIGHAUS-25JAN04-T71",
            "count": 100,
            "created_time": "2025-01-04T19:58:26.959118Z",
            "yes_price": 37,
            "no_price": 63,
            "taker_side": "no"
        },
        {
            "trade_id": "e796197c-a826-4164-982a-0224fd4c99c0",
            "ticker": "KXHIGHAUS-25JAN04-T71",
            "count": 1,
            "created_time": "2025-01-04T19:58:26.959118Z",
            "yes_price": 37,
            "no_price": 63,
            "taker_side": "no"
        },
        {
            "trade_id": "fcacef3d-4153-46a8-bab2-152bdded23f4",
            "ticker": "KXHIGHAUS-25JAN04-T71",
            "count": 1,
            "created_time": "2025-01-04T19:58:04.635114Z",
            "yes_price": 38,
            "no_price": 62,
            "taker_side": "no"
        },
        {
            "trade_id": "e81137ed-f465-4de0-9a56-38fb5a3b0640",
            "ticker": "KXHIGHAUS-25JAN04-T71",
            "count": 1,
            "created_time": "2025-01-04T19:58:04.635114Z",
            "yes_price": 36,
            "no_price": 64,
            "taker_side": "no"
        },
        {
            "trade_id": "d6fb23ae-5b0c-40fe-82f6-9f20687cb43c",
            "ticker": "KXHIGHAUS-25JAN04-T71",
            "count": 79,
            "created_time": "2025-01-04T19:58:04.635114Z",
            "yes_price": 37,
            "no_price": 63,
            "taker_side": "no"
        },
        {
            "trade_id": "b699ca91-56fe-47a7-a555-fcdb11319c96",
            "ticker": "KXHIGHAUS-25JAN04-T71",
            "count": 344,
            "created_time": "2025-01-04T19:58:04.635114Z",
            "yes_price": 36,
            "no_price": 64,
            "taker_side": "no"
        },
        {
            "trade_id": "9362dc08-300a-45f3-bccd-8e2141ccb33f",
            "ticker": "KXHIGHAUS-25JAN04-T71",
            "count": 51,
            "created_time": "2025-01-04T19:58:04.635114Z",
            "yes_price": 40,
            "no_price": 60,
            "taker_side": "no"
        },
        {
            "trade_id": "81d78da7-f5ea-49a7-b90c-10dcbca47b7c",
            "ticker": "KXHIGHAUS-25JAN04-T71",
            "count": 100,
            "created_time": "2025-01-04T19:58:04.635114Z",
            "yes_price": 39,
            "no_price": 61,
            "taker_side": "no"
        },
        {
            "trade_id": "531a0493-932b-4ae3-bc4d-4d3f2167642d",
            "ticker": "KXHIGHAUS-25JAN04-T71",
            "count": 678,
            "created_time": "2025-01-04T19:58:04.635114Z",
            "yes_price": 35,
            "no_price": 65,
            "taker_side": "no"
        },
        {
            "trade_id": "36055731-1dce-4948-958f-f7228bf9a845",
            "ticker": "KXHIGHAUS-25JAN04-T71",
            "count": 1,
            "created_time": "2025-01-04T19:58:04.635114Z",
            "yes_price": 40,
            "no_price": 60,
            "taker_side": "no"
        },
        {
            "trade_id": "0be33f74-684b-49b1-8213-2f10ca5d9c6b",
            "ticker": "KXHIGHAUS-25JAN04-T71",
            "count": 63,
            "created_time": "2025-01-04T19:58:04.635114Z",
            "yes_price": 37,
            "no_price": 63,
            "taker_side": "no"
        },
        {
            "trade_id": "89dc1c72-ab38-40dc-a09b-01fef2504982",
            "ticker": "KXHIGHAUS-25JAN04-T71",
            "count": 57,
            "created_time": "2025-01-04T19:57:08.588102Z",
            "yes_price": 50,
            "no_price": 50,
            "taker_side": "yes"
        },
        {
            "trade_id": "6fd28c2f-2108-4d25-85b4-f6d0b53ee329",
            "ticker": "KXHIGHAUS-25JAN04-T71",
            "count": 90,
            "created_time": "2025-01-04T19:56:30.876173Z",
            "yes_price": 41,
            "no_price": 59,
            "taker_side": "no"
        },
        {
            "trade_id": "4cf55d33-268c-4e89-9db0-2e044262b917",
            "ticker": "KXHIGHAUS-25JAN04-T71",
            "count": 1,
            "created_time": "2025-01-04T19:56:30.876173Z",
            "yes_price": 41,
            "no_price": 59,
            "taker_side": "no"
        },
        {
            "trade_id": "59f38b7a-453b-4902-9822-443e59f8c119",
            "ticker": "KXHIGHAUS-25JAN04-T71",
            "count": 1,
            "created_time": "2025-01-04T19:56:11.14378Z",
            "yes_price": 53,
            "no_price": 47,
            "taker_side": "yes"
        },
        {
            "trade_id": "77b5a16a-923e-4d92-bb72-7fefe49fdb61",
            "ticker": "KXHIGHAUS-25JAN04-T71",
            "count": 1,
            "created_time": "2025-01-04T19:56:03.479077Z",
            "yes_price": 54,
            "no_price": 46,
            "taker_side": "yes"
        },
        {
            "trade_id": "c92dad6f-bc98-448b-bb6b-8e0e60f386ea",
            "ticker": "KXHIGHAUS-25JAN04-T71",
            "count": 100,
            "created_time": "2025-01-04T19:55:33.794527Z",
            "yes_price": 50,
            "no_price": 50,
            "taker_side": "no"
        },
        {
            "trade_id": "1e4f76ce-0597-4211-bfd5-e503d4e50278",
            "ticker": "KXHIGHAUS-25JAN04-T71",
            "count": 73,
            "created_time": "2025-01-04T19:55:32.059286Z",
            "yes_price": 51,
            "no_price": 49,
            "taker_side": "no"
        },
        {
            "trade_id": "f7bfc973-317e-4c9b-881e-e9f368293d87",
            "ticker": "KXHIGHAUS-25JAN04-T71",
            "count": 30,
            "created_time": "2025-01-04T19:55:19.087689Z",
            "yes_price": 54,
            "no_price": 46,
            "taker_side": "no"
        },
        {
            "trade_id": "6014af93-5dab-47e9-9073-c16598c6d661",
            "ticker": "KXHIGHAUS-25JAN04-T71",
            "count": 208,
            "created_time": "2025-01-04T19:55:19.087689Z",
            "yes_price": 54,
            "no_price": 46,
            "taker_side": "no"
        },
        {
            "trade_id": "6e357437-fde0-4b9f-8069-3cdecf0a7076",
            "ticker": "KXHIGHAUS-25JAN04-T71",
            "count": 1,
            "created_time": "2025-01-04T19:54:16.989174Z",
            "yes_price": 54,
            "no_price": 46,
            "taker_side": "yes"
        },
        {
            "trade_id": "1f941514-ad69-453b-921e-d7284918e6ed",
            "ticker": "KXHIGHAUS-25JAN04-T71",
            "count": 161,
            "created_time": "2025-01-04T19:54:16.989174Z",
            "yes_price": 54,
            "no_price": 46,
            "taker_side": "yes"
        },
        {
            "trade_id": "6216a127-91b1-420e-86f6-7560929dde20",
            "ticker": "KXHIGHAUS-25JAN04-T71",
            "count": 10,
            "created_time": "2025-01-04T19:54:16.582014Z",
            "yes_price": 51,
            "no_price": 49,
            "taker_side": "no"
        },
        {
            "trade_id": "1d5c0a62-d467-47cb-a5b3-fcb82f83ed83",
            "ticker": "KXHIGHAUS-25JAN04-T71",
            "count": 5,
            "created_time": "2025-01-04T19:53:34.358956Z",
            "yes_price": 54,
            "no_price": 46,
            "taker_side": "yes"
        },
        {
            "trade_id": "ca5e96af-93c9-4812-88c2-d2cc34098ff4",
            "ticker": "KXHIGHAUS-25JAN04-T71",
            "count": 184,
            "created_time": "2025-01-04T19:51:34.534683Z",
            "yes_price": 54,
            "no_price": 46,
            "taker_side": "yes"
        },
        {
            "trade_id": "a91dd071-20e5-480b-aba1-5daf4c335d8a",
            "ticker": "KXHIGHAUS-25JAN04-T71",
            "count": 25,
            "created_time": "2025-01-04T19:51:34.534683Z",
            "yes_price": 49,
            "no_price": 51,
            "taker_side": "yes"
        },
        {
            "trade_id": "9e751027-4125-40a1-8963-aa3f3b924c3d",
            "ticker": "KXHIGHAUS-25JAN04-T71",
            "count": 1,
            "created_time": "2025-01-04T19:51:34.534683Z",
            "yes_price": 49,
            "no_price": 51,
            "taker_side": "yes"
        },
        {
            "trade_id": "cf9568b9-a7d4-477b-8cab-22d024d877cd",
            "ticker": "KXHIGHAUS-25JAN04-T71",
            "count": 1,
            "created_time": "2025-01-04T19:50:56.9827Z",
            "yes_price": 43,
            "no_price": 57,
            "taker_side": "no"
        },
        {
            "trade_id": "9ea82a13-40d6-46c9-bea1-56739725fc1c",
            "ticker": "KXHIGHAUS-25JAN04-T71",
            "count": 1,
            "created_time": "2025-01-04T19:49:37.873202Z",
            "yes_price": 52,
            "no_price": 48,
            "taker_side": "yes"
        },
        {
            "trade_id": "6f59098c-7eaa-4320-83d4-cda27ade256c",
            "ticker": "KXHIGHAUS-25JAN04-T71",
            "count": 2,
            "created_time": "2025-01-04T19:49:37.873202Z",
            "yes_price": 52,
            "no_price": 48,
            "taker_side": "yes"
        },
        {
            "trade_id": "f7fbac92-ea13-4031-acda-3d5fb13577b5",
            "ticker": "KXHIGHAUS-25JAN04-T71",
            "count": 9,
            "created_time": "2025-01-04T19:49:28.538742Z",
            "yes_price": 52,
            "no_price": 48,
            "taker_side": "yes"
        },
        {
            "trade_id": "7b16985c-4c8c-4940-8db4-31b6eef227d7",
            "ticker": "KXHIGHAUS-25JAN04-T71",
            "count": 1,
            "created_time": "2025-01-04T19:46:51.738204Z",
            "yes_price": 53,
            "no_price": 47,
            "taker_side": "yes"
        },
        {
            "trade_id": "90f1581d-cfd9-4a89-b851-6218b924f6bc",
            "ticker": "KXHIGHAUS-25JAN04-T71",
            "count": 33,
            "created_time": "2025-01-04T19:46:08.669972Z",
            "yes_price": 46,
            "no_price": 54,
            "taker_side": "no"
        },
        {
            "trade_id": "5778897f-6de7-4aab-90c4-89b0a726992b",
            "ticker": "KXHIGHAUS-25JAN04-T71",
            "count": 1,
            "created_time": "2025-01-04T19:46:08.669972Z",
            "yes_price": 46,
            "no_price": 54,
            "taker_side": "no"
        },
        {
            "trade_id": "a1dce79e-5a20-4fbe-b5d6-e63efa0136f5",
            "ticker": "KXHIGHAUS-25JAN04-T71",
            "count": 9,
            "created_time": "2025-01-04T19:45:57.209153Z",
            "yes_price": 53,
            "no_price": 47,
            "taker_side": "yes"
        },
        {
            "trade_id": "1cc95217-b555-410d-8a5c-6d9743ddebaf",
            "ticker": "KXHIGHAUS-25JAN04-T71",
            "count": 36,
            "created_time": "2025-01-04T19:45:57.209153Z",
            "yes_price": 54,
            "no_price": 46,
            "taker_side": "yes"
        },
        {
            "trade_id": "68a5f742-44a2-40dc-aaab-ca54d1278b3e",
            "ticker": "KXHIGHAUS-25JAN04-T71",
            "count": 9,
            "created_time": "2025-01-04T19:45:49.415372Z",
            "yes_price": 53,
            "no_price": 47,
            "taker_side": "yes"
        },
        {
            "trade_id": "5753969e-4df4-435d-9046-d8b73d8b3c3a",
            "ticker": "KXHIGHAUS-25JAN04-T71",
            "count": 10,
            "created_time": "2025-01-04T19:45:24.806856Z",
            "yes_price": 54,
            "no_price": 46,
            "taker_side": "yes"
        },
        {
            "trade_id": "7e1231e9-8fb6-44b1-b684-460b58b1a966",
            "ticker": "KXHIGHAUS-25JAN04-T71",
            "count": 17,
            "created_time": "2025-01-04T19:44:42.748341Z",
            "yes_price": 45,
            "no_price": 55,
            "taker_side": "no"
        },
        {
            "trade_id": "8318f641-ff15-49f9-aa8b-7f2456e1469d",
            "ticker": "KXHIGHAUS-25JAN04-T71",
            "count": 10,
            "created_time": "2025-01-04T19:43:48.846361Z",
            "yes_price": 55,
            "no_price": 45,
            "taker_side": "yes"
        },
        {
            "trade_id": "df4d7b49-877a-422d-9d1c-f83db3eb9520",
            "ticker": "KXHIGHAUS-25JAN04-T71",
            "count": 1,
            "created_time": "2025-01-04T19:40:04.014135Z",
            "yes_price": 58,
            "no_price": 42,
            "taker_side": "yes"
        },
        {
            "trade_id": "be2559f0-9f82-4518-8dad-b8fcac64b810",
            "ticker": "KXHIGHAUS-25JAN04-T71",
            "count": 5,
            "created_time": "2025-01-04T19:40:04.014135Z",
            "yes_price": 57,
            "no_price": 43,
            "taker_side": "yes"
        },
        {
            "trade_id": "9d5edd6a-01b4-4b7d-af9c-2a44718d0f3d",
            "ticker": "KXHIGHAUS-25JAN04-T71",
            "count": 137,
            "created_time": "2025-01-04T19:40:04.014135Z",
            "yes_price": 52,
            "no_price": 48,
            "taker_side": "yes"
        },
        {
            "trade_id": "813df18b-866d-44a9-b454-54542449135f",
            "ticker": "KXHIGHAUS-25JAN04-T71",
            "count": 76,
            "created_time": "2025-01-04T19:40:04.014135Z",
            "yes_price": 50,
            "no_price": 50,
            "taker_side": "yes"
        },
        {
            "trade_id": "434875e6-92d7-4be2-83e8-a18b95dc62fa",
            "ticker": "KXHIGHAUS-25JAN04-T71",
            "count": 25,
            "created_time": "2025-01-04T19:40:04.014135Z",
            "yes_price": 51,
            "no_price": 49,
            "taker_side": "yes"
        },
        {
            "trade_id": "3fea384a-e629-44e1-a4d1-69685c2ba754",
            "ticker": "KXHIGHAUS-25JAN04-T71",
            "count": 15,
            "created_time": "2025-01-04T19:40:04.014135Z",
            "yes_price": 51,
            "no_price": 49,
            "taker_side": "yes"
        },
        {
            "trade_id": "2fb7de12-ddfe-46a5-987d-c05354c06161",
            "ticker": "KXHIGHAUS-25JAN04-T71",
            "count": 104,
            "created_time": "2025-01-04T19:40:04.014135Z",
            "yes_price": 58,
            "no_price": 42,
            "taker_side": "yes"
        },
        {
            "trade_id": "1e780c7d-19e2-489e-b221-1613d2219543",
            "ticker": "KXHIGHAUS-25JAN04-T71",
            "count": 19,
            "created_time": "2025-01-04T19:39:40.231119Z",
            "yes_price": 37,
            "no_price": 63,
            "taker_side": "no"
        },
        {
            "trade_id": "842d1cd8-64ea-4980-b3d5-be7cb204e4cc",
            "ticker": "KXHIGHAUS-25JAN04-T71",
            "count": 192,
            "created_time": "2025-01-04T19:39:23.024393Z",
            "yes_price": 38,
            "no_price": 62,
            "taker_side": "yes"
        },
        {
            "trade_id": "07aec63c-9acc-47ca-bc54-b5542a055f9d",
            "ticker": "KXHIGHAUS-25JAN04-T71",
            "count": 8,
            "created_time": "2025-01-04T19:38:26.575669Z",
            "yes_price": 38,
            "no_price": 62,
            "taker_side": "no"
        },
        {
            "trade_id": "22b1a383-32b2-41cb-8eb4-f811f5383a90",
            "ticker": "KXHIGHAUS-25JAN04-T71",
            "count": 102,
            "created_time": "2025-01-04T19:37:14.057213Z",
            "yes_price": 37,
            "no_price": 63,
            "taker_side": "no"
        },
        {
            "trade_id": "915a0ca6-9eda-49b4-adf9-5db9f6d27ffe",
            "ticker": "KXHIGHAUS-25JAN04-T71",
            "count": 4,
            "created_time": "2025-01-04T19:36:55.659318Z",
            "yes_price": 38,
            "no_price": 62,
            "taker_side": "yes"
        },
        {
            "trade_id": "fd84cab0-78f5-44cd-96c5-b83ab8b9f74e",
            "ticker": "KXHIGHAUS-25JAN04-T71",
            "count": 53,
            "created_time": "2025-01-04T19:36:51.037582Z",
            "yes_price": 38,
            "no_price": 62,
            "taker_side": "no"
        },
        {
            "trade_id": "45a2518d-a106-4588-a7dc-cd31c5df0d10",
            "ticker": "KXHIGHAUS-25JAN04-T71",
            "count": 47,
            "created_time": "2025-01-04T19:36:47.100846Z",
            "yes_price": 38,
            "no_price": 62,
            "taker_side": "no"
        },
        {
            "trade_id": "e89f17c4-6c29-448d-ae03-afead8af6c61",
            "ticker": "KXHIGHAUS-25JAN04-T71",
            "count": 7,
            "created_time": "2025-01-04T19:35:41.414004Z",
            "yes_price": 39,
            "no_price": 61,
            "taker_side": "no"
        },
        {
            "trade_id": "b7017b6a-d95b-405f-a10a-832633451151",
            "ticker": "KXHIGHAUS-25JAN04-T71",
            "count": 53,
            "created_time": "2025-01-04T19:35:41.414004Z",
            "yes_price": 39,
            "no_price": 61,
            "taker_side": "no"
        },
        {
            "trade_id": "60e2dec4-60c0-4bbd-8183-e2adb3c113d3",
            "ticker": "KXHIGHAUS-25JAN04-T71",
            "count": 80,
            "created_time": "2025-01-04T19:35:41.414004Z",
            "yes_price": 38,
            "no_price": 62,
            "taker_side": "no"
        },
        {
            "trade_id": "27b5cfae-a8c0-4dfb-9461-e42ab6036702",
            "ticker": "KXHIGHAUS-25JAN04-T71",
            "count": 10,
            "created_time": "2025-01-04T19:35:41.414004Z",
            "yes_price": 38,
            "no_price": 62,
            "taker_side": "no"
        },
        {
            "trade_id": "99a389dd-0efe-457c-915d-8f4317354c45",
            "ticker": "KXHIGHAUS-25JAN04-T71",
            "count": 20,
            "created_time": "2025-01-04T19:35:06.181356Z",
            "yes_price": 46,
            "no_price": 54,
            "taker_side": "yes"
        },
        {
            "trade_id": "fb9623ab-45f8-4ffc-8c98-f1c85298d30e",
            "ticker": "KXHIGHAUS-25JAN04-T71",
            "count": 1,
            "created_time": "2025-01-04T19:34:29.827958Z",
            "yes_price": 47,
            "no_price": 53,
            "taker_side": "yes"
        },
        {
            "trade_id": "eb683be1-cbad-4240-92e3-7413ef58f730",
            "ticker": "KXHIGHAUS-25JAN04-T71",
            "count": 1,
            "created_time": "2025-01-04T19:34:29.827958Z",
            "yes_price": 47,
            "no_price": 53,
            "taker_side": "yes"
        },
        {
            "trade_id": "d8beacca-73a2-49a2-9cbd-5db896f3d631",
            "ticker": "KXHIGHAUS-25JAN04-T71",
            "count": 60,
            "created_time": "2025-01-04T19:34:29.827958Z",
            "yes_price": 48,
            "no_price": 52,
            "taker_side": "yes"
        },
        {
            "trade_id": "a203d486-b304-4100-80b7-3663aa2a55a4",
            "ticker": "KXHIGHAUS-25JAN04-T71",
            "count": 117,
            "created_time": "2025-01-04T19:34:29.827958Z",
            "yes_price": 49,
            "no_price": 51,
            "taker_side": "yes"
        },
        {
            "trade_id": "6f539e6c-9f46-407d-a569-a85a08b25a48",
            "ticker": "KXHIGHAUS-25JAN04-T71",
            "count": 1,
            "created_time": "2025-01-04T19:34:29.827958Z",
            "yes_price": 49,
            "no_price": 51,
            "taker_side": "yes"
        },
        {
            "trade_id": "6af97fff-b668-4a11-8ffd-832dc16c5748",
            "ticker": "KXHIGHAUS-25JAN04-T71",
            "count": 14,
            "created_time": "2025-01-04T19:34:29.827958Z",
            "yes_price": 49,
            "no_price": 51,
            "taker_side": "yes"
        },
        {
            "trade_id": "1f63e780-57f5-495a-bcfc-c251675ab5fb",
            "ticker": "KXHIGHAUS-25JAN04-T71",
            "count": 5,
            "created_time": "2025-01-04T19:32:38.551646Z",
            "yes_price": 45,
            "no_price": 55,
            "taker_side": "yes"
        },
        {
            "trade_id": "4a728c35-bfec-443a-adbd-c16c578aa16a",
            "ticker": "KXHIGHAUS-25JAN04-T71",
            "count": 10,
            "created_time": "2025-01-04T19:32:29.518072Z",
            "yes_price": 44,
            "no_price": 56,
            "taker_side": "yes"
        },
        {
            "trade_id": "c7fb5d4b-af67-4455-9a65-d70d07c3aae9",
            "ticker": "KXHIGHAUS-25JAN04-T71",
            "count": 7,
            "created_time": "2025-01-04T19:32:10.448494Z",
            "yes_price": 41,
            "no_price": 59,
            "taker_side": "no"
        },
        {
            "trade_id": "ff28c35c-403e-4e05-a2dc-e4e6cb0193fc",
            "ticker": "KXHIGHAUS-25JAN04-T71",
            "count": 1,
            "created_time": "2025-01-04T19:31:40.837841Z",
            "yes_price": 42,
            "no_price": 58,
            "taker_side": "yes"
        },
        {
            "trade_id": "54a3ca73-b8ee-4eec-b511-91578c4875f6",
            "ticker": "KXHIGHAUS-25JAN04-T71",
            "count": 25,
            "created_time": "2025-01-04T19:31:38.080814Z",
            "yes_price": 42,
            "no_price": 58,
            "taker_side": "yes"
        },
        {
            "trade_id": "ecaf0bf5-d7dc-4c6a-b23f-06027496e30f",
            "ticker": "KXHIGHAUS-25JAN04-T71",
            "count": 100,
            "created_time": "2025-01-04T19:27:11.553683Z",
            "yes_price": 35,
            "no_price": 65,
            "taker_side": "yes"
        },
        {
            "trade_id": "24556f8a-5d52-4cde-94a3-38dfbacb8166",
            "ticker": "KXHIGHAUS-25JAN04-T71",
            "count": 110,
            "created_time": "2025-01-04T19:27:11.553683Z",
            "yes_price": 35,
            "no_price": 65,
            "taker_side": "yes"
        },
        {
            "trade_id": "1ba91a47-4a6e-4049-b242-b725725dd1f9",
            "ticker": "KXHIGHAUS-25JAN04-T71",
            "count": 1,
            "created_time": "2025-01-04T19:27:11.553683Z",
            "yes_price": 35,
            "no_price": 65,
            "taker_side": "yes"
        },
        {
            "trade_id": "5f85a94e-9790-488d-becc-a4c8fbe05904",
            "ticker": "KXHIGHAUS-25JAN04-T71",
            "count": 25,
            "created_time": "2025-01-04T19:25:46.312587Z",
            "yes_price": 35,
            "no_price": 65,
            "taker_side": "yes"
        },
        {
            "trade_id": "09596f09-7815-44bd-8bdc-430e4ea72092",
            "ticker": "KXHIGHAUS-25JAN04-T71",
            "count": 35,
            "created_time": "2025-01-04T19:25:01.972571Z",
            "yes_price": 25,
            "no_price": 75,
            "taker_side": "no"
        },
        {
            "trade_id": "8787089f-25be-4e9f-907e-bed436dc49ad",
            "ticker": "KXHIGHAUS-25JAN04-T71",
            "count": 136,
            "created_time": "2025-01-04T19:24:29.285966Z",
            "yes_price": 35,
            "no_price": 65,
            "taker_side": "yes"
        },
        {
            "trade_id": "66fd6164-f613-41bd-9dd1-b5a777365a11",
            "ticker": "KXHIGHAUS-25JAN04-T71",
            "count": 31,
            "created_time": "2025-01-04T19:23:20.161576Z",
            "yes_price": 23,
            "no_price": 77,
            "taker_side": "no"
        },
        {
            "trade_id": "592d17eb-3c12-433d-a696-71d6b0868340",
            "ticker": "KXHIGHAUS-25JAN04-T71",
            "count": 100,
            "created_time": "2025-01-04T19:19:25.50218Z",
            "yes_price": 35,
            "no_price": 65,
            "taker_side": "yes"
        },
        {
            "trade_id": "b844a70a-d865-4ada-a1c0-ba381af5da08",
            "ticker": "KXHIGHAUS-25JAN04-T71",
            "count": 1,
            "created_time": "2025-01-04T19:19:09.688766Z",
            "yes_price": 34,
            "no_price": 66,
            "taker_side": "yes"
        },
        {
            "trade_id": "62e2a2c0-90c7-4169-8b35-acf56eda06d6",
            "ticker": "KXHIGHAUS-25JAN04-T71",
            "count": 99,
            "created_time": "2025-01-04T19:19:09.688766Z",
            "yes_price": 35,
            "no_price": 65,
            "taker_side": "yes"
        },
        {
            "trade_id": "2fb9339a-4a41-459a-8e4c-b2fb42d5f73f",
            "ticker": "KXHIGHAUS-25JAN04-T71",
            "count": 1,
            "created_time": "2025-01-04T19:19:08.386068Z",
            "yes_price": 37,
            "no_price": 63,
            "taker_side": "no"
        },
        {
            "trade_id": "9af94826-a16f-474e-9e42-2c859e0ad69c",
            "ticker": "KXHIGHAUS-25JAN04-T71",
            "count": 1,
            "created_time": "2025-01-04T19:18:15.61446Z",
            "yes_price": 51,
            "no_price": 49,
            "taker_side": "no"
        },
        {
            "trade_id": "f9ab129b-ad60-4af8-a856-8d180709eb87",
            "ticker": "KXHIGHAUS-25JAN04-T71",
            "count": 40,
            "created_time": "2025-01-04T19:15:28.016562Z",
            "yes_price": 47,
            "no_price": 53,
            "taker_side": "no"
        },
        {
            "trade_id": "f194d796-eef9-4750-bec9-7956da0aa6e7",
            "ticker": "KXHIGHAUS-25JAN04-T71",
            "count": 1,
            "created_time": "2025-01-04T19:15:28.016562Z",
            "yes_price": 33,
            "no_price": 67,
            "taker_side": "no"
        },
        {
            "trade_id": "de408212-e4f4-4d15-b3b9-bf851cd261de",
            "ticker": "KXHIGHAUS-25JAN04-T71",
            "count": 1,
            "created_time": "2025-01-04T19:15:28.016562Z",
            "yes_price": 32,
            "no_price": 68,
            "taker_side": "no"
        },
        {
            "trade_id": "cb5f9a39-32c3-4c38-b1b6-b022b9fe3178",
            "ticker": "KXHIGHAUS-25JAN04-T71",
            "count": 1,
            "created_time": "2025-01-04T19:15:28.016562Z",
            "yes_price": 35,
            "no_price": 65,
            "taker_side": "no"
        },
        {
            "trade_id": "4fe38b7b-f29d-4de0-ad0d-a8b7db195e21",
            "ticker": "KXHIGHAUS-25JAN04-T71",
            "count": 50,
            "created_time": "2025-01-04T19:15:28.016562Z",
            "yes_price": 20,
            "no_price": 80,
            "taker_side": "no"
        },
        {
            "trade_id": "0dfad0d8-48bb-4a30-a00a-b7dd7fbaa296",
            "ticker": "KXHIGHAUS-25JAN04-T71",
            "count": 10,
            "created_time": "2025-01-04T19:15:28.016562Z",
            "yes_price": 46,
            "no_price": 54,
            "taker_side": "no"
        },
        {
            "trade_id": "9b74cade-d7e4-48e2-bfec-27856a468d6e",
            "ticker": "KXHIGHAUS-25JAN04-T71",
            "count": 3,
            "created_time": "2025-01-04T19:15:12.32061Z",
            "yes_price": 52,
            "no_price": 48,
            "taker_side": "yes"
        },
        {
            "trade_id": "653e64ee-9757-45d6-97aa-9ef096ca300a",
            "ticker": "KXHIGHAUS-25JAN04-T71",
            "count": 60,
            "created_time": "2025-01-04T19:14:40.078634Z",
            "yes_price": 52,
            "no_price": 48,
            "taker_side": "yes"
        },
        {
            "trade_id": "30d91fbf-b7e7-4b7f-a01a-9db0d96d2697",
            "ticker": "KXHIGHAUS-25JAN04-T71",
            "count": 42,
            "created_time": "2025-01-04T19:13:28.751832Z",
            "yes_price": 53,
            "no_price": 47,
            "taker_side": "yes"
        },
        {
            "trade_id": "3a46b20e-9adb-4848-8b76-dd1942983218",
            "ticker": "KXHIGHAUS-25JAN04-T71",
            "count": 75,
            "created_time": "2025-01-04T19:13:05.499075Z",
            "yes_price": 50,
            "no_price": 50,
            "taker_side": "no"
        },
        {
            "trade_id": "2d35f15d-b224-4c6d-9619-130043bc8d00",
            "ticker": "KXHIGHAUS-25JAN04-T71",
            "count": 153,
            "created_time": "2025-01-04T19:08:57.660076Z",
            "yes_price": 51,
            "no_price": 49,
            "taker_side": "no"
        },
        {
            "trade_id": "9b75a8b7-e928-43d3-bc39-b6b1f424ac96",
            "ticker": "KXHIGHAUS-25JAN04-T71",
            "count": 25,
            "created_time": "2025-01-04T19:07:36.012607Z",
            "yes_price": 55,
            "no_price": 45,
            "taker_side": "no"
        },
        {
            "trade_id": "763f701d-3c40-42e9-bd02-fa09f78e8ffc",
            "ticker": "KXHIGHAUS-25JAN04-T71",
            "count": 1,
            "created_time": "2025-01-04T19:05:55.592202Z",
            "yes_price": 56,
            "no_price": 44,
            "taker_side": "no"
        },
        {
            "trade_id": "5215bb05-a675-4626-a027-26e87ab8849c",
            "ticker": "KXHIGHAUS-25JAN04-T71",
            "count": 15,
            "created_time": "2025-01-04T19:04:50.223423Z",
            "yes_price": 64,
            "no_price": 36,
            "taker_side": "yes"
        },
        {
            "trade_id": "283918e5-6aaf-4152-9804-67420393b8cb",
            "ticker": "KXHIGHAUS-25JAN04-T71",
            "count": 20,
            "created_time": "2025-01-04T19:04:50.223423Z",
            "yes_price": 64,
            "no_price": 36,
            "taker_side": "yes"
        },
        {
            "trade_id": "247abeaa-86a3-40cc-8f13-70fa9b6e5ee4",
            "ticker": "KXHIGHAUS-25JAN04-T71",
            "count": 25,
            "created_time": "2025-01-04T19:03:58.661859Z",
            "yes_price": 59,
            "no_price": 41,
            "taker_side": "yes"
        },
        {
            "trade_id": "034627f9-8f6e-4427-b43e-b53195da9711",
            "ticker": "KXHIGHAUS-25JAN04-T71",
            "count": 9,
            "created_time": "2025-01-04T19:01:50.749145Z",
            "yes_price": 57,
            "no_price": 43,
            "taker_side": "no"
        },
        {
            "trade_id": "11544453-3918-4017-9b3b-38070664b3ce",
            "ticker": "KXHIGHAUS-25JAN04-T71",
            "count": 1,
            "created_time": "2025-01-04T19:01:19.530763Z",
            "yes_price": 58,
            "no_price": 42,
            "taker_side": "no"
        },
        {
            "trade_id": "3bfa4e92-b4ea-47ce-91bb-e7642aa2d1a9",
            "ticker": "KXHIGHAUS-25JAN04-T71",
            "count": 105,
            "created_time": "2025-01-04T18:59:02.690114Z",
            "yes_price": 51,
            "no_price": 49,
            "taker_side": "no"
        },
        {
            "trade_id": "b604914f-8f77-4795-9988-3d7d07353a45",
            "ticker": "KXHIGHAUS-25JAN04-T71",
            "count": 24,
            "created_time": "2025-01-04T18:56:15.099214Z",
            "yes_price": 57,
            "no_price": 43,
            "taker_side": "yes"
        },
        {
            "trade_id": "a11f83a6-5c9f-470a-b3c2-3972f934f922",
            "ticker": "KXHIGHAUS-25JAN04-T71",
            "count": 1,
            "created_time": "2025-01-04T18:56:15.099214Z",
            "yes_price": 57,
            "no_price": 43,
            "taker_side": "yes"
        },
        {
            "trade_id": "d1fe80c8-c820-4f3c-8e17-733398ed870f",
            "ticker": "KXHIGHAUS-25JAN04-T71",
            "count": 2,
            "created_time": "2025-01-04T18:55:01.712102Z",
            "yes_price": 62,
            "no_price": 38,
            "taker_side": "yes"
        },
        {
            "trade_id": "b0426240-9761-424e-aeb8-702a7e9861e1",
            "ticker": "KXHIGHAUS-25JAN04-T71",
            "count": 1,
            "created_time": "2025-01-04T18:55:01.712102Z",
            "yes_price": 54,
            "no_price": 46,
            "taker_side": "yes"
        },
        {
            "trade_id": "710d5b30-5299-4abd-83c3-c8c8f1cf9514",
            "ticker": "KXHIGHAUS-25JAN04-T71",
            "count": 12,
            "created_time": "2025-01-04T18:55:01.712102Z",
            "yes_price": 63,
            "no_price": 37,
            "taker_side": "yes"
        },
        {
            "trade_id": "6d6b7e24-9898-44e7-acb4-837d97203c89",
            "ticker": "KXHIGHAUS-25JAN04-T71",
            "count": 2,
            "created_time": "2025-01-04T18:55:01.712102Z",
            "yes_price": 54,
            "no_price": 46,
            "taker_side": "yes"
        },
        {
            "trade_id": "26e79e7e-c364-4146-b0d2-123295928ba3",
            "ticker": "KXHIGHAUS-25JAN04-T71",
            "count": 4,
            "created_time": "2025-01-04T18:55:01.712102Z",
            "yes_price": 62,
            "no_price": 38,
            "taker_side": "yes"
        },
        {
            "trade_id": "12b9ef14-b46e-4874-9737-c1e7a07f6a52",
            "ticker": "KXHIGHAUS-25JAN04-T71",
            "count": 10,
            "created_time": "2025-01-04T18:55:01.712102Z",
            "yes_price": 64,
            "no_price": 36,
            "taker_side": "yes"
        },
        {
            "trade_id": "1bb434f7-ba49-43a3-b129-32fbf6e53ea1",
            "ticker": "KXHIGHAUS-25JAN04-T71",
            "count": 12,
            "created_time": "2025-01-04T18:54:00.122915Z",
            "yes_price": 54,
            "no_price": 46,
            "taker_side": "yes"
        },
        {
            "trade_id": "f35baa4c-81cf-411d-9f10-2abce22790b3",
            "ticker": "KXHIGHAUS-25JAN04-T71",
            "count": 10,
            "created_time": "2025-01-04T18:50:51.592134Z",
            "yes_price": 54,
            "no_price": 46,
            "taker_side": "yes"
        },
        {
            "trade_id": "a1344bb2-048e-43a0-8fde-12f0a319fb06",
            "ticker": "KXHIGHAUS-25JAN04-T71",
            "count": 4,
            "created_time": "2025-01-04T18:49:05.995315Z",
            "yes_price": 53,
            "no_price": 47,
            "taker_side": "yes"
        },
        {
            "trade_id": "854434c5-3677-4d2a-a21d-8dcfcf3c728c",
            "ticker": "KXHIGHAUS-25JAN04-T71",
            "count": 11,
            "created_time": "2025-01-04T18:49:05.995315Z",
            "yes_price": 62,
            "no_price": 38,
            "taker_side": "yes"
        },
        {
            "trade_id": "3e128acf-4955-48c8-9098-ed0b69080767",
            "ticker": "KXHIGHAUS-25JAN04-T71",
            "count": 1,
            "created_time": "2025-01-04T18:49:05.995315Z",
            "yes_price": 53,
            "no_price": 47,
            "taker_side": "yes"
        },
        {
            "trade_id": "8cab2ca0-2c53-4e99-9784-5dcf71287a5d",
            "ticker": "KXHIGHAUS-25JAN04-T71",
            "count": 31,
            "created_time": "2025-01-04T18:47:30.272768Z",
            "yes_price": 53,
            "no_price": 47,
            "taker_side": "yes"
        },
        {
            "trade_id": "49d680a6-bd29-46b3-9954-ae19833c82f0",
            "ticker": "KXHIGHAUS-25JAN04-T71",
            "count": 1,
            "created_time": "2025-01-04T18:47:30.272768Z",
            "yes_price": 54,
            "no_price": 46,
            "taker_side": "yes"
        },
        {
            "trade_id": "2d632ffa-9d33-45cc-81f3-80818b5518ab",
            "ticker": "KXHIGHAUS-25JAN04-T71",
            "count": 40,
            "created_time": "2025-01-04T18:47:30.272768Z",
            "yes_price": 53,
            "no_price": 47,
            "taker_side": "yes"
        },
        {
            "trade_id": "22083ab6-c46a-4f8d-83c6-a1489eaf9a45",
            "ticker": "KXHIGHAUS-25JAN04-T71",
            "count": 1,
            "created_time": "2025-01-04T18:47:30.272768Z",
            "yes_price": 53,
            "no_price": 47,
            "taker_side": "yes"
        },
        {
            "trade_id": "0459af15-6b49-4e83-b6fc-f2720b7d9ccb",
            "ticker": "KXHIGHAUS-25JAN04-T71",
            "count": 1,
            "created_time": "2025-01-04T18:47:30.272768Z",
            "yes_price": 53,
            "no_price": 47,
            "taker_side": "yes"
        },
        {
            "trade_id": "b5852e0d-867e-42bb-9b98-a70d185a49d1",
            "ticker": "KXHIGHAUS-25JAN04-T71",
            "count": 1,
            "created_time": "2025-01-04T18:47:28.945198Z",
            "yes_price": 44,
            "no_price": 56,
            "taker_side": "yes"
        },
        {
            "trade_id": "077e3e94-31fe-432e-b3bb-0a1696894198",
            "ticker": "KXHIGHAUS-25JAN04-T71",
            "count": 16,
            "created_time": "2025-01-04T18:47:28.945198Z",
            "yes_price": 44,
            "no_price": 56,
            "taker_side": "yes"
        },
        {
            "trade_id": "d4dc9db4-40a5-4b36-887c-650266b0405a",
            "ticker": "KXHIGHAUS-25JAN04-T71",
            "count": 4,
            "created_time": "2025-01-04T18:46:23.940286Z",
            "yes_price": 44,
            "no_price": 56,
            "taker_side": "yes"
        },
        {
            "trade_id": "9023713a-61ca-403f-8e47-5747a896c91b",
            "ticker": "KXHIGHAUS-25JAN04-T71",
            "count": 111,
            "created_time": "2025-01-04T18:44:35.064404Z",
            "yes_price": 36,
            "no_price": 64,
            "taker_side": "yes"
        },
        {
            "trade_id": "72e9d79d-db5e-492d-915e-0fb74cfba71f",
            "ticker": "KXHIGHAUS-25JAN04-T71",
            "count": 20,
            "created_time": "2025-01-04T18:44:35.064404Z",
            "yes_price": 42,
            "no_price": 58,
            "taker_side": "yes"
        },
        {
            "trade_id": "1fe8521e-24cf-4121-aab3-d85744792797",
            "ticker": "KXHIGHAUS-25JAN04-T71",
            "count": 110,
            "created_time": "2025-01-04T18:44:35.064404Z",
            "yes_price": 43,
            "no_price": 57,
            "taker_side": "yes"
        },
        {
            "trade_id": "b6091d33-06d8-44f0-92de-467fd97c6549",
            "ticker": "KXHIGHAUS-25JAN04-T71",
            "count": 100,
            "created_time": "2025-01-04T18:43:29.042297Z",
            "yes_price": 36,
            "no_price": 64,
            "taker_side": "yes"
        },
        {
            "trade_id": "9785319f-47a1-4ae2-a03b-48f576d6dd2b",
            "ticker": "KXHIGHAUS-25JAN04-T71",
            "count": 39,
            "created_time": "2025-01-04T18:43:18.823544Z",
            "yes_price": 37,
            "no_price": 63,
            "taker_side": "no"
        },
        {
            "trade_id": "3f4426ea-33f1-48d9-953a-3c4faf73cce8",
            "ticker": "KXHIGHAUS-25JAN04-T71",
            "count": 19,
            "created_time": "2025-01-04T18:35:36.798733Z",
            "yes_price": 40,
            "no_price": 60,
            "taker_side": "no"
        },
        {
            "trade_id": "9674a3f9-91af-4fe0-96cc-8746aa0f60d7",
            "ticker": "KXHIGHAUS-25JAN04-T71",
            "count": 1,
            "created_time": "2025-01-04T18:33:48.330585Z",
            "yes_price": 52,
            "no_price": 48,
            "taker_side": "yes"
        },
        {
            "trade_id": "64e73bed-dccf-497c-844a-a7242738940e",
            "ticker": "KXHIGHAUS-25JAN04-T71",
            "count": 1,
            "created_time": "2025-01-04T18:33:48.330585Z",
            "yes_price": 52,
            "no_price": 48,
            "taker_side": "yes"
        },
        {
            "trade_id": "972d28e9-89a1-466c-b110-b7d64e4b9fb2",
            "ticker": "KXHIGHAUS-25JAN04-T71",
            "count": 10,
            "created_time": "2025-01-04T18:32:20.037886Z",
            "yes_price": 40,
            "no_price": 60,
            "taker_side": "no"
        },
        {
            "trade_id": "bc5ed4f4-cfcb-4ce7-8ae7-525f445cdbce",
            "ticker": "KXHIGHAUS-25JAN04-T71",
            "count": 32,
            "created_time": "2025-01-04T18:31:38.159693Z",
            "yes_price": 42,
            "no_price": 58,
            "taker_side": "yes"
        },
        {
            "trade_id": "00fa090b-5b78-4817-ba3a-7c419c64c3fb",
            "ticker": "KXHIGHAUS-25JAN04-T71",
            "count": 1,
            "created_time": "2025-01-04T18:31:38.159693Z",
            "yes_price": 42,
            "no_price": 58,
            "taker_side": "yes"
        },
        {
            "trade_id": "d95b0d52-740e-417c-bfe0-9ba7ca32b4ac",
            "ticker": "KXHIGHAUS-25JAN04-T71",
            "count": 1,
            "created_time": "2025-01-04T18:31:23.7105Z",
            "yes_price": 40,
            "no_price": 60,
            "taker_side": "yes"
        },
        {
            "trade_id": "3678b67f-6842-4709-91c7-da606f30ae89",
            "ticker": "KXHIGHAUS-25JAN04-T71",
            "count": 255,
            "created_time": "2025-01-04T18:31:23.7105Z",
            "yes_price": 40,
            "no_price": 60,
            "taker_side": "yes"
        },
        {
            "trade_id": "daffd03a-c4d8-4661-9840-5d785c96495d",
            "ticker": "KXHIGHAUS-25JAN04-T71",
            "count": 17,
            "created_time": "2025-01-04T18:30:37.292019Z",
            "yes_price": 35,
            "no_price": 65,
            "taker_side": "yes"
        },
        {
            "trade_id": "917f277b-cb86-4591-afdf-a3d43eb35626",
            "ticker": "KXHIGHAUS-25JAN04-T71",
            "count": 37,
            "created_time": "2025-01-04T18:30:37.292019Z",
            "yes_price": 37,
            "no_price": 63,
            "taker_side": "yes"
        },
        {
            "trade_id": "8d390fe8-f6ae-439d-8383-18cb549f3440",
            "ticker": "KXHIGHAUS-25JAN04-T71",
            "count": 1,
            "created_time": "2025-01-04T18:30:37.292019Z",
            "yes_price": 35,
            "no_price": 65,
            "taker_side": "yes"
        },
        {
            "trade_id": "8ff685f4-65fe-4500-b071-91d97415ad27",
            "ticker": "KXHIGHAUS-25JAN04-T71",
            "count": 33,
            "created_time": "2025-01-04T18:29:50.324581Z",
            "yes_price": 37,
            "no_price": 63,
            "taker_side": "no"
        },
        {
            "trade_id": "de75845d-e672-4796-a0f2-1e9d8da3c032",
            "ticker": "KXHIGHAUS-25JAN04-T71",
            "count": 42,
            "created_time": "2025-01-04T18:29:50.246555Z",
            "yes_price": 37,
            "no_price": 63,
            "taker_side": "no"
        },
        {
            "trade_id": "ffa68bf9-cfd9-40a1-ba46-41517600d98d",
            "ticker": "KXHIGHAUS-25JAN04-T71",
            "count": 100,
            "created_time": "2025-01-04T18:29:38.681779Z",
            "yes_price": 33,
            "no_price": 67,
            "taker_side": "yes"
        },
        {
            "trade_id": "fe8da6a4-bfec-4e3d-b648-e854a5681541",
            "ticker": "KXHIGHAUS-25JAN04-T71",
            "count": 200,
            "created_time": "2025-01-04T18:29:38.681779Z",
            "yes_price": 29,
            "no_price": 71,
            "taker_side": "yes"
        },
        {
            "trade_id": "fabecef1-0015-4574-8e7c-23ef0ca460e1",
            "ticker": "KXHIGHAUS-25JAN04-T71",
            "count": 17,
            "created_time": "2025-01-04T18:29:38.681779Z",
            "yes_price": 33,
            "no_price": 67,
            "taker_side": "yes"
        },
        {
            "trade_id": "d2b3a2c3-2809-4cd4-8e63-17a626d53ab2",
            "ticker": "KXHIGHAUS-25JAN04-T71",
            "count": 1,
            "created_time": "2025-01-04T18:29:38.681779Z",
            "yes_price": 30,
            "no_price": 70,
            "taker_side": "yes"
        },
        {
            "trade_id": "896f5809-7f3a-430f-adbc-68b718db8176",
            "ticker": "KXHIGHAUS-25JAN04-T71",
            "count": 1,
            "created_time": "2025-01-04T18:29:38.681779Z",
            "yes_price": 29,
            "no_price": 71,
            "taker_side": "yes"
        },
        {
            "trade_id": "6774e6c9-d5c1-4cac-b0ad-23cc4f3663b3",
            "ticker": "KXHIGHAUS-25JAN04-T71",
            "count": 151,
            "created_time": "2025-01-04T18:29:38.681779Z",
            "yes_price": 30,
            "no_price": 70,
            "taker_side": "yes"
        },
        {
            "trade_id": "5c03781c-c8f7-4969-9010-5097f308c982",
            "ticker": "KXHIGHAUS-25JAN04-T71",
            "count": 1,
            "created_time": "2025-01-04T18:29:38.681779Z",
            "yes_price": 32,
            "no_price": 68,
            "taker_side": "yes"
        },
        {
            "trade_id": "df44ff57-80fc-4ea7-9e79-328c058e9141",
            "ticker": "KXHIGHAUS-25JAN04-T71",
            "count": 1,
            "created_time": "2025-01-04T18:28:07.072769Z",
            "yes_price": 28,
            "no_price": 72,
            "taker_side": "yes"
        },
        {
            "trade_id": "45b48f25-a819-41eb-9f5d-d14ae4ab575a",
            "ticker": "KXHIGHAUS-25JAN04-T71",
            "count": 15,
            "created_time": "2025-01-04T18:28:07.072769Z",
            "yes_price": 29,
            "no_price": 71,
            "taker_side": "yes"
        },
        {
            "trade_id": "284b862e-c2b5-436b-a970-e3f498a6cbb9",
            "ticker": "KXHIGHAUS-25JAN04-T71",
            "count": 86,
            "created_time": "2025-01-04T18:28:07.072769Z",
            "yes_price": 28,
            "no_price": 72,
            "taker_side": "yes"
        },
        {
            "trade_id": "2219c042-8b47-4600-b53c-e348d9847e5f",
            "ticker": "KXHIGHAUS-25JAN04-T71",
            "count": 150,
            "created_time": "2025-01-04T18:28:07.072769Z",
            "yes_price": 28,
            "no_price": 72,
            "taker_side": "yes"
        },
        {
            "trade_id": "8f1092ed-6dbd-484e-89f3-03c5241164aa",
            "ticker": "KXHIGHAUS-25JAN04-T71",
            "count": 11,
            "created_time": "2025-01-04T18:26:13.094801Z",
            "yes_price": 27,
            "no_price": 73,
            "taker_side": "yes"
        },
        {
            "trade_id": "bb73bc6d-1a38-43f6-a16f-a8ded08491ae",
            "ticker": "KXHIGHAUS-25JAN04-T71",
            "count": 27,
            "created_time": "2025-01-04T18:25:58.796584Z",
            "yes_price": 27,
            "no_price": 73,
            "taker_side": "yes"
        },
        {
            "trade_id": "f4961df2-dfae-46c1-ab79-5433a294a23f",
            "ticker": "KXHIGHAUS-25JAN04-T71",
            "count": 3,
            "created_time": "2025-01-04T18:25:34.856847Z",
            "yes_price": 27,
            "no_price": 73,
            "taker_side": "yes"
        },
        {
            "trade_id": "d50382dc-9f3e-4a84-b919-147a59ef2c19",
            "ticker": "KXHIGHAUS-25JAN04-T71",
            "count": 100,
            "created_time": "2025-01-04T18:24:51.122794Z",
            "yes_price": 28,
            "no_price": 72,
            "taker_side": "yes"
        },
        {
            "trade_id": "89f6a923-0d98-4dd6-bc9e-1140759f7c54",
            "ticker": "KXHIGHAUS-25JAN04-T71",
            "count": 157,
            "created_time": "2025-01-04T18:24:42.19208Z",
            "yes_price": 26,
            "no_price": 74,
            "taker_side": "no"
        },
        {
            "trade_id": "49dba33e-52da-444e-9799-be22b6681655",
            "ticker": "KXHIGHAUS-25JAN04-T71",
            "count": 1,
            "created_time": "2025-01-04T18:24:42.19208Z",
            "yes_price": 26,
            "no_price": 74,
            "taker_side": "no"
        },
        {
            "trade_id": "75c5fb3f-c50f-43c8-b34b-01f6fda4c7bd",
            "ticker": "KXHIGHAUS-25JAN04-T71",
            "count": 1,
            "created_time": "2025-01-04T18:24:30.353369Z",
            "yes_price": 29,
            "no_price": 71,
            "taker_side": "no"
        },
        {
            "trade_id": "462a18e0-449a-474c-b273-a78e4d78b879",
            "ticker": "KXHIGHAUS-25JAN04-T71",
            "count": 21,
            "created_time": "2025-01-04T18:24:30.353369Z",
            "yes_price": 29,
            "no_price": 71,
            "taker_side": "no"
        },
        {
            "trade_id": "f2fba66f-9321-4245-8e54-a326f70872e7",
            "ticker": "KXHIGHAUS-25JAN04-T71",
            "count": 156,
            "created_time": "2025-01-04T18:24:21.874935Z",
            "yes_price": 28,
            "no_price": 72,
            "taker_side": "no"
        },
        {
            "trade_id": "c5507cb5-73bc-4e06-875c-d9bbb58a735b",
            "ticker": "KXHIGHAUS-25JAN04-T71",
            "count": 1,
            "created_time": "2025-01-04T18:24:21.874935Z",
            "yes_price": 28,
            "no_price": 72,
            "taker_side": "no"
        },
        {
            "trade_id": "a4f406e2-fcd5-4b7c-b296-86d156956f2c",
            "ticker": "KXHIGHAUS-25JAN04-T71",
            "count": 3,
            "created_time": "2025-01-04T18:24:21.874935Z",
            "yes_price": 27,
            "no_price": 73,
            "taker_side": "no"
        },
        {
            "trade_id": "c4a8fa6b-59a6-46f9-831f-2385f26813bb",
            "ticker": "KXHIGHAUS-25JAN04-T71",
            "count": 6,
            "created_time": "2025-01-04T18:20:38.024189Z",
            "yes_price": 32,
            "no_price": 68,
            "taker_side": "no"
        },
        {
            "trade_id": "fa056ac9-2c0b-47d7-b675-7289de7971e7",
            "ticker": "KXHIGHAUS-25JAN04-T71",
            "count": 66,
            "created_time": "2025-01-04T18:17:04.871237Z",
            "yes_price": 35,
            "no_price": 65,
            "taker_side": "no"
        },
        {
            "trade_id": "cbc651b1-2548-4dfd-9f46-dc0fba839a84",
            "ticker": "KXHIGHAUS-25JAN04-T71",
            "count": 76,
            "created_time": "2025-01-04T18:17:04.871237Z",
            "yes_price": 31,
            "no_price": 69,
            "taker_side": "no"
        },
        {
            "trade_id": "8ed35e7f-ebea-4a2b-9259-7daf51c1e0e0",
            "ticker": "KXHIGHAUS-25JAN04-T71",
            "count": 1,
            "created_time": "2025-01-04T18:17:04.871237Z",
            "yes_price": 31,
            "no_price": 69,
            "taker_side": "no"
        },
        {
            "trade_id": "6f1ad20a-b6c7-4687-9e4d-40bccc9c66ee",
            "ticker": "KXHIGHAUS-25JAN04-T71",
            "count": 1,
            "created_time": "2025-01-04T18:17:04.871237Z",
            "yes_price": 35,
            "no_price": 65,
            "taker_side": "no"
        },
        {
            "trade_id": "e42f861b-f8fa-4907-839e-0383b7f56004",
            "ticker": "KXHIGHAUS-25JAN04-T71",
            "count": 30,
            "created_time": "2025-01-04T18:16:21.832285Z",
            "yes_price": 35,
            "no_price": 65,
            "taker_side": "yes"
        },
        {
            "trade_id": "1e1193e0-0da9-4215-b3a3-480f7320953f",
            "ticker": "KXHIGHAUS-25JAN04-T71",
            "count": 17,
            "created_time": "2025-01-04T18:16:21.832285Z",
            "yes_price": 38,
            "no_price": 62,
            "taker_side": "yes"
        },
        {
            "trade_id": "1c208c1f-71f2-4753-9de2-3c6f6841bebf",
            "ticker": "KXHIGHAUS-25JAN04-T71",
            "count": 27,
            "created_time": "2025-01-04T18:15:57.823374Z",
            "yes_price": 35,
            "no_price": 65,
            "taker_side": "yes"
        },
        {
            "trade_id": "708ca83f-4db7-439c-aa92-b7960fe824c7",
            "ticker": "KXHIGHAUS-25JAN04-T71",
            "count": 27,
            "created_time": "2025-01-04T18:14:18.786631Z",
            "yes_price": 30,
            "no_price": 70,
            "taker_side": "no"
        },
        {
            "trade_id": "89fc470a-e049-4c66-93ed-36919dda932b",
            "ticker": "KXHIGHAUS-25JAN04-T71",
            "count": 159,
            "created_time": "2025-01-04T18:13:32.888492Z",
            "yes_price": 34,
            "no_price": 66,
            "taker_side": "yes"
        },
        {
            "trade_id": "f224decc-00a4-4be1-80b1-1e271a48ae28",
            "ticker": "KXHIGHAUS-25JAN04-T71",
            "count": 64,
            "created_time": "2025-01-04T18:12:52.571503Z",
            "yes_price": 34,
            "no_price": 66,
            "taker_side": "yes"
        },
        {
            "trade_id": "e40d24b7-e9dd-4215-8dd0-02ebb322d9ec",
            "ticker": "KXHIGHAUS-25JAN04-T71",
            "count": 152,
            "created_time": "2025-01-04T18:12:52.571503Z",
            "yes_price": 28,
            "no_price": 72,
            "taker_side": "yes"
        },
        {
            "trade_id": "c456a5a8-8ce4-44fa-bccd-8d0cd13dbc4c",
            "ticker": "KXHIGHAUS-25JAN04-T71",
            "count": 16,
            "created_time": "2025-01-04T18:12:52.571503Z",
            "yes_price": 28,
            "no_price": 72,
            "taker_side": "yes"
        },
        {
            "trade_id": "65493549-b346-42f4-97ad-514172a4c79f",
            "ticker": "KXHIGHAUS-25JAN04-T71",
            "count": 43,
            "created_time": "2025-01-04T18:12:52.571503Z",
            "yes_price": 35,
            "no_price": 65,
            "taker_side": "yes"
        },
        {
            "trade_id": "57e8c1f6-9703-4282-b6ce-7e88c3a7d6b0",
            "ticker": "KXHIGHAUS-25JAN04-T71",
            "count": 39,
            "created_time": "2025-01-04T18:12:52.571503Z",
            "yes_price": 28,
            "no_price": 72,
            "taker_side": "yes"
        },
        {
            "trade_id": "45f841e1-7704-477a-88b5-d19c7a28c163",
            "ticker": "KXHIGHAUS-25JAN04-T71",
            "count": 1,
            "created_time": "2025-01-04T18:12:52.571503Z",
            "yes_price": 32,
            "no_price": 68,
            "taker_side": "yes"
        },
        {
            "trade_id": "cfd54cbe-1c54-407a-a319-189acddcd971",
            "ticker": "KXHIGHAUS-25JAN04-T71",
            "count": 15,
            "created_time": "2025-01-04T18:09:50.967637Z",
            "yes_price": 26,
            "no_price": 74,
            "taker_side": "yes"
        },
        {
            "trade_id": "c256ed67-91cd-49f2-b007-4a0794306344",
            "ticker": "KXHIGHAUS-25JAN04-T71",
            "count": 2,
            "created_time": "2025-01-04T18:09:50.967637Z",
            "yes_price": 31,
            "no_price": 69,
            "taker_side": "yes"
        },
        {
            "trade_id": "4ac6f4e4-c8aa-4525-b868-e46b8b05b34b",
            "ticker": "KXHIGHAUS-25JAN04-T71",
            "count": 25,
            "created_time": "2025-01-04T18:07:10.326903Z",
            "yes_price": 20,
            "no_price": 80,
            "taker_side": "no"
        },
        {
            "trade_id": "12324a41-a6d9-40c1-aed7-31da176f0c08",
            "ticker": "KXHIGHAUS-25JAN04-T71",
            "count": 23,
            "created_time": "2025-01-04T18:04:24.266284Z",
            "yes_price": 32,
            "no_price": 68,
            "taker_side": "no"
        },
        {
            "trade_id": "71964496-b4a1-49eb-9a39-5acea969861b",
            "ticker": "KXHIGHAUS-25JAN04-T71",
            "count": 1,
            "created_time": "2025-01-04T18:04:24.248952Z",
            "yes_price": 32,
            "no_price": 68,
            "taker_side": "no"
        },
        {
            "trade_id": "b760e0c3-61cb-4f7a-a2c2-7fd65355e39c",
            "ticker": "KXHIGHAUS-25JAN04-T71",
            "count": 1,
            "created_time": "2025-01-04T18:04:24.184506Z",
            "yes_price": 32,
            "no_price": 68,
            "taker_side": "no"
        },
        {
            "trade_id": "5f01cf44-c738-4476-9f33-80715eb5a369",
            "ticker": "KXHIGHAUS-25JAN04-T71",
            "count": 1,
            "created_time": "2025-01-04T18:04:24.105814Z",
            "yes_price": 32,
            "no_price": 68,
            "taker_side": "no"
        },
        {
            "trade_id": "fa6b9f94-6b34-4d5f-a20e-5c362cb37ba1",
            "ticker": "KXHIGHAUS-25JAN04-T71",
            "count": 1,
            "created_time": "2025-01-04T18:04:24.012395Z",
            "yes_price": 31,
            "no_price": 69,
            "taker_side": "yes"
        },
        {
            "trade_id": "45d58016-a295-46e7-8a27-d3bcd7df19ff",
            "ticker": "KXHIGHAUS-25JAN04-T71",
            "count": 1,
            "created_time": "2025-01-04T18:04:24.012395Z",
            "yes_price": 30,
            "no_price": 70,
            "taker_side": "yes"
        },
        {
            "trade_id": "caff829b-28e8-43e9-bc2a-0fe3ca8c14d5",
            "ticker": "KXHIGHAUS-25JAN04-T71",
            "count": 1,
            "created_time": "2025-01-04T18:03:35.637406Z",
            "yes_price": 22,
            "no_price": 78,
            "taker_side": "yes"
        },
        {
            "trade_id": "a8f7a99b-12f7-4cfa-b124-602a6da67d8d",
            "ticker": "KXHIGHAUS-25JAN04-T71",
            "count": 14,
            "created_time": "2025-01-04T18:03:35.637406Z",
            "yes_price": 24,
            "no_price": 76,
            "taker_side": "yes"
        },
        {
            "trade_id": "9e39e99a-46dd-4689-b46f-daaa491afdf8",
            "ticker": "KXHIGHAUS-25JAN04-T71",
            "count": 2,
