{
    "KXHIGHAUS-25APR24-T83": [
        {
            "trade_id": "dcd3f5f6-a6d6-42c8-9af2-6e44e5227eea",
            "ticker": "KXHIGHAUS-25APR24-T83",
            "count": 500,
            "created_time": "2025-04-25T02:38:42.321459Z",
            "yes_price": 1,
            "no_price": 99,
            "taker_side": "yes"
        },
        {
            "trade_id": "cabcbac8-1668-459a-940c-850635a2e693",
            "ticker": "KXHIGHAUS-25APR24-T83",
            "count": 1,
            "created_time": "2025-04-25T01:26:17.034688Z",
            "yes_price": 1,
            "no_price": 99,
            "taker_side": "yes"
        },
        {
            "trade_id": "3550842e-72d9-4309-909d-ac99dba84d6c",
            "ticker": "KXHIGHAUS-25APR24-T83",
            "count": 20,
            "created_time": "2025-04-24T17:55:34.83359Z",
            "yes_price": 1,
            "no_price": 99,
            "taker_side": "no"
        },
        {
            "trade_id": "0e66b84c-7408-45a9-b345-c142160793fb",
            "ticker": "KXHIGHAUS-25APR24-T83",
            "count": 1,
            "created_time": "2025-04-24T17:55:34.83359Z",
            "yes_price": 1,
            "no_price": 99,
            "taker_side": "no"
        },
        {
            "trade_id": "6d2467dd-b9f6-478b-b174-48446e47d155",
            "ticker": "KXHIGHAUS-25APR24-T83",
            "count": 5,
            "created_time": "2025-04-24T17:30:41.044294Z",
            "yes_price": 6,
            "no_price": 94,
            "taker_side": "yes"
        },
        {
            "trade_id": "e72e710a-7f8b-4698-b2da-c1620b55831e",
            "ticker": "KXHIGHAUS-25APR24-T83",
            "count": 1,
            "created_time": "2025-04-24T17:24:41.981275Z",
            "yes_price": 5,
            "no_price": 95,
            "taker_side": "yes"
        },
        {
            "trade_id": "e3b4eb9f-f1ca-4b71-8bfe-6c799ca1e0de",
            "ticker": "KXHIGHAUS-25APR24-T83",
            "count": 50,
            "created_time": "2025-04-24T16:27:59.877514Z",
            "yes_price": 1,
            "no_price": 99,
            "taker_side": "no"
        },
        {
            "trade_id": "c32f9bb6-4884-4ef3-b95f-8a17efe30810",
            "ticker": "KXHIGHAUS-25APR24-T83",
            "count": 87,
            "created_time": "2025-04-24T16:27:59.877514Z",
            "yes_price": 1,
            "no_price": 99,
            "taker_side": "no"
        },
        {
            "trade_id": "8f7b7f4d-c1f4-454f-b713-f839f7523d6d",
            "ticker": "KXHIGHAUS-25APR24-T83",
            "count": 100,
            "created_time": "2025-04-24T16:27:59.877514Z",
            "yes_price": 1,
            "no_price": 99,
            "taker_side": "no"
        },
        {
            "trade_id": "2bb5da52-93ee-4c62-a619-657fd4c9ea3a",
            "ticker": "KXHIGHAUS-25APR24-T83",
            "count": 200,
            "created_time": "2025-04-24T16:27:59.877514Z",
            "yes_price": 1,
            "no_price": 99,
            "taker_side": "no"
        },
        {
            "trade_id": "0ed88664-4aec-4db2-8a48-2501141acb75",
            "ticker": "KXHIGHAUS-25APR24-T83",
            "count": 50,
            "created_time": "2025-04-24T16:27:49.488916Z",
            "yes_price": 2,
            "no_price": 98,
            "taker_side": "no"
        },
        {
            "trade_id": "0224452f-f5d6-4ac0-9c07-3498b194218c",
            "ticker": "KXHIGHAUS-25APR24-T83",
            "count": 28,
            "created_time": "2025-04-24T16:27:38.613134Z",
            "yes_price": 3,
            "no_price": 97,
            "taker_side": "no"
        },
        {
            "trade_id": "503e9898-09fc-41ec-abad-f8cfb64c18d5",
            "ticker": "KXHIGHAUS-25APR24-T83",
            "count": 1,
            "created_time": "2025-04-24T16:06:08.741898Z",
            "yes_price": 6,
            "no_price": 94,
            "taker_side": "yes"
        },
        {
            "trade_id": "f1e45684-bdbe-4fe6-b8f4-cfd0dfaf387b",
            "ticker": "KXHIGHAUS-25APR24-T83",
            "count": 70,
            "created_time": "2025-04-24T15:44:30.84224Z",
            "yes_price": 3,
            "no_price": 97,
            "taker_side": "no"
        },
        {
            "trade_id": "b1bd7aa0-21aa-48f9-91ed-86ff66e01dc4",
            "ticker": "KXHIGHAUS-25APR24-T83",
            "count": 50,
            "created_time": "2025-04-24T14:58:25.937358Z",
            "yes_price": 2,
            "no_price": 98,
            "taker_side": "no"
        },
        {
            "trade_id": "3562de25-3264-4dfa-932b-4d2f29876bf7",
            "ticker": "KXHIGHAUS-25APR24-T83",
            "count": 1,
            "created_time": "2025-04-24T14:58:25.937358Z",
            "yes_price": 2,
            "no_price": 98,
            "taker_side": "no"
        },
        {
            "trade_id": "270b09e9-9194-4c81-a5ab-8acefc9276c4",
            "ticker": "KXHIGHAUS-25APR24-T83",
            "count": 6,
            "created_time": "2025-04-24T14:58:25.937358Z",
            "yes_price": 1,
            "no_price": 99,
            "taker_side": "no"
        },
        {
            "trade_id": "e221132a-13cb-4410-b81d-74b775d30ad9",
            "ticker": "KXHIGHAUS-25APR24-T83",
            "count": 119,
            "created_time": "2025-04-24T14:57:39.068103Z",
            "yes_price": 3,
            "no_price": 97,
            "taker_side": "no"
        },
        {
            "trade_id": "4ff67dbb-48f1-4a01-bdca-a9fdbe15fae9",
            "ticker": "KXHIGHAUS-25APR24-T83",
            "count": 1,
            "created_time": "2025-04-24T14:48:20.994161Z",
            "yes_price": 3,
            "no_price": 97,
            "taker_side": "no"
        },
        {
            "trade_id": "e45bc5b1-d72c-474a-94e4-484c1ba7c0f9",
            "ticker": "KXHIGHAUS-25APR24-T83",
            "count": 1,
            "created_time": "2025-04-24T14:45:24.743354Z",
            "yes_price": 3,
            "no_price": 97,
            "taker_side": "no"
        },
        {
            "trade_id": "57900752-9f50-4ac3-b4d4-889da633cf90",
            "ticker": "KXHIGHAUS-25APR24-T83",
            "count": 23,
            "created_time": "2025-04-24T14:15:27.365639Z",
            "yes_price": 4,
            "no_price": 96,
            "taker_side": "no"
        },
        {
            "trade_id": "a95ad850-a33b-47cb-beef-227c8d433f49",
            "ticker": "KXHIGHAUS-25APR24-T83",
            "count": 50,
            "created_time": "2025-04-24T14:15:22.465285Z",
            "yes_price": 4,
            "no_price": 96,
            "taker_side": "no"
        },
        {
            "trade_id": "d4ba6da3-86b3-4c91-a2f1-227fe9de628e",
            "ticker": "KXHIGHAUS-25APR24-T83",
            "count": 116,
            "created_time": "2025-04-24T14:12:57.374135Z",
            "yes_price": 4,
            "no_price": 96,
            "taker_side": "no"
        },
        {
            "trade_id": "f5806db9-9d9d-40f8-8ee5-a7a4b0b8a3b0",
            "ticker": "KXHIGHAUS-25APR24-T83",
            "count": 78,
            "created_time": "2025-04-24T14:12:39.373519Z",
            "yes_price": 3,
            "no_price": 97,
            "taker_side": "no"
        },
        {
            "trade_id": "1025c6e3-0ad5-4d8d-a0f2-fc1257a81a31",
            "ticker": "KXHIGHAUS-25APR24-T83",
            "count": 77,
            "created_time": "2025-04-24T14:11:42.772027Z",
            "yes_price": 3,
            "no_price": 97,
            "taker_side": "yes"
        },
        {
            "trade_id": "a3822dd3-adaa-4aef-8746-080e407fb8bc",
            "ticker": "KXHIGHAUS-25APR24-T83",
            "count": 8,
            "created_time": "2025-04-24T13:45:22.023602Z",
            "yes_price": 3,
            "no_price": 97,
            "taker_side": "no"
        },
        {
            "trade_id": "cae103d5-bd5b-4434-9aeb-224fba287af2",
            "ticker": "KXHIGHAUS-25APR24-T83",
            "count": 4,
            "created_time": "2025-04-24T13:42:22.122708Z",
            "yes_price": 4,
            "no_price": 96,
            "taker_side": "no"
        },
        {
            "trade_id": "e8cf245e-0b23-46f6-b95b-77739590a15a",
            "ticker": "KXHIGHAUS-25APR24-T83",
            "count": 47,
            "created_time": "2025-04-24T13:40:28.842503Z",
            "yes_price": 5,
            "no_price": 95,
            "taker_side": "yes"
        },
        {
            "trade_id": "d7bb4d92-b9bb-48c7-824b-5a67b4648c6f",
            "ticker": "KXHIGHAUS-25APR24-T83",
            "count": 8,
            "created_time": "2025-04-24T13:40:28.842503Z",
            "yes_price": 5,
            "no_price": 95,
            "taker_side": "yes"
        },
        {
            "trade_id": "c86980c8-4f21-4fa6-9189-bedd131f1ee8",
            "ticker": "KXHIGHAUS-25APR24-T83",
            "count": 5,
            "created_time": "2025-04-24T13:40:28.842503Z",
            "yes_price": 5,
            "no_price": 95,
            "taker_side": "yes"
        },
        {
            "trade_id": "ce4ad6bb-882b-46ac-ba61-f3602dc4ede9",
            "ticker": "KXHIGHAUS-25APR24-T83",
            "count": 30,
            "created_time": "2025-04-24T13:40:19.006575Z",
            "yes_price": 5,
            "no_price": 95,
            "taker_side": "yes"
        },
        {
            "trade_id": "b71d8414-fa57-46f2-9abd-32fc218640e9",
            "ticker": "KXHIGHAUS-25APR24-T83",
            "count": 8,
            "created_time": "2025-04-24T13:40:19.006575Z",
            "yes_price": 4,
            "no_price": 96,
            "taker_side": "yes"
        },
        {
            "trade_id": "9149e58b-8b8d-4fc4-bcf1-ca4360b6aa88",
            "ticker": "KXHIGHAUS-25APR24-T83",
            "count": 54,
            "created_time": "2025-04-24T13:39:53.247121Z",
            "yes_price": 4,
            "no_price": 96,
            "taker_side": "yes"
        },
        {
            "trade_id": "6d790287-69a7-46ea-ba5b-de741e02b18d",
            "ticker": "KXHIGHAUS-25APR24-T83",
            "count": 16,
            "created_time": "2025-04-24T13:39:53.247121Z",
            "yes_price": 4,
            "no_price": 96,
            "taker_side": "yes"
        },
        {
            "trade_id": "96b26d14-cd14-474d-be03-2c2e6549dd6e",
            "ticker": "KXHIGHAUS-25APR24-T83",
            "count": 99,
            "created_time": "2025-04-24T13:14:02.825234Z",
            "yes_price": 3,
            "no_price": 97,
            "taker_side": "yes"
        },
        {
            "trade_id": "fc5c529b-7c48-443a-b985-714efe2ac53b",
            "ticker": "KXHIGHAUS-25APR24-T83",
            "count": 50,
            "created_time": "2025-04-24T13:11:13.310584Z",
            "yes_price": 3,
            "no_price": 97,
            "taker_side": "no"
        },
        {
            "trade_id": "b890fde0-e99a-4410-9357-c3b3092155c8",
            "ticker": "KXHIGHAUS-25APR24-T83",
            "count": 50,
            "created_time": "2025-04-24T13:10:56.847372Z",
            "yes_price": 4,
            "no_price": 96,
            "taker_side": "yes"
        },
        {
            "trade_id": "4d368e88-3a26-4858-b4e1-e22fc81a8421",
            "ticker": "KXHIGHAUS-25APR24-T83",
            "count": 57,
            "created_time": "2025-04-24T13:10:56.847372Z",
            "yes_price": 4,
            "no_price": 96,
            "taker_side": "yes"
        },
        {
            "trade_id": "ca6b7ce1-821d-4e72-83d4-94306905f287",
            "ticker": "KXHIGHAUS-25APR24-T83",
            "count": 133,
            "created_time": "2025-04-24T13:09:21.82805Z",
            "yes_price": 3,
            "no_price": 97,
            "taker_side": "yes"
        },
        {
            "trade_id": "97e0b74e-46e3-4727-9c1c-16db7befbe6e",
            "ticker": "KXHIGHAUS-25APR24-T83",
            "count": 17,
            "created_time": "2025-04-24T13:00:52.63285Z",
            "yes_price": 3,
            "no_price": 97,
            "taker_side": "no"
        },
        {
            "trade_id": "91de9d41-abbb-4867-bb78-4ac119148ce3",
            "ticker": "KXHIGHAUS-25APR24-T83",
            "count": 58,
            "created_time": "2025-04-24T12:59:41.908811Z",
            "yes_price": 3,
            "no_price": 97,
            "taker_side": "no"
        },
        {
            "trade_id": "0f7c78cd-8bad-4be3-b467-713174bbc353",
            "ticker": "KXHIGHAUS-25APR24-T83",
            "count": 50,
            "created_time": "2025-04-24T12:59:41.908811Z",
            "yes_price": 3,
            "no_price": 97,
            "taker_side": "no"
        },
        {
            "trade_id": "9204c39d-bcd5-4b97-9e14-37eeb844251a",
            "ticker": "KXHIGHAUS-25APR24-T83",
            "count": 115,
            "created_time": "2025-04-24T12:58:23.97371Z",
            "yes_price": 3,
            "no_price": 97,
            "taker_side": "no"
        },
        {
            "trade_id": "7feab179-2ab8-4590-b798-00248ee30be9",
            "ticker": "KXHIGHAUS-25APR24-T83",
            "count": 50,
            "created_time": "2025-04-24T12:57:52.219827Z",
            "yes_price": 4,
            "no_price": 96,
            "taker_side": "no"
        },
        {
            "trade_id": "74a0a63a-a783-4172-9002-55126efd277e",
            "ticker": "KXHIGHAUS-25APR24-T83",
            "count": 74,
            "created_time": "2025-04-24T12:57:52.219827Z",
            "yes_price": 4,
            "no_price": 96,
            "taker_side": "no"
        },
        {
            "trade_id": "2e67bead-127d-48d9-b435-ac45a387769f",
            "ticker": "KXHIGHAUS-25APR24-T83",
            "count": 34,
            "created_time": "2025-04-24T12:57:52.219827Z",
            "yes_price": 4,
            "no_price": 96,
            "taker_side": "no"
        },
        {
            "trade_id": "8c25b855-efba-42f7-9288-9eb075887edb",
            "ticker": "KXHIGHAUS-25APR24-T83",
            "count": 7,
            "created_time": "2025-04-24T12:29:03.732658Z",
            "yes_price": 5,
            "no_price": 95,
            "taker_side": "yes"
        },
        {
            "trade_id": "e26c64fb-618e-4550-848f-fc3e0bd91897",
            "ticker": "KXHIGHAUS-25APR24-T83",
            "count": 12,
            "created_time": "2025-04-24T12:28:53.074061Z",
            "yes_price": 5,
            "no_price": 95,
            "taker_side": "yes"
        },
        {
            "trade_id": "9c6abdc7-a41e-4efa-a516-9d7922e8c058",
            "ticker": "KXHIGHAUS-25APR24-T83",
            "count": 35,
            "created_time": "2025-04-24T12:22:18.063462Z",
            "yes_price": 5,
            "no_price": 95,
            "taker_side": "yes"
        },
        {
            "trade_id": "4ed5cb19-3ee3-475c-a756-be84ac6c2b19",
            "ticker": "KXHIGHAUS-25APR24-T83",
            "count": 82,
            "created_time": "2025-04-24T12:22:18.063462Z",
            "yes_price": 4,
            "no_price": 96,
            "taker_side": "yes"
        },
        {
            "trade_id": "0dd93a42-c5fe-4725-8c77-b00fd5eb72d4",
            "ticker": "KXHIGHAUS-25APR24-T83",
            "count": 8,
            "created_time": "2025-04-24T12:18:23.944166Z",
            "yes_price": 5,
            "no_price": 95,
            "taker_side": "yes"
        },
        {
            "trade_id": "cde56891-905e-4f31-9883-5c44d75f427d",
            "ticker": "KXHIGHAUS-25APR24-T83",
            "count": 119,
            "created_time": "2025-04-24T12:17:59.226837Z",
            "yes_price": 5,
            "no_price": 95,
            "taker_side": "no"
        },
        {
            "trade_id": "0ee28ff7-514d-4610-bb5f-04b2f7f48136",
            "ticker": "KXHIGHAUS-25APR24-T83",
            "count": 71,
            "created_time": "2025-04-24T12:16:53.460455Z",
            "yes_price": 6,
            "no_price": 94,
            "taker_side": "no"
        },
        {
            "trade_id": "a8160a79-485a-4494-89ea-2a7352d1253d",
            "ticker": "KXHIGHAUS-25APR24-T83",
            "count": 152,
            "created_time": "2025-04-24T12:07:06.456495Z",
            "yes_price": 7,
            "no_price": 93,
            "taker_side": "yes"
        },
        {
            "trade_id": "562dcf76-1797-4923-84b4-220e39decd64",
            "ticker": "KXHIGHAUS-25APR24-T83",
            "count": 98,
            "created_time": "2025-04-24T12:07:06.456495Z",
            "yes_price": 9,
            "no_price": 91,
            "taker_side": "yes"
        },
        {
            "trade_id": "b8716aba-53da-4c63-ae1a-69a6496b02c7",
            "ticker": "KXHIGHAUS-25APR24-T83",
            "count": 1,
            "created_time": "2025-04-24T12:07:03.483527Z",
            "yes_price": 7,
            "no_price": 93,
            "taker_side": "no"
        },
        {
            "trade_id": "4199cbf5-b024-4cec-85a6-d573bf335115",
            "ticker": "KXHIGHAUS-25APR24-T83",
            "count": 47,
            "created_time": "2025-04-24T12:07:03.483527Z",
            "yes_price": 7,
            "no_price": 93,
            "taker_side": "no"
        },
        {
            "trade_id": "34c7153b-9c39-4974-8a74-a965dfcdf1c1",
            "ticker": "KXHIGHAUS-25APR24-T83",
            "count": 265,
            "created_time": "2025-04-24T12:06:56.359947Z",
            "yes_price": 8,
            "no_price": 92,
            "taker_side": "yes"
        },
        {
            "trade_id": "7ef0926f-edfa-4ef5-a154-a01a3413673b",
            "ticker": "KXHIGHAUS-25APR24-T83",
            "count": 53,
            "created_time": "2025-04-24T12:06:22.364524Z",
            "yes_price": 8,
            "no_price": 92,
            "taker_side": "yes"
        },
        {
            "trade_id": "733374f0-9d53-4d4d-bbf2-e09bf4449121",
            "ticker": "KXHIGHAUS-25APR24-T83",
            "count": 5,
            "created_time": "2025-04-24T12:05:16.553314Z",
            "yes_price": 7,
            "no_price": 93,
            "taker_side": "no"
        },
        {
            "trade_id": "3feb7b9e-4fb1-4f0c-b969-c93b2c2008b7",
            "ticker": "KXHIGHAUS-25APR24-T83",
            "count": 119,
            "created_time": "2025-04-24T12:03:25.903909Z",
            "yes_price": 8,
            "no_price": 92,
            "taker_side": "yes"
        },
        {
            "trade_id": "8f855e2d-94fc-4428-84dc-033ec5638171",
            "ticker": "KXHIGHAUS-25APR24-T83",
            "count": 33,
            "created_time": "2025-04-24T12:03:22.013339Z",
            "yes_price": 8,
            "no_price": 92,
            "taker_side": "yes"
        },
        {
            "trade_id": "a2448dce-19e9-401e-be17-37677c287f76",
            "ticker": "KXHIGHAUS-25APR24-T83",
            "count": 20,
            "created_time": "2025-04-24T12:02:27.29377Z",
            "yes_price": 8,
            "no_price": 92,
            "taker_side": "yes"
        },
        {
            "trade_id": "b6874b04-0a08-485b-b4b5-7714a91ff012",
            "ticker": "KXHIGHAUS-25APR24-T83",
            "count": 8,
            "created_time": "2025-04-24T12:00:45.127124Z",
            "yes_price": 7,
            "no_price": 93,
            "taker_side": "yes"
        },
        {
            "trade_id": "a1150ead-ba91-4640-98d6-a375e737cf21",
            "ticker": "KXHIGHAUS-25APR24-T83",
            "count": 14,
            "created_time": "2025-04-24T12:00:45.127124Z",
            "yes_price": 8,
            "no_price": 92,
            "taker_side": "yes"
        },
        {
            "trade_id": "a0d43a5e-4ece-447e-9e0b-250d9968bbe7",
            "ticker": "KXHIGHAUS-25APR24-T83",
            "count": 10,
            "created_time": "2025-04-24T12:00:28.697996Z",
            "yes_price": 7,
            "no_price": 93,
            "taker_side": "no"
        },
        {
            "trade_id": "e8d6db53-ad0c-44bc-8483-69e5162e32e5",
            "ticker": "KXHIGHAUS-25APR24-T83",
            "count": 44,
            "created_time": "2025-04-24T12:00:23.483762Z",
            "yes_price": 8,
            "no_price": 92,
            "taker_side": "yes"
        },
        {
            "trade_id": "2ef6b51f-e04a-4607-a182-34d198bbee95",
            "ticker": "KXHIGHAUS-25APR24-T83",
            "count": 300,
            "created_time": "2025-04-24T06:52:38.09256Z",
            "yes_price": 8,
            "no_price": 92,
            "taker_side": "yes"
        },
        {
            "trade_id": "c467aec5-9bf7-43ed-be4e-9f3210641008",
            "ticker": "KXHIGHAUS-25APR24-T83",
            "count": 152,
            "created_time": "2025-04-24T06:30:45.896776Z",
            "yes_price": 8,
            "no_price": 92,
            "taker_side": "yes"
        },
        {
            "trade_id": "c851217a-7082-4f3f-98c0-1c6b55546dab",
            "ticker": "KXHIGHAUS-25APR24-T83",
            "count": 32,
            "created_time": "2025-04-24T06:29:41.520892Z",
            "yes_price": 7,
            "no_price": 93,
            "taker_side": "yes"
        },
        {
            "trade_id": "a2c3b1c9-c7d2-4fe9-8b25-26ebe0ed0475",
            "ticker": "KXHIGHAUS-25APR24-T83",
            "count": 85,
            "created_time": "2025-04-24T06:28:38.723641Z",
            "yes_price": 6,
            "no_price": 94,
            "taker_side": "no"
        },
        {
            "trade_id": "67e1a845-c722-4296-bfef-485bccafbfcc",
            "ticker": "KXHIGHAUS-25APR24-T83",
            "count": 85,
            "created_time": "2025-04-24T06:28:37.364247Z",
            "yes_price": 6,
            "no_price": 94,
            "taker_side": "yes"
        },
        {
            "trade_id": "2c74ea83-2513-4e61-a160-47d2c30c4c8b",
            "ticker": "KXHIGHAUS-25APR24-T83",
            "count": 33,
            "created_time": "2025-04-24T06:27:36.596396Z",
            "yes_price": 5,
            "no_price": 95,
            "taker_side": "no"
        },
        {
            "trade_id": "c281eecb-927b-487a-9ab9-fa5d6feae377",
            "ticker": "KXHIGHAUS-25APR24-T83",
            "count": 34,
            "created_time": "2025-04-24T06:27:35.18978Z",
            "yes_price": 5,
            "no_price": 95,
            "taker_side": "yes"
        },
        {
            "trade_id": "f780e7fa-615b-4100-b576-06db9f74667b",
            "ticker": "KXHIGHAUS-25APR24-T83",
            "count": 240,
            "created_time": "2025-04-24T06:11:39.741429Z",
            "yes_price": 6,
            "no_price": 94,
            "taker_side": "yes"
        },
        {
            "trade_id": "1539a7cc-6327-4b7c-89c2-ac5a64b3506c",
            "ticker": "KXHIGHAUS-25APR24-T83",
            "count": 5,
            "created_time": "2025-04-24T06:11:32.490706Z",
            "yes_price": 4,
            "no_price": 96,
            "taker_side": "no"
        },
        {
            "trade_id": "e40b4238-bce7-40aa-810a-1fe1f33e3e62",
            "ticker": "KXHIGHAUS-25APR24-T83",
            "count": 1,
            "created_time": "2025-04-24T05:57:17.295671Z",
            "yes_price": 4,
            "no_price": 96,
            "taker_side": "no"
        },
        {
            "trade_id": "78f79190-8cc4-4357-8ccb-427b5930044d",
            "ticker": "KXHIGHAUS-25APR24-T83",
            "count": 7,
            "created_time": "2025-04-24T05:54:22.773797Z",
            "yes_price": 4,
            "no_price": 96,
            "taker_side": "no"
        },
        {
            "trade_id": "aa46995b-6e9e-45d0-95a3-e4f58dd82a01",
            "ticker": "KXHIGHAUS-25APR24-T83",
            "count": 117,
            "created_time": "2025-04-24T05:51:19.6536Z",
            "yes_price": 4,
            "no_price": 96,
            "taker_side": "no"
        },
        {
            "trade_id": "ee2f247f-c5ee-43fa-aae2-e7f2caf839f9",
            "ticker": "KXHIGHAUS-25APR24-T83",
            "count": 93,
            "created_time": "2025-04-24T05:50:11.350823Z",
            "yes_price": 7,
            "no_price": 93,
            "taker_side": "yes"
        },
        {
            "trade_id": "e66a3a3f-71df-4fd8-8300-1e9e6ec09533",
            "ticker": "KXHIGHAUS-25APR24-T83",
            "count": 4,
            "created_time": "2025-04-24T05:50:11.350823Z",
            "yes_price": 5,
            "no_price": 95,
            "taker_side": "yes"
        },
        {
            "trade_id": "a22d1a27-5ab7-40f7-9593-1495714d6920",
            "ticker": "KXHIGHAUS-25APR24-T83",
            "count": 240,
            "created_time": "2025-04-24T05:50:11.350823Z",
            "yes_price": 7,
            "no_price": 93,
            "taker_side": "yes"
        },
        {
            "trade_id": "cc0fdd9d-9cac-4844-9a87-8a7db9136e7d",
            "ticker": "KXHIGHAUS-25APR24-T83",
            "count": 36,
            "created_time": "2025-04-24T05:49:36.737794Z",
            "yes_price": 3,
            "no_price": 97,
            "taker_side": "yes"
        },
        {
            "trade_id": "c5082aa7-b163-475d-9e85-75fb38026051",
            "ticker": "KXHIGHAUS-25APR24-T83",
            "count": 240,
            "created_time": "2025-04-24T05:49:36.737794Z",
            "yes_price": 5,
            "no_price": 95,
            "taker_side": "yes"
        },
        {
            "trade_id": "50f5dc36-c7d4-4774-9b58-d28435dbb94d",
            "ticker": "KXHIGHAUS-25APR24-T83",
            "count": 240,
            "created_time": "2025-04-24T05:49:36.737794Z",
            "yes_price": 4,
            "no_price": 96,
            "taker_side": "yes"
        },
        {
            "trade_id": "de45aae9-d019-418e-a36f-847ba93a99f0",
            "ticker": "KXHIGHAUS-25APR24-T83",
            "count": 30,
            "created_time": "2025-04-24T04:07:22.751985Z",
            "yes_price": 3,
            "no_price": 97,
            "taker_side": "yes"
        },
        {
            "trade_id": "4dfe7957-6ad5-414b-a045-9fa56b5eb3cb",
            "ticker": "KXHIGHAUS-25APR24-T83",
            "count": 2,
            "created_time": "2025-04-24T03:26:32.781727Z",
            "yes_price": 3,
            "no_price": 97,
            "taker_side": "yes"
        },
        {
            "trade_id": "27bb87c4-83b9-449e-980d-cc0644561d5d",
            "ticker": "KXHIGHAUS-25APR24-T83",
            "count": 1,
            "created_time": "2025-04-24T03:26:32.781727Z",
            "yes_price": 3,
            "no_price": 97,
            "taker_side": "yes"
        },
        {
            "trade_id": "e1877a51-004e-463b-99b8-e240a00a1943",
            "ticker": "KXHIGHAUS-25APR24-T83",
            "count": 44,
            "created_time": "2025-04-24T03:05:03.104828Z",
            "yes_price": 3,
            "no_price": 97,
            "taker_side": "yes"
        },
        {
            "trade_id": "507a4925-df9b-40d6-8ac3-8f9dc7b5c606",
            "ticker": "KXHIGHAUS-25APR24-T83",
            "count": 6,
            "created_time": "2025-04-24T03:05:03.104828Z",
            "yes_price": 3,
            "no_price": 97,
            "taker_side": "yes"
        },
        {
            "trade_id": "7b8cd972-04bb-427a-8629-8589911862d6",
            "ticker": "KXHIGHAUS-25APR24-T83",
            "count": 70,
            "created_time": "2025-04-24T03:02:58.453957Z",
            "yes_price": 3,
            "no_price": 97,
            "taker_side": "yes"
        },
        {
            "trade_id": "52b1e1dd-929b-4019-a125-6e7c23f33c08",
            "ticker": "KXHIGHAUS-25APR24-T83",
            "count": 50,
            "created_time": "2025-04-24T02:24:49.231592Z",
            "yes_price": 3,
            "no_price": 97,
            "taker_side": "yes"
        },
        {
            "trade_id": "8cf0bd7a-6858-4260-8976-e9f3dbe70ef1",
            "ticker": "KXHIGHAUS-25APR24-T83",
            "count": 20,
            "created_time": "2025-04-23T20:49:39.343286Z",
            "yes_price": 10,
            "no_price": 90,
            "taker_side": "no"
        },
        {
            "trade_id": "50000d59-960b-4967-8873-f0eeefac8d89",
            "ticker": "KXHIGHAUS-25APR24-T83",
            "count": 30,
            "created_time": "2025-04-23T20:15:16.312313Z",
            "yes_price": 10,
            "no_price": 90,
            "taker_side": "no"
        },
        {
            "trade_id": "a92390ba-9cf5-421d-93c4-bdbb8b876813",
            "ticker": "KXHIGHAUS-25APR24-T83",
            "count": 1,
            "created_time": "2025-04-23T18:00:27.830084Z",
            "yes_price": 15,
            "no_price": 85,
            "taker_side": "yes"
        },
        {
            "trade_id": "9caab152-83db-4355-ac36-af469a887207",
            "ticker": "KXHIGHAUS-25APR24-T83",
            "count": 50,
            "created_time": "2025-04-23T18:00:27.830084Z",
            "yes_price": 15,
            "no_price": 85,
            "taker_side": "yes"
        },
        {
            "trade_id": "6cfe7365-c89c-4d6f-80d9-8af416e5bf4a",
            "ticker": "KXHIGHAUS-25APR24-T83",
            "count": 5,
            "created_time": "2025-04-23T17:57:21.051045Z",
            "yes_price": 14,
            "no_price": 86,
            "taker_side": "yes"
        },
        {
            "trade_id": "58549d68-510b-43b8-bec1-d40049fcd798",
            "ticker": "KXHIGHAUS-25APR24-T83",
            "count": 14,
            "created_time": "2025-04-23T17:54:33.612081Z",
            "yes_price": 13,
            "no_price": 87,
            "taker_side": "yes"
        },
        {
            "trade_id": "78145959-644f-40ac-be30-fc72666f6f71",
            "ticker": "KXHIGHAUS-25APR24-T83",
            "count": 66,
            "created_time": "2025-04-23T17:51:00.153177Z",
            "yes_price": 11,
            "no_price": 89,
            "taker_side": "no"
        },
        {
            "trade_id": "c7229c0a-4c95-46a0-801a-406e15a2c60a",
            "ticker": "KXHIGHAUS-25APR24-T83",
            "count": 50,
            "created_time": "2025-04-23T17:49:39.989782Z",
            "yes_price": 11,
            "no_price": 89,
            "taker_side": "no"
        },
        {
            "trade_id": "4a7500e4-0367-4e2f-8584-0f88390c19dd",
            "ticker": "KXHIGHAUS-25APR24-T83",
            "count": 118,
            "created_time": "2025-04-23T17:49:21.8741Z",
            "yes_price": 12,
            "no_price": 88,
            "taker_side": "no"
        },
        {
            "trade_id": "51b2484a-36ce-466d-8cd9-3bdc351356ad",
            "ticker": "KXHIGHAUS-25APR24-T83",
            "count": 83,
            "created_time": "2025-04-23T17:49:05.137555Z",
            "yes_price": 13,
            "no_price": 87,
            "taker_side": "no"
        },
        {
            "trade_id": "57fc19db-dd5d-4f83-930e-1921bb264cfd",
            "ticker": "KXHIGHAUS-25APR24-T83",
            "count": 9,
            "created_time": "2025-04-23T14:36:22.450808Z",
            "yes_price": 16,
            "no_price": 84,
            "taker_side": "yes"
        },
        {
            "trade_id": "c467ec09-4fbe-4737-8332-c83e9223b6eb",
            "ticker": "KXHIGHAUS-25APR24-T83",
            "count": 4,
            "created_time": "2025-04-23T14:31:00.451564Z",
            "yes_price": 15,
            "no_price": 85,
            "taker_side": "yes"
        },
        {
            "trade_id": "0fecc198-927f-4749-a1e6-a77732cabc89",
            "ticker": "KXHIGHAUS-25APR24-T83",
            "count": 5,
            "created_time": "2025-04-23T14:30:17.305265Z",
            "yes_price": 15,
            "no_price": 85,
            "taker_side": "no"
        },
        {
            "trade_id": "f126a0cb-416d-401a-b72b-0fa2252b3fe4",
            "ticker": "KXHIGHAUS-25APR24-T83",
            "count": 11,
            "created_time": "2025-04-23T14:25:16.632706Z",
            "yes_price": 14,
            "no_price": 86,
            "taker_side": "no"
        },
        {
            "trade_id": "9e188b57-604d-4d96-bffd-488163df60ca",
            "ticker": "KXHIGHAUS-25APR24-T83",
            "count": 9,
            "created_time": "2025-04-23T14:21:23.385924Z",
            "yes_price": 10,
            "no_price": 90,
            "taker_side": "yes"
        }
    ],
    "KXHIGHAUS-25APR24-B83.5": [
        {
            "trade_id": "bf6f29fd-24b6-46dd-99f2-84a5ba3bd348",
            "ticker": "KXHIGHAUS-25APR24-B83.5",
            "count": 89,
            "created_time": "2025-04-24T18:40:34.941949Z",
            "yes_price": 1,
            "no_price": 99,
            "taker_side": "yes"
        },
        {
            "trade_id": "a274366c-7a9f-43ec-91b5-f972fa0e6cc5",
            "ticker": "KXHIGHAUS-25APR24-B83.5",
            "count": 100,
            "created_time": "2025-04-24T18:39:49.33496Z",
            "yes_price": 1,
            "no_price": 99,
            "taker_side": "yes"
        },
        {
            "trade_id": "94c02271-fa22-49f5-a3f6-f63ec29dc4ef",
            "ticker": "KXHIGHAUS-25APR24-B83.5",
            "count": 100,
            "created_time": "2025-04-24T18:38:19.721746Z",
            "yes_price": 1,
            "no_price": 99,
            "taker_side": "no"
        },
        {
            "trade_id": "79a55bfd-dca7-4526-8ae7-cac97f178229",
            "ticker": "KXHIGHAUS-25APR24-B83.5",
            "count": 5,
            "created_time": "2025-04-24T18:38:19.721746Z",
            "yes_price": 4,
            "no_price": 96,
            "taker_side": "no"
        },
        {
            "trade_id": "69b03f60-a7bd-48a2-8ada-345c3c3bd0c8",
            "ticker": "KXHIGHAUS-25APR24-B83.5",
            "count": 100,
            "created_time": "2025-04-24T18:38:19.721746Z",
            "yes_price": 1,
            "no_price": 99,
            "taker_side": "no"
        },
        {
            "trade_id": "35f6bccf-7319-4409-95f8-a58574221819",
            "ticker": "KXHIGHAUS-25APR24-B83.5",
            "count": 50,
            "created_time": "2025-04-24T18:38:19.721746Z",
            "yes_price": 3,
            "no_price": 97,
            "taker_side": "no"
        },
        {
            "trade_id": "22825a5b-970e-452f-94e8-9b74eb3c79b6",
            "ticker": "KXHIGHAUS-25APR24-B83.5",
            "count": 50,
            "created_time": "2025-04-24T18:38:19.721746Z",
            "yes_price": 2,
            "no_price": 98,
            "taker_side": "no"
        },
        {
            "trade_id": "d37fdf30-c34b-47a4-990d-b82ad1f98b9b",
            "ticker": "KXHIGHAUS-25APR24-B83.5",
            "count": 150,
            "created_time": "2025-04-24T18:22:37.82356Z",
            "yes_price": 16,
            "no_price": 84,
            "taker_side": "yes"
        },
        {
            "trade_id": "b5e59be4-1efd-43dd-8e57-83bd1f3c2d5b",
            "ticker": "KXHIGHAUS-25APR24-B83.5",
            "count": 50,
            "created_time": "2025-04-24T18:22:37.82356Z",
            "yes_price": 10,
            "no_price": 90,
            "taker_side": "yes"
        },
        {
            "trade_id": "65e3bb2c-6c2a-4239-bc7b-3da26429c6f5",
            "ticker": "KXHIGHAUS-25APR24-B83.5",
            "count": 200,
            "created_time": "2025-04-24T18:22:37.82356Z",
            "yes_price": 11,
            "no_price": 89,
            "taker_side": "yes"
        },
        {
            "trade_id": "76fd5b5f-121e-4acd-81bc-94a163669d08",
            "ticker": "KXHIGHAUS-25APR24-B83.5",
            "count": 3,
            "created_time": "2025-04-24T18:19:51.170843Z",
            "yes_price": 16,
            "no_price": 84,
            "taker_side": "yes"
        },
        {
            "trade_id": "47b45e3a-163a-4ac4-a693-a1d28926e526",
            "ticker": "KXHIGHAUS-25APR24-B83.5",
            "count": 2,
            "created_time": "2025-04-24T18:19:51.170843Z",
            "yes_price": 17,
            "no_price": 83,
            "taker_side": "yes"
        },
        {
            "trade_id": "4c74aaff-ef2e-49ff-9685-285f40e8338e",
            "ticker": "KXHIGHAUS-25APR24-B83.5",
            "count": 49,
            "created_time": "2025-04-24T18:16:42.550295Z",
            "yes_price": 18,
            "no_price": 82,
            "taker_side": "yes"
        },
        {
            "trade_id": "0b9e02d6-793a-4e1a-8aad-afb79d0968bb",
            "ticker": "KXHIGHAUS-25APR24-B83.5",
            "count": 3,
            "created_time": "2025-04-24T18:16:42.550295Z",
            "yes_price": 18,
            "no_price": 82,
            "taker_side": "yes"
        },
        {
            "trade_id": "d1aa8d38-4456-4480-8956-54cdbfb718be",
            "ticker": "KXHIGHAUS-25APR24-B83.5",
            "count": 26,
            "created_time": "2025-04-24T18:16:18.307379Z",
            "yes_price": 18,
            "no_price": 82,
            "taker_side": "yes"
        },
        {
            "trade_id": "96823969-fbf7-4991-baab-d2d939b101c5",
            "ticker": "KXHIGHAUS-25APR24-B83.5",
            "count": 3,
            "created_time": "2025-04-24T18:16:18.307379Z",
            "yes_price": 17,
            "no_price": 83,
            "taker_side": "yes"
        },
        {
            "trade_id": "feb12ed3-58f7-40a4-9aa9-9caddb7e22b7",
            "ticker": "KXHIGHAUS-25APR24-B83.5",
            "count": 4,
            "created_time": "2025-04-24T18:12:59.748369Z",
            "yes_price": 18,
            "no_price": 82,
            "taker_side": "yes"
        },
        {
            "trade_id": "ec2199d4-c2ea-4c99-b9a5-3c1fd302f26a",
            "ticker": "KXHIGHAUS-25APR24-B83.5",
            "count": 21,
            "created_time": "2025-04-24T18:12:59.748369Z",
            "yes_price": 19,
            "no_price": 81,
            "taker_side": "yes"
        },
        {
            "trade_id": "5168a361-973a-4703-a88a-a27582a0a38c",
            "ticker": "KXHIGHAUS-25APR24-B83.5",
            "count": 111,
            "created_time": "2025-04-24T18:12:19.270186Z",
            "yes_price": 17,
            "no_price": 83,
            "taker_side": "yes"
        },
        {
            "trade_id": "ea859b09-46bd-4fb2-a06d-fbbba63d73cc",
            "ticker": "KXHIGHAUS-25APR24-B83.5",
            "count": 3,
            "created_time": "2025-04-24T18:04:14.24796Z",
            "yes_price": 19,
            "no_price": 81,
            "taker_side": "yes"
        },
        {
            "trade_id": "d6369de2-6eaa-46df-89f4-3887e8a0e89c",
            "ticker": "KXHIGHAUS-25APR24-B83.5",
            "count": 2,
            "created_time": "2025-04-24T18:04:14.24796Z",
            "yes_price": 18,
            "no_price": 82,
            "taker_side": "yes"
        },
        {
            "trade_id": "2b41502c-c2a3-41f8-be77-e1bcd99841d1",
            "ticker": "KXHIGHAUS-25APR24-B83.5",
            "count": 1,
            "created_time": "2025-04-24T18:03:48.234643Z",
            "yes_price": 18,
            "no_price": 82,
            "taker_side": "no"
        },
        {
            "trade_id": "63cfd8ea-0d66-4872-94c6-fde0fa242032",
            "ticker": "KXHIGHAUS-25APR24-B83.5",
            "count": 2,
            "created_time": "2025-04-24T18:03:48.168515Z",
            "yes_price": 18,
            "no_price": 82,
            "taker_side": "yes"
        },
        {
            "trade_id": "fdd4b49b-6251-418f-b56a-6c6a4b3581fa",
            "ticker": "KXHIGHAUS-25APR24-B83.5",
            "count": 5,
            "created_time": "2025-04-24T17:59:49.169684Z",
            "yes_price": 19,
            "no_price": 81,
            "taker_side": "yes"
        },
        {
            "trade_id": "e2b77124-ffbe-4d4c-b18a-011d64d09a5f",
            "ticker": "KXHIGHAUS-25APR24-B83.5",
            "count": 89,
            "created_time": "2025-04-24T17:56:39.146543Z",
            "yes_price": 6,
            "no_price": 94,
            "taker_side": "yes"
        },
        {
            "trade_id": "41c8ec5b-732f-42dc-bb91-47aaa17fdf81",
            "ticker": "KXHIGHAUS-25APR24-B83.5",
            "count": 66,
            "created_time": "2025-04-24T17:41:36.992911Z",
            "yes_price": 5,
            "no_price": 95,
            "taker_side": "yes"
        },
        {
            "trade_id": "b71d91a8-81e0-42a6-9487-e1a9b57d5002",
            "ticker": "KXHIGHAUS-25APR24-B83.5",
            "count": 177,
            "created_time": "2025-04-24T17:29:01.247099Z",
            "yes_price": 2,
            "no_price": 98,
            "taker_side": "no"
        },
        {
            "trade_id": "9ffa1937-f505-41c0-b74f-14a3531087f9",
            "ticker": "KXHIGHAUS-25APR24-B83.5",
            "count": 45,
            "created_time": "2025-04-24T17:29:01.247099Z",
            "yes_price": 5,
            "no_price": 95,
            "taker_side": "no"
        },
        {
            "trade_id": "9fa7baa6-c62f-4076-98b1-e87e01be535d",
            "ticker": "KXHIGHAUS-25APR24-B83.5",
            "count": 16,
            "created_time": "2025-04-24T17:29:01.247099Z",
            "yes_price": 5,
            "no_price": 95,
            "taker_side": "no"
        },
        {
            "trade_id": "95d4d951-5cbd-4039-9e1c-8aea6e3200fc",
            "ticker": "KXHIGHAUS-25APR24-B83.5",
            "count": 2,
            "created_time": "2025-04-24T17:19:26.940143Z",
            "yes_price": 5,
            "no_price": 95,
            "taker_side": "no"
        },
        {
            "trade_id": "8249256a-2681-4f56-9213-f1c8e3c225e2",
            "ticker": "KXHIGHAUS-25APR24-B83.5",
            "count": 3,
            "created_time": "2025-04-24T17:11:05.256532Z",
            "yes_price": 5,
            "no_price": 95,
            "taker_side": "no"
        },
        {
            "trade_id": "c43174ce-78bd-4e59-bd2a-b9bfcbe6acce",
            "ticker": "KXHIGHAUS-25APR24-B83.5",
            "count": 50,
            "created_time": "2025-04-24T16:56:32.256692Z",
            "yes_price": 6,
            "no_price": 94,
            "taker_side": "no"
        },
        {
            "trade_id": "a6f92d76-bc1e-4c6b-903f-6075c98d40aa",
            "ticker": "KXHIGHAUS-25APR24-B83.5",
            "count": 50,
            "created_time": "2025-04-24T16:56:32.256692Z",
            "yes_price": 6,
            "no_price": 94,
            "taker_side": "no"
        },
        {
            "trade_id": "a2be55a8-5c13-4b3b-ab0e-687d1f8e7728",
            "ticker": "KXHIGHAUS-25APR24-B83.5",
            "count": 139,
            "created_time": "2025-04-24T16:56:12.354287Z",
            "yes_price": 8,
            "no_price": 92,
            "taker_side": "no"
        },
        {
            "trade_id": "0648d85c-abc5-41e9-bb32-021aa34d48ef",
            "ticker": "KXHIGHAUS-25APR24-B83.5",
            "count": 7,
            "created_time": "2025-04-24T16:39:30.849683Z",
            "yes_price": 13,
            "no_price": 87,
            "taker_side": "yes"
        },
        {
            "trade_id": "d89259d3-5b4e-42ed-964b-d729acaaaca5",
            "ticker": "KXHIGHAUS-25APR24-B83.5",
            "count": 50,
            "created_time": "2025-04-24T16:06:40.852726Z",
            "yes_price": 8,
            "no_price": 92,
            "taker_side": "no"
        },
        {
            "trade_id": "9d2e9e8c-1f06-46da-8a67-062e5f87f4a3",
            "ticker": "KXHIGHAUS-25APR24-B83.5",
            "count": 16,
            "created_time": "2025-04-24T16:06:40.852726Z",
            "yes_price": 8,
            "no_price": 92,
            "taker_side": "no"
        },
        {
            "trade_id": "75c77ef1-d2be-4217-9b11-3f6982c2e6f4",
            "ticker": "KXHIGHAUS-25APR24-B83.5",
            "count": 1,
            "created_time": "2025-04-24T15:52:21.232985Z",
            "yes_price": 11,
            "no_price": 89,
            "taker_side": "no"
        },
        {
            "trade_id": "9fe5f516-60ae-4617-bbf4-c058f3dd5243",
            "ticker": "KXHIGHAUS-25APR24-B83.5",
            "count": 36,
            "created_time": "2025-04-24T15:44:51.32596Z",
            "yes_price": 13,
            "no_price": 87,
            "taker_side": "yes"
        },
        {
            "trade_id": "f469e4d9-ba18-43e7-a1cb-bcd482f4836d",
            "ticker": "KXHIGHAUS-25APR24-B83.5",
            "count": 9,
            "created_time": "2025-04-24T15:42:54.397761Z",
            "yes_price": 10,
            "no_price": 90,
            "taker_side": "no"
        },
        {
            "trade_id": "a63dd0dd-266d-42b3-884e-95b13c6cf958",
            "ticker": "KXHIGHAUS-25APR24-B83.5",
            "count": 50,
            "created_time": "2025-04-24T15:42:54.397761Z",
            "yes_price": 11,
            "no_price": 89,
            "taker_side": "no"
        },
        {
            "trade_id": "2587e706-f1df-442c-9ed4-203ddf5d775d",
            "ticker": "KXHIGHAUS-25APR24-B83.5",
            "count": 30,
            "created_time": "2025-04-24T15:42:54.397761Z",
            "yes_price": 11,
            "no_price": 89,
            "taker_side": "no"
        },
        {
            "trade_id": "bb8c1226-5f52-478c-ba71-812cdda779a3",
            "ticker": "KXHIGHAUS-25APR24-B83.5",
            "count": 168,
            "created_time": "2025-04-24T15:30:20.98053Z",
            "yes_price": 13,
            "no_price": 87,
            "taker_side": "no"
        },
        {
            "trade_id": "866bd6e1-505d-48b9-8a10-780b896a4971",
            "ticker": "KXHIGHAUS-25APR24-B83.5",
            "count": 2,
            "created_time": "2025-04-24T15:30:20.98053Z",
            "yes_price": 12,
            "no_price": 88,
            "taker_side": "no"
        },
        {
            "trade_id": "0b5ea8bd-6b9b-46c4-aea3-a0cf3452a430",
            "ticker": "KXHIGHAUS-25APR24-B83.5",
            "count": 22,
            "created_time": "2025-04-24T15:12:50.72741Z",
            "yes_price": 13,
            "no_price": 87,
            "taker_side": "yes"
        },
        {
            "trade_id": "c377d1b6-6a5f-40ef-9114-67ab3ebc92d3",
            "ticker": "KXHIGHAUS-25APR24-B83.5",
            "count": 48,
            "created_time": "2025-04-24T15:11:50.51703Z",
            "yes_price": 13,
            "no_price": 87,
            "taker_side": "yes"
        },
        {
            "trade_id": "38756baa-1c8a-43f9-a534-9025047d0b38",
            "ticker": "KXHIGHAUS-25APR24-B83.5",
            "count": 8,
            "created_time": "2025-04-24T14:57:34.396888Z",
            "yes_price": 12,
            "no_price": 88,
            "taker_side": "no"
        },
        {
            "trade_id": "1b33f286-24d6-4e5f-a825-8f4ea611c7b9",
            "ticker": "KXHIGHAUS-25APR24-B83.5",
            "count": 50,
            "created_time": "2025-04-24T14:57:34.396888Z",
            "yes_price": 12,
            "no_price": 88,
            "taker_side": "no"
        },
        {
            "trade_id": "189b573b-1766-4426-be3b-42ff81004345",
            "ticker": "KXHIGHAUS-25APR24-B83.5",
            "count": 8,
            "created_time": "2025-04-24T14:42:10.200723Z",
            "yes_price": 13,
            "no_price": 87,
            "taker_side": "no"
        },
        {
            "trade_id": "a4ee2447-6035-4819-8545-5182a1de00ed",
            "ticker": "KXHIGHAUS-25APR24-B83.5",
            "count": 5,
            "created_time": "2025-04-24T14:12:55.953032Z",
            "yes_price": 13,
            "no_price": 87,
            "taker_side": "yes"
        },
        {
            "trade_id": "bfc5fb02-943e-4f20-a35d-d8126c537740",
            "ticker": "KXHIGHAUS-25APR24-B83.5",
            "count": 52,
            "created_time": "2025-04-24T14:12:55.754142Z",
            "yes_price": 14,
            "no_price": 86,
            "taker_side": "yes"
        },
        {
            "trade_id": "a2b74537-a022-43e5-8226-b3f80161087b",
            "ticker": "KXHIGHAUS-25APR24-B83.5",
            "count": 8,
            "created_time": "2025-04-24T14:11:42.183197Z",
            "yes_price": 13,
            "no_price": 87,
            "taker_side": "yes"
        },
        {
            "trade_id": "21154bc4-603b-48b1-968f-4801da56aef0",
            "ticker": "KXHIGHAUS-25APR24-B83.5",
            "count": 1,
            "created_time": "2025-04-24T14:06:03.670365Z",
            "yes_price": 12,
            "no_price": 88,
            "taker_side": "no"
        },
        {
            "trade_id": "8ba57f1a-fcc1-4de0-8c52-516807ec8cdc",
            "ticker": "KXHIGHAUS-25APR24-B83.5",
            "count": 2,
            "created_time": "2025-04-24T13:55:38.053223Z",
            "yes_price": 13,
            "no_price": 87,
            "taker_side": "yes"
        },
        {
            "trade_id": "deebadb4-b1c3-4e7e-a3ff-2596944b1635",
            "ticker": "KXHIGHAUS-25APR24-B83.5",
            "count": 2,
            "created_time": "2025-04-24T13:52:42.990381Z",
            "yes_price": 14,
            "no_price": 86,
            "taker_side": "no"
        },
        {
            "trade_id": "b866617b-1a58-4c4b-bb17-e360e6a72aeb",
            "ticker": "KXHIGHAUS-25APR24-B83.5",
            "count": 81,
            "created_time": "2025-04-24T13:52:42.990381Z",
            "yes_price": 8,
            "no_price": 92,
            "taker_side": "no"
        },
        {
            "trade_id": "6b6a25f5-4a26-4b75-acd0-055f6af9f33a",
            "ticker": "KXHIGHAUS-25APR24-B83.5",
            "count": 10,
            "created_time": "2025-04-24T13:52:42.990381Z",
            "yes_price": 12,
            "no_price": 88,
            "taker_side": "no"
        },
        {
            "trade_id": "636ddcfc-7e0d-483c-adb1-3e544a54ca7a",
            "ticker": "KXHIGHAUS-25APR24-B83.5",
            "count": 4,
            "created_time": "2025-04-24T13:52:42.990381Z",
            "yes_price": 8,
            "no_price": 92,
            "taker_side": "no"
        },
        {
            "trade_id": "5a5138b4-a36c-4422-9ffc-6619c0840b2e",
            "ticker": "KXHIGHAUS-25APR24-B83.5",
            "count": 20,
            "created_time": "2025-04-24T13:52:42.990381Z",
            "yes_price": 10,
            "no_price": 90,
            "taker_side": "no"
        },
        {
            "trade_id": "51b3bb40-2047-485a-9c5d-bf28004e1055",
            "ticker": "KXHIGHAUS-25APR24-B83.5",
            "count": 6,
            "created_time": "2025-04-24T13:52:42.990381Z",
            "yes_price": 9,
            "no_price": 91,
            "taker_side": "no"
        },
        {
            "trade_id": "4e50ee24-811a-4c63-a880-533844d360eb",
            "ticker": "KXHIGHAUS-25APR24-B83.5",
            "count": 2,
            "created_time": "2025-04-24T13:52:42.990381Z",
            "yes_price": 8,
            "no_price": 92,
            "taker_side": "no"
        },
        {
            "trade_id": "498a707f-7aa8-47cf-ab33-315bd3fd271c",
            "ticker": "KXHIGHAUS-25APR24-B83.5",
            "count": 50,
            "created_time": "2025-04-24T13:52:42.990381Z",
            "yes_price": 13,
            "no_price": 87,
            "taker_side": "no"
        },
        {
            "trade_id": "41f8e99d-2fff-490a-a84b-310231bf89f9",
            "ticker": "KXHIGHAUS-25APR24-B83.5",
            "count": 40,
            "created_time": "2025-04-24T13:52:42.990381Z",
            "yes_price": 11,
            "no_price": 89,
            "taker_side": "no"
        },
        {
            "trade_id": "1f15706e-11a9-4404-971e-88be4f124f6a",
            "ticker": "KXHIGHAUS-25APR24-B83.5",
            "count": 2,
            "created_time": "2025-04-24T13:52:42.990381Z",
            "yes_price": 15,
            "no_price": 85,
            "taker_side": "no"
        },
        {
            "trade_id": "fa075952-49d1-4b7f-b3e7-18a23e846745",
            "ticker": "KXHIGHAUS-25APR24-B83.5",
            "count": 2,
            "created_time": "2025-04-24T13:51:44.222685Z",
            "yes_price": 16,
            "no_price": 84,
            "taker_side": "yes"
        },
        {
            "trade_id": "f2fac8e0-bbaa-4540-b80e-b13fbb6298e7",
            "ticker": "KXHIGHAUS-25APR24-B83.5",
            "count": 1,
            "created_time": "2025-04-24T13:51:24.463466Z",
            "yes_price": 17,
            "no_price": 83,
            "taker_side": "no"
        },
        {
            "trade_id": "c05913a7-21ac-4740-ae32-95685d1ef40e",
            "ticker": "KXHIGHAUS-25APR24-B83.5",
            "count": 2,
            "created_time": "2025-04-24T13:51:24.463466Z",
            "yes_price": 18,
            "no_price": 82,
            "taker_side": "no"
        },
        {
            "trade_id": "946032e5-c8fb-4e8d-88af-2586483a884a",
            "ticker": "KXHIGHAUS-25APR24-B83.5",
            "count": 1,
            "created_time": "2025-04-24T13:48:23.912954Z",
            "yes_price": 19,
            "no_price": 81,
            "taker_side": "no"
        },
        {
            "trade_id": "6c88905a-8823-45d9-bd42-ba0ac87334e7",
            "ticker": "KXHIGHAUS-25APR24-B83.5",
            "count": 2,
            "created_time": "2025-04-24T13:48:23.912954Z",
            "yes_price": 20,
            "no_price": 80,
            "taker_side": "no"
        },
        {
            "trade_id": "7b7428db-28b7-4db6-b832-577d05282c1c",
            "ticker": "KXHIGHAUS-25APR24-B83.5",
            "count": 1,
            "created_time": "2025-04-24T13:45:22.104202Z",
            "yes_price": 21,
            "no_price": 79,
            "taker_side": "no"
        },
        {
            "trade_id": "6e7f03fd-a158-45f2-9214-e7110b2724c3",
            "ticker": "KXHIGHAUS-25APR24-B83.5",
            "count": 1,
            "created_time": "2025-04-24T13:45:22.104202Z",
            "yes_price": 23,
            "no_price": 77,
            "taker_side": "no"
        },
        {
            "trade_id": "202e0ac7-0f50-45dc-9dc6-be464c32d440",
            "ticker": "KXHIGHAUS-25APR24-B83.5",
            "count": 1,
            "created_time": "2025-04-24T13:45:22.104202Z",
            "yes_price": 22,
            "no_price": 78,
            "taker_side": "no"
        },
        {
            "trade_id": "e1108437-fca7-40c7-874c-409180b209e7",
            "ticker": "KXHIGHAUS-25APR24-B83.5",
            "count": 1,
            "created_time": "2025-04-24T13:39:11.241319Z",
            "yes_price": 24,
            "no_price": 76,
            "taker_side": "yes"
        },
        {
            "trade_id": "be51050d-56ab-4ddd-9159-9fa32973e757",
            "ticker": "KXHIGHAUS-25APR24-B83.5",
            "count": 1,
            "created_time": "2025-04-24T13:33:56.050117Z",
            "yes_price": 25,
            "no_price": 75,
            "taker_side": "no"
        },
        {
            "trade_id": "b41313f9-63c5-4871-b589-b01138b378fd",
            "ticker": "KXHIGHAUS-25APR24-B83.5",
            "count": 18,
            "created_time": "2025-04-24T13:13:46.250401Z",
            "yes_price": 26,
            "no_price": 74,
            "taker_side": "yes"
        },
        {
            "trade_id": "63ba4d9a-ed8e-470c-84cc-fd66f55afcca",
            "ticker": "KXHIGHAUS-25APR24-B83.5",
            "count": 4,
            "created_time": "2025-04-24T13:13:46.250401Z",
            "yes_price": 26,
            "no_price": 74,
            "taker_side": "yes"
        },
        {
            "trade_id": "25202e0c-4592-415c-9973-3261d1dc31b9",
            "ticker": "KXHIGHAUS-25APR24-B83.5",
            "count": 17,
            "created_time": "2025-04-24T13:11:48.577957Z",
            "yes_price": 25,
            "no_price": 75,
            "taker_side": "yes"
        },
        {
            "trade_id": "17428675-5c09-48bc-87cd-445e0f9a66d3",
            "ticker": "KXHIGHAUS-25APR24-B83.5",
            "count": 17,
            "created_time": "2025-04-24T13:11:48.577957Z",
            "yes_price": 25,
            "no_price": 75,
            "taker_side": "yes"
        },
        {
            "trade_id": "90ac90de-38c5-4f54-b495-b0fbe73cd4a1",
            "ticker": "KXHIGHAUS-25APR24-B83.5",
            "count": 15,
            "created_time": "2025-04-24T13:11:12.503552Z",
            "yes_price": 25,
            "no_price": 75,
            "taker_side": "no"
        },
        {
            "trade_id": "b8faf87b-4d2e-4e60-b9e6-2268e74d331f",
            "ticker": "KXHIGHAUS-25APR24-B83.5",
            "count": 1,
            "created_time": "2025-04-24T12:55:50.104495Z",
            "yes_price": 24,
            "no_price": 76,
            "taker_side": "no"
        },
        {
            "trade_id": "fb659ad5-e157-4ef1-9f73-e1b76d3e9bc3",
            "ticker": "KXHIGHAUS-25APR24-B83.5",
            "count": 10,
            "created_time": "2025-04-24T12:48:35.190099Z",
            "yes_price": 25,
            "no_price": 75,
            "taker_side": "no"
        },
        {
            "trade_id": "f6e6ec9c-61ba-4412-9dcf-9b3213f93a87",
            "ticker": "KXHIGHAUS-25APR24-B83.5",
            "count": 16,
            "created_time": "2025-04-24T12:48:35.190099Z",
            "yes_price": 23,
            "no_price": 77,
            "taker_side": "no"
        },
        {
            "trade_id": "e6b54079-1839-4b71-9ebf-60b2261d1ded",
            "ticker": "KXHIGHAUS-25APR24-B83.5",
            "count": 2,
            "created_time": "2025-04-24T12:48:35.190099Z",
            "yes_price": 25,
            "no_price": 75,
            "taker_side": "no"
        },
        {
            "trade_id": "a2b30f48-c986-4253-aea1-0ec317483e2e",
            "ticker": "KXHIGHAUS-25APR24-B83.5",
            "count": 1,
            "created_time": "2025-04-24T12:48:35.190099Z",
            "yes_price": 25,
            "no_price": 75,
            "taker_side": "no"
        },
        {
            "trade_id": "fe69dbcc-0738-4272-918c-1f73b3ebc60d",
            "ticker": "KXHIGHAUS-25APR24-B83.5",
            "count": 20,
            "created_time": "2025-04-24T12:28:58.475492Z",
            "yes_price": 23,
            "no_price": 77,
            "taker_side": "yes"
        },
        {
            "trade_id": "124b3230-b428-4785-9d53-5b231df65a1d",
            "ticker": "KXHIGHAUS-25APR24-B83.5",
            "count": 50,
            "created_time": "2025-04-24T12:28:58.475492Z",
            "yes_price": 23,
            "no_price": 77,
            "taker_side": "yes"
        },
        {
            "trade_id": "9e20b74e-2b62-4bc9-92d7-52171c909a11",
            "ticker": "KXHIGHAUS-25APR24-B83.5",
            "count": 2,
            "created_time": "2025-04-24T12:28:51.834996Z",
            "yes_price": 26,
            "no_price": 74,
            "taker_side": "no"
        },
        {
            "trade_id": "5c5952a2-023a-4cc5-936b-6fc9d4fc5202",
            "ticker": "KXHIGHAUS-25APR24-B83.5",
            "count": 86,
            "created_time": "2025-04-24T12:28:51.834996Z",
            "yes_price": 24,
            "no_price": 76,
            "taker_side": "no"
        },
        {
            "trade_id": "52148131-c85c-415d-8b14-11fd55e18b51",
            "ticker": "KXHIGHAUS-25APR24-B83.5",
            "count": 26,
            "created_time": "2025-04-24T12:28:51.834996Z",
            "yes_price": 26,
            "no_price": 74,
            "taker_side": "no"
        },
        {
            "trade_id": "45179f27-c491-4271-8006-03af2c590394",
            "ticker": "KXHIGHAUS-25APR24-B83.5",
            "count": 14,
            "created_time": "2025-04-24T12:28:51.834996Z",
            "yes_price": 25,
            "no_price": 75,
            "taker_side": "no"
        },
        {
            "trade_id": "0027b491-ff18-43e4-8f72-27aebc309098",
            "ticker": "KXHIGHAUS-25APR24-B83.5",
            "count": 2,
            "created_time": "2025-04-24T12:28:51.834996Z",
            "yes_price": 27,
            "no_price": 73,
            "taker_side": "no"
        },
        {
            "trade_id": "b613fd5f-a054-4dea-ba80-6b4aa94c989e",
            "ticker": "KXHIGHAUS-25APR24-B83.5",
            "count": 2,
            "created_time": "2025-04-24T12:23:52.37895Z",
            "yes_price": 28,
            "no_price": 72,
            "taker_side": "no"
        },
        {
            "trade_id": "a095ce22-41a2-4a72-b982-f937d2907807",
            "ticker": "KXHIGHAUS-25APR24-B83.5",
            "count": 5,
            "created_time": "2025-04-24T12:23:14.081005Z",
            "yes_price": 29,
            "no_price": 71,
            "taker_side": "yes"
        },
        {
            "trade_id": "dc07357e-2ff4-4d6a-a287-345995df6ffe",
            "ticker": "KXHIGHAUS-25APR24-B83.5",
            "count": 8,
            "created_time": "2025-04-24T12:17:57.424822Z",
            "yes_price": 30,
            "no_price": 70,
            "taker_side": "yes"
        },
        {
            "trade_id": "ac69522d-17a2-4446-9767-fb112eb3b49f",
            "ticker": "KXHIGHAUS-25APR24-B83.5",
            "count": 5,
            "created_time": "2025-04-24T12:16:52.859417Z",
            "yes_price": 27,
            "no_price": 73,
            "taker_side": "yes"
        },
        {
            "trade_id": "95ccb0e1-a727-4867-abb4-4eb6ac8b11ab",
            "ticker": "KXHIGHAUS-25APR24-B83.5",
            "count": 240,
            "created_time": "2025-04-24T12:06:51.024004Z",
            "yes_price": 31,
            "no_price": 69,
            "taker_side": "yes"
        },
        {
            "trade_id": "7364d04d-eb38-4b5a-bb48-e5e166278d91",
            "ticker": "KXHIGHAUS-25APR24-B83.5",
            "count": 40,
            "created_time": "2025-04-24T12:06:51.024004Z",
            "yes_price": 26,
            "no_price": 74,
            "taker_side": "yes"
        },
        {
            "trade_id": "4099f6e9-ac34-491f-b4bf-ade71038edfb",
            "ticker": "KXHIGHAUS-25APR24-B83.5",
            "count": 43,
            "created_time": "2025-04-24T12:06:51.024004Z",
            "yes_price": 27,
            "no_price": 73,
            "taker_side": "yes"
        },
        {
            "trade_id": "36291cab-63bc-4e73-b0d3-baf7b870815a",
            "ticker": "KXHIGHAUS-25APR24-B83.5",
            "count": 240,
            "created_time": "2025-04-24T12:06:51.024004Z",
            "yes_price": 29,
            "no_price": 71,
            "taker_side": "yes"
        },
        {
            "trade_id": "2b0e50a1-acae-472b-93c6-474112534cc4",
            "ticker": "KXHIGHAUS-25APR24-B83.5",
            "count": 11,
            "created_time": "2025-04-24T12:06:51.024004Z",
            "yes_price": 28,
            "no_price": 72,
            "taker_side": "yes"
        },
        {
            "trade_id": "24e92db6-4f0a-44f9-9c22-aec736824503",
            "ticker": "KXHIGHAUS-25APR24-B83.5",
            "count": 2,
            "created_time": "2025-04-24T12:06:51.024004Z",
            "yes_price": 27,
            "no_price": 73,
            "taker_side": "yes"
        },
        {
            "trade_id": "99b7410b-a56f-4711-b306-ffa2cab726f9",
            "ticker": "KXHIGHAUS-25APR24-B83.5",
            "count": 240,
            "created_time": "2025-04-24T12:02:25.047299Z",
            "yes_price": 17,
            "no_price": 83,
            "taker_side": "no"
        },
        {
            "trade_id": "922076cc-e6c6-4053-9275-5c1ce7204577",
            "ticker": "KXHIGHAUS-25APR24-B83.5",
            "count": 87,
            "created_time": "2025-04-24T12:02:25.047299Z",
            "yes_price": 21,
            "no_price": 79,
            "taker_side": "no"
        },
        {
            "trade_id": "76daf1dd-2fc6-403c-83c1-d4cf4e5f42d8",
            "ticker": "KXHIGHAUS-25APR24-B83.5",
            "count": 240,
            "created_time": "2025-04-24T12:02:25.047299Z",
            "yes_price": 19,
            "no_price": 81,
            "taker_side": "no"
        },
        {
            "trade_id": "acf2c22f-2212-424d-8853-e9aadc851edd",
            "ticker": "KXHIGHAUS-25APR24-B83.5",
            "count": 8,
            "created_time": "2025-04-24T12:00:34.236588Z",
            "yes_price": 23,
            "no_price": 77,
            "taker_side": "no"
        },
        {
            "trade_id": "5dd2a9a7-d285-491e-9b52-dac2e785c03e",
            "ticker": "KXHIGHAUS-25APR24-B83.5",
            "count": 10,
            "created_time": "2025-04-24T12:00:28.732574Z",
            "yes_price": 23,
            "no_price": 77,
            "taker_side": "no"
        },
        {
            "trade_id": "fe49fd59-aa2f-4a69-b84a-7836176c0b8f",
            "ticker": "KXHIGHAUS-25APR24-B83.5",
            "count": 240,
            "created_time": "2025-04-24T12:00:23.594158Z",
            "yes_price": 19,
            "no_price": 81,
            "taker_side": "yes"
        },
        {
            "trade_id": "fa27fdfc-f263-4d53-8672-fff5355f2adb",
            "ticker": "KXHIGHAUS-25APR24-B83.5",
            "count": 26,
            "created_time": "2025-04-24T06:42:39.898947Z",
            "yes_price": 10,
            "no_price": 90,
            "taker_side": "no"
        },
        {
            "trade_id": "b3eca7eb-d863-4dbf-aa65-a0268bc34413",
            "ticker": "KXHIGHAUS-25APR24-B83.5",
            "count": 4,
            "created_time": "2025-04-24T06:35:59.651541Z",
            "yes_price": 11,
            "no_price": 89,
            "taker_side": "no"
        },
        {
            "trade_id": "f24ec1ec-f746-4fd5-b511-a37471fe6bae",
            "ticker": "KXHIGHAUS-25APR24-B83.5",
            "count": 24,
            "created_time": "2025-04-24T06:27:34.98896Z",
            "yes_price": 10,
            "no_price": 90,
            "taker_side": "no"
        },
        {
            "trade_id": "3aaad267-be30-4bd6-b92e-f648331dbd60",
            "ticker": "KXHIGHAUS-25APR24-B83.5",
            "count": 17,
            "created_time": "2025-04-24T06:21:46.192609Z",
            "yes_price": 11,
            "no_price": 89,
            "taker_side": "no"
        },
        {
            "trade_id": "e41f92e9-1b2b-4a66-9d26-2494e9e583c1",
            "ticker": "KXHIGHAUS-25APR24-B83.5",
            "count": 2,
            "created_time": "2025-04-24T06:11:27.838163Z",
            "yes_price": 13,
            "no_price": 87,
            "taker_side": "yes"
        },
        {
            "trade_id": "d20a1f70-3e53-4cd1-9aae-c8495cdd455f",
            "ticker": "KXHIGHAUS-25APR24-B83.5",
            "count": 240,
            "created_time": "2025-04-24T06:11:27.838163Z",
            "yes_price": 15,
            "no_price": 85,
            "taker_side": "yes"
        },
        {
            "trade_id": "a5ec3da3-1d61-4e3e-ba9c-283e1af15f7d",
            "ticker": "KXHIGHAUS-25APR24-B83.5",
            "count": 19,
            "created_time": "2025-04-24T06:11:27.838163Z",
            "yes_price": 15,
            "no_price": 85,
            "taker_side": "yes"
        },
        {
            "trade_id": "6d51aa15-dbbe-47a2-8dd3-84957a03e862",
            "ticker": "KXHIGHAUS-25APR24-B83.5",
            "count": 98,
            "created_time": "2025-04-24T06:11:27.838163Z",
            "yes_price": 13,
            "no_price": 87,
            "taker_side": "yes"
        },
        {
            "trade_id": "bf7755e7-b90c-4029-b21d-07662c2a3c8e",
            "ticker": "KXHIGHAUS-25APR24-B83.5",
            "count": 240,
            "created_time": "2025-04-24T05:49:49.667167Z",
            "yes_price": 13,
            "no_price": 87,
            "taker_side": "yes"
        },
        {
            "trade_id": "4731f672-4bb0-4399-8caa-c1d5e3d5e11b",
            "ticker": "KXHIGHAUS-25APR24-B83.5",
            "count": 39,
            "created_time": "2025-04-24T05:49:49.667167Z",
            "yes_price": 11,
            "no_price": 89,
            "taker_side": "yes"
        },
        {
            "trade_id": "0b4d2ea4-738f-4f99-96ff-bc380c5a8045",
            "ticker": "KXHIGHAUS-25APR24-B83.5",
            "count": 500,
            "created_time": "2025-04-24T05:49:49.667167Z",
            "yes_price": 14,
            "no_price": 86,
            "taker_side": "yes"
        },
        {
            "trade_id": "2b169ab3-1d6b-4489-8f18-15007197b8dc",
            "ticker": "KXHIGHAUS-25APR24-B83.5",
            "count": 1,
            "created_time": "2025-04-24T00:53:36.560803Z",
            "yes_price": 15,
            "no_price": 85,
            "taker_side": "yes"
        },
        {
            "trade_id": "d3130511-8ab8-453c-8f7c-c80a2edf7a9d",
            "ticker": "KXHIGHAUS-25APR24-B83.5",
            "count": 25,
            "created_time": "2025-04-24T00:30:45.32399Z",
            "yes_price": 15,
            "no_price": 85,
            "taker_side": "yes"
        },
        {
            "trade_id": "2e37e206-faca-47d6-bacd-14c3e4fa7de2",
            "ticker": "KXHIGHAUS-25APR24-B83.5",
            "count": 5,
            "created_time": "2025-04-24T00:30:45.32399Z",
            "yes_price": 17,
            "no_price": 83,
            "taker_side": "yes"
        },
        {
            "trade_id": "47a60188-570b-475a-b9b0-2d1611616bdf",
            "ticker": "KXHIGHAUS-25APR24-B83.5",
            "count": 14,
            "created_time": "2025-04-23T21:39:22.954619Z",
            "yes_price": 22,
            "no_price": 78,
            "taker_side": "no"
        },
        {
            "trade_id": "c44f6d91-bd87-4be1-9772-42afadebf46e",
            "ticker": "KXHIGHAUS-25APR24-B83.5",
            "count": 1,
            "created_time": "2025-04-23T21:39:18.423574Z",
            "yes_price": 22,
            "no_price": 78,
            "taker_side": "yes"
        },
        {
            "trade_id": "5daaff86-43ff-41cc-a6bc-96615cd85ce4",
            "ticker": "KXHIGHAUS-25APR24-B83.5",
            "count": 12,
            "created_time": "2025-04-23T18:00:29.631349Z",
            "yes_price": 27,
            "no_price": 73,
            "taker_side": "yes"
        },
        {
            "trade_id": "224531b6-e23a-45fa-a3ba-3093cb1d7418",
            "ticker": "KXHIGHAUS-25APR24-B83.5",
            "count": 1,
            "created_time": "2025-04-23T18:00:29.631349Z",
            "yes_price": 27,
            "no_price": 73,
            "taker_side": "yes"
        },
        {
            "trade_id": "5cafa42b-aac7-43de-9213-7736ef07494b",
            "ticker": "KXHIGHAUS-25APR24-B83.5",
            "count": 48,
            "created_time": "2025-04-23T18:00:28.038079Z",
            "yes_price": 27,
            "no_price": 73,
            "taker_side": "yes"
        },
        {
            "trade_id": "d28c3163-e1b4-4ee9-82a6-9601d1726311",
            "ticker": "KXHIGHAUS-25APR24-B83.5",
            "count": 2,
            "created_time": "2025-04-23T17:54:33.750781Z",
            "yes_price": 26,
            "no_price": 74,
            "taker_side": "yes"
        },
        {
            "trade_id": "4bd10bb7-cd06-44f9-8616-8ffe4fbbeb11",
            "ticker": "KXHIGHAUS-25APR24-B83.5",
            "count": 3,
            "created_time": "2025-04-23T15:39:36.634962Z",
            "yes_price": 25,
            "no_price": 75,
            "taker_side": "yes"
        },
        {
            "trade_id": "70f80572-d75e-4a47-8e59-f4fda77616b2",
            "ticker": "KXHIGHAUS-25APR24-B83.5",
            "count": 12,
            "created_time": "2025-04-23T14:30:18.117943Z",
            "yes_price": 25,
            "no_price": 75,
            "taker_side": "no"
        },
        {
            "trade_id": "8f8dffc5-312e-47b4-8db5-cb48a863d14a",
            "ticker": "KXHIGHAUS-25APR24-B83.5",
            "count": 12,
            "created_time": "2025-04-23T14:27:25.388915Z",
            "yes_price": 25,
            "no_price": 75,
            "taker_side": "yes"
        },
        {
            "trade_id": "539cf374-035f-4424-9649-b89600135d67",
            "ticker": "KXHIGHAUS-25APR24-B83.5",
            "count": 2,
            "created_time": "2025-04-23T14:25:17.415938Z",
            "yes_price": 25,
            "no_price": 75,
            "taker_side": "no"
        },
        {
            "trade_id": "ad6dbfbd-46e5-4566-8f0c-e46408fe8a24",
            "ticker": "KXHIGHAUS-25APR24-B83.5",
            "count": 4,
            "created_time": "2025-04-23T14:21:23.510474Z",
            "yes_price": 20,
            "no_price": 80,
            "taker_side": "yes"
        },
        {
            "trade_id": "13d63435-0757-4e3f-98b2-0b75c6d63b9d",
            "ticker": "KXHIGHAUS-25APR24-B83.5",
            "count": 7,
            "created_time": "2025-04-23T14:20:21.354785Z",
            "yes_price": 20,
            "no_price": 80,
            "taker_side": "no"
        },
        {
            "trade_id": "fa88e443-c86f-48e2-a225-193b3e5f0ba0",
            "ticker": "KXHIGHAUS-25APR24-B83.5",
            "count": 10,
            "created_time": "2025-04-23T14:15:24.797265Z",
            "yes_price": 17,
            "no_price": 83,
            "taker_side": "yes"
        }
    ],
    "KXHIGHAUS-25APR24-B85.5": [
        {
            "trade_id": "2eee22b8-a945-49b4-9b09-94bacbc7507e",
            "ticker": "KXHIGHAUS-25APR24-B85.5",
            "count": 916,
            "created_time": "2025-04-24T21:00:09.065884Z",
            "yes_price": 1,
            "no_price": 99,
            "taker_side": "yes"
        },
        {
            "trade_id": "152ddc4e-7cbf-4aa4-8399-4dfdc2659d20",
            "ticker": "KXHIGHAUS-25APR24-B85.5",
            "count": 100,
            "created_time": "2025-04-24T20:58:08.986009Z",
            "yes_price": 1,
            "no_price": 99,
            "taker_side": "yes"
        },
        {
            "trade_id": "9d2533be-3342-480e-923f-ad7188eff8bf",
            "ticker": "KXHIGHAUS-25APR24-B85.5",
            "count": 6,
            "created_time": "2025-04-24T20:31:53.908173Z",
            "yes_price": 1,
            "no_price": 99,
            "taker_side": "yes"
        },
        {
            "trade_id": "596f6b07-93f8-4e98-837f-238587d95a31",
            "ticker": "KXHIGHAUS-25APR24-B85.5",
            "count": 500,
            "created_time": "2025-04-24T20:28:20.000072Z",
            "yes_price": 1,
            "no_price": 99,
            "taker_side": "yes"
        },
        {
            "trade_id": "df61f853-d6ac-465b-b6fb-5ebfd6cd8ffe",
            "ticker": "KXHIGHAUS-25APR24-B85.5",
            "count": 16,
            "created_time": "2025-04-24T20:25:48.990883Z",
            "yes_price": 1,
            "no_price": 99,
            "taker_side": "yes"
        },
        {
            "trade_id": "b5d5d3ee-d862-4901-8247-8f9490d0256e",
            "ticker": "KXHIGHAUS-25APR24-B85.5",
            "count": 4000,
            "created_time": "2025-04-24T20:24:35.978833Z",
            "yes_price": 1,
            "no_price": 99,
            "taker_side": "yes"
        },
        {
            "trade_id": "c38d2951-8d5e-4565-9fc1-3b8a5e8661fb",
            "ticker": "KXHIGHAUS-25APR24-B85.5",
            "count": 6449,
            "created_time": "2025-04-24T20:22:32.53518Z",
            "yes_price": 1,
            "no_price": 99,
            "taker_side": "yes"
        },
        {
            "trade_id": "41f3fa4b-53bc-4f4a-8180-2dfdef7da981",
            "ticker": "KXHIGHAUS-25APR24-B85.5",
            "count": 1542,
            "created_time": "2025-04-24T20:22:32.53518Z",
            "yes_price": 1,
            "no_price": 99,
            "taker_side": "yes"
        },
        {
            "trade_id": "1ecd5feb-ea99-4189-baa0-b7d84129e7cb",
            "ticker": "KXHIGHAUS-25APR24-B85.5",
            "count": 9,
            "created_time": "2025-04-24T20:22:32.53518Z",
            "yes_price": 1,
            "no_price": 99,
            "taker_side": "yes"
        },
        {
            "trade_id": "a234af0c-a1b1-4a6e-990e-739289cf8a77",
            "ticker": "KXHIGHAUS-25APR24-B85.5",
            "count": 500,
            "created_time": "2025-04-24T20:18:01.083424Z",
            "yes_price": 1,
            "no_price": 99,
            "taker_side": "yes"
        },
        {
            "trade_id": "cb6889d6-5c9c-4865-b239-87e54783e120",
            "ticker": "KXHIGHAUS-25APR24-B85.5",
            "count": 411,
            "created_time": "2025-04-24T20:13:25.458485Z",
            "yes_price": 1,
            "no_price": 99,
            "taker_side": "yes"
        },
        {
            "trade_id": "e92610c1-b822-43e6-818b-3b9dd4526a80",
            "ticker": "KXHIGHAUS-25APR24-B85.5",
            "count": 53,
            "created_time": "2025-04-24T20:13:11.489952Z",
            "yes_price": 1,
            "no_price": 99,
            "taker_side": "yes"
        },
        {
            "trade_id": "c2fe8bef-7762-44eb-9da4-e22c19866e67",
            "ticker": "KXHIGHAUS-25APR24-B85.5",
            "count": 550,
            "created_time": "2025-04-24T19:57:48.535474Z",
            "yes_price": 1,
            "no_price": 99,
            "taker_side": "yes"
        },
        {
            "trade_id": "69ae8e50-13fa-4bb0-9e64-5029eb760b9b",
            "ticker": "KXHIGHAUS-25APR24-B85.5",
            "count": 100,
            "created_time": "2025-04-24T19:43:55.317475Z",
            "yes_price": 1,
            "no_price": 99,
            "taker_side": "yes"
        },
        {
            "trade_id": "3dfa749a-f7c2-4a66-b19e-8924050fe1de",
            "ticker": "KXHIGHAUS-25APR24-B85.5",
            "count": 100,
            "created_time": "2025-04-24T19:43:48.233439Z",
            "yes_price": 1,
            "no_price": 99,
            "taker_side": "yes"
        },
        {
            "trade_id": "ada85b56-c4fb-49cf-b380-bff46d6ff48b",
            "ticker": "KXHIGHAUS-25APR24-B85.5",
            "count": 100,
            "created_time": "2025-04-24T19:38:48.063056Z",
            "yes_price": 1,
            "no_price": 99,
            "taker_side": "yes"
        },
        {
            "trade_id": "bd8fdfb2-b0fe-4655-85f3-c8e77b200b7f",
            "ticker": "KXHIGHAUS-25APR24-B85.5",
            "count": 100,
            "created_time": "2025-04-24T19:34:35.517486Z",
            "yes_price": 1,
            "no_price": 99,
            "taker_side": "yes"
        },
        {
            "trade_id": "d7162217-c5e7-4626-b1a4-6eaec8bb349e",
            "ticker": "KXHIGHAUS-25APR24-B85.5",
            "count": 12,
            "created_time": "2025-04-24T19:32:46.894512Z",
            "yes_price": 1,
            "no_price": 99,
            "taker_side": "yes"
        },
        {
            "trade_id": "ced35d75-904b-4073-a96a-e648536f9810",
            "ticker": "KXHIGHAUS-25APR24-B85.5",
            "count": 65,
            "created_time": "2025-04-24T19:30:59.124302Z",
            "yes_price": 1,
            "no_price": 99,
            "taker_side": "yes"
        },
        {
            "trade_id": "2a15e0cd-e9d4-418e-b621-5c3cf3c1967a",
            "ticker": "KXHIGHAUS-25APR24-B85.5",
            "count": 5,
            "created_time": "2025-04-24T19:28:50.09795Z",
            "yes_price": 1,
            "no_price": 99,
            "taker_side": "yes"
        },
        {
            "trade_id": "4c2745b5-ca17-4c4f-8bec-d5fecad753db",
            "ticker": "KXHIGHAUS-25APR24-B85.5",
            "count": 292,
            "created_time": "2025-04-24T19:22:31.643821Z",
            "yes_price": 1,
            "no_price": 99,
            "taker_side": "yes"
        },
        {
            "trade_id": "efc3cdb2-37a6-4a37-8ca7-97148be888ab",
            "ticker": "KXHIGHAUS-25APR24-B85.5",
            "count": 150,
            "created_time": "2025-04-24T19:17:54.940369Z",
            "yes_price": 1,
            "no_price": 99,
            "taker_side": "no"
        },
        {
            "trade_id": "e5043b4c-d7bb-4726-aa16-7f2532f452e7",
            "ticker": "KXHIGHAUS-25APR24-B85.5",
            "count": 45,
            "created_time": "2025-04-24T19:17:54.940369Z",
            "yes_price": 9,
            "no_price": 91,
            "taker_side": "no"
        },
        {
            "trade_id": "c6e19dc1-c708-404a-91b3-f259d42f0abe",
            "ticker": "KXHIGHAUS-25APR24-B85.5",
            "count": 50,
            "created_time": "2025-04-24T19:17:54.940369Z",
            "yes_price": 3,
            "no_price": 97,
            "taker_side": "no"
        },
        {
            "trade_id": "bc2aaaba-70f3-4517-a5c3-c163a8f6a06c",
            "ticker": "KXHIGHAUS-25APR24-B85.5",
            "count": 80,
            "created_time": "2025-04-24T19:17:54.940369Z",
            "yes_price": 5,
            "no_price": 95,
            "taker_side": "no"
        },
        {
            "trade_id": "a9b50200-50fa-433d-9b16-b9ae80dd5f87",
            "ticker": "KXHIGHAUS-25APR24-B85.5",
            "count": 200,
            "created_time": "2025-04-24T19:17:54.940369Z",
            "yes_price": 9,
            "no_price": 91,
            "taker_side": "no"
        },
        {
            "trade_id": "8e3af43b-040e-4d1a-ab4e-ff3893d52ef3",
            "ticker": "KXHIGHAUS-25APR24-B85.5",
            "count": 146,
            "created_time": "2025-04-24T19:17:54.940369Z",
            "yes_price": 5,
            "no_price": 95,
            "taker_side": "no"
        },
        {
            "trade_id": "51e23943-9d14-433d-ab3a-7aedc04b5d3c",
            "ticker": "KXHIGHAUS-25APR24-B85.5",
            "count": 50,
            "created_time": "2025-04-24T19:17:54.940369Z",
            "yes_price": 4,
            "no_price": 96,
            "taker_side": "no"
        },
        {
            "trade_id": "2e7c0f34-055c-408f-9d9b-a0739ffa3580",
            "ticker": "KXHIGHAUS-25APR24-B85.5",
            "count": 491,
            "created_time": "2025-04-24T19:17:54.940369Z",
            "yes_price": 8,
            "no_price": 92,
            "taker_side": "no"
        },
        {
            "trade_id": "00eab1b4-8fdf-4f05-918b-05501b95a375",
            "ticker": "KXHIGHAUS-25APR24-B85.5",
            "count": 50,
            "created_time": "2025-04-24T19:17:54.940369Z",
            "yes_price": 6,
            "no_price": 94,
            "taker_side": "no"
        },
        {
            "trade_id": "c2f9591e-6430-40d1-984d-88c5519ab547",
            "ticker": "KXHIGHAUS-25APR24-B85.5",
            "count": 5,
            "created_time": "2025-04-24T19:17:33.829939Z",
            "yes_price": 9,
            "no_price": 91,
            "taker_side": "no"
        },
        {
            "trade_id": "d57e5f74-ad1c-4781-b15e-7281d0a818a2",
            "ticker": "KXHIGHAUS-25APR24-B85.5",
            "count": 4,
            "created_time": "2025-04-24T19:16:00.291583Z",
            "yes_price": 7,
            "no_price": 93,
            "taker_side": "no"
        },
        {
            "trade_id": "a563f635-665e-46a3-bb9f-c9394340a382",
            "ticker": "KXHIGHAUS-25APR24-B85.5",
            "count": 50,
            "created_time": "2025-04-24T19:16:00.291583Z",
            "yes_price": 16,
            "no_price": 84,
            "taker_side": "no"
        },
        {
            "trade_id": "9e9649bb-9381-4269-be03-c2ea882eca11",
            "ticker": "KXHIGHAUS-25APR24-B85.5",
            "count": 15,
            "created_time": "2025-04-24T19:16:00.291583Z",
            "yes_price": 6,
            "no_price": 94,
            "taker_side": "no"
        },
        {
            "trade_id": "42ef47ee-013f-4a98-b63a-3f39e20424c9",
            "ticker": "KXHIGHAUS-25APR24-B85.5",
            "count": 9,
            "created_time": "2025-04-24T19:16:00.291583Z",
            "yes_price": 7,
            "no_price": 93,
            "taker_side": "no"
        },
        {
            "trade_id": "3635fa41-282f-476f-8da5-69b1e4b6d66d",
            "ticker": "KXHIGHAUS-25APR24-B85.5",
            "count": 36,
            "created_time": "2025-04-24T19:16:00.291583Z",
            "yes_price": 15,
            "no_price": 85,
            "taker_side": "no"
        },
        {
            "trade_id": "9b0c341b-e347-4a5d-8799-df989f7fa5a4",
            "ticker": "KXHIGHAUS-25APR24-B85.5",
            "count": 30,
            "created_time": "2025-04-24T19:14:44.159461Z",
            "yes_price": 22,
            "no_price": 78,
            "taker_side": "no"
        },
        {
            "trade_id": "67f7fe64-e7be-48ca-9a82-0a58d5888076",
            "ticker": "KXHIGHAUS-25APR24-B85.5",
            "count": 40,
            "created_time": "2025-04-24T19:14:44.159461Z",
            "yes_price": 18,
            "no_price": 82,
            "taker_side": "no"
        },
        {
            "trade_id": "012378dd-2728-4c56-814c-9f0b2fad998f",
            "ticker": "KXHIGHAUS-25APR24-B85.5",
            "count": 50,
            "created_time": "2025-04-24T19:14:44.159461Z",
            "yes_price": 20,
            "no_price": 80,
            "taker_side": "no"
        },
        {
            "trade_id": "a8e28059-9be0-4708-8aac-30372323b600",
            "ticker": "KXHIGHAUS-25APR24-B85.5",
            "count": 1935,
            "created_time": "2025-04-24T19:14:37.074361Z",
            "yes_price": 25,
            "no_price": 75,
            "taker_side": "no"
        },
        {
            "trade_id": "7d0482c7-f593-4214-ab6d-a4007e7a48a9",
            "ticker": "KXHIGHAUS-25APR24-B85.5",
            "count": 65,
            "created_time": "2025-04-24T19:14:32.665534Z",
            "yes_price": 25,
            "no_price": 75,
            "taker_side": "no"
        },
        {
            "trade_id": "98b446cf-e052-482f-8aef-1383506b1046",
            "ticker": "KXHIGHAUS-25APR24-B85.5",
            "count": 10,
            "created_time": "2025-04-24T19:13:22.69042Z",
            "yes_price": 33,
            "no_price": 67,
            "taker_side": "yes"
        },
        {
            "trade_id": "b36934d0-049f-4675-9cdc-68d400776b1b",
            "ticker": "KXHIGHAUS-25APR24-B85.5",
            "count": 2,
            "created_time": "2025-04-24T19:05:43.313471Z",
            "yes_price": 33,
            "no_price": 67,
            "taker_side": "yes"
        },
        {
            "trade_id": "e2ad7069-3d55-4663-8c12-a1375d151765",
            "ticker": "KXHIGHAUS-25APR24-B85.5",
            "count": 2,
            "created_time": "2025-04-24T19:04:44.395835Z",
            "yes_price": 32,
            "no_price": 68,
            "taker_side": "yes"
        },
        {
            "trade_id": "6cca30c4-1de1-46e2-85a7-45a05f51874a",
            "ticker": "KXHIGHAUS-25APR24-B85.5",
            "count": 10,
            "created_time": "2025-04-24T19:04:44.395835Z",
            "yes_price": 32,
            "no_price": 68,
            "taker_side": "yes"
        },
        {
            "trade_id": "f1cc3c22-1b5e-40e5-bde2-a14fd5c17875",
            "ticker": "KXHIGHAUS-25APR24-B85.5",
            "count": 50,
            "created_time": "2025-04-24T19:03:00.366529Z",
            "yes_price": 20,
            "no_price": 80,
            "taker_side": "no"
        },
        {
            "trade_id": "73e0d99f-0b31-49bf-97f6-2a61cc99a157",
            "ticker": "KXHIGHAUS-25APR24-B85.5",
            "count": 55,
            "created_time": "2025-04-24T19:03:00.366529Z",
            "yes_price": 20,
            "no_price": 80,
            "taker_side": "no"
        },
        {
            "trade_id": "477b6707-6bd5-496c-85f9-5e3e25b66ff2",
            "ticker": "KXHIGHAUS-25APR24-B85.5",
            "count": 10,
            "created_time": "2025-04-24T19:03:00.366529Z",
            "yes_price": 21,
            "no_price": 79,
            "taker_side": "no"
        },
        {
            "trade_id": "cdb59b40-14c4-4404-86d4-921157b188f1",
            "ticker": "KXHIGHAUS-25APR24-B85.5",
            "count": 10,
            "created_time": "2025-04-24T19:02:43.509835Z",
            "yes_price": 41,
            "no_price": 59,
            "taker_side": "yes"
        },
        {
            "trade_id": "9e803a80-10b9-4882-8f94-6347e8c0c327",
            "ticker": "KXHIGHAUS-25APR24-B85.5",
            "count": 2,
            "created_time": "2025-04-24T19:02:43.509835Z",
            "yes_price": 41,
            "no_price": 59,
            "taker_side": "yes"
        },
        {
            "trade_id": "82d2a3cc-805b-4c63-b0a8-6567d668fef3",
            "ticker": "KXHIGHAUS-25APR24-B85.5",
            "count": 8,
            "created_time": "2025-04-24T19:02:43.509835Z",
            "yes_price": 41,
            "no_price": 59,
            "taker_side": "yes"
        },
        {
            "trade_id": "dc5a02c0-1411-41c4-9571-96a6ca3ad540",
            "ticker": "KXHIGHAUS-25APR24-B85.5",
            "count": 7,
            "created_time": "2025-04-24T18:58:51.483724Z",
            "yes_price": 20,
            "no_price": 80,
            "taker_side": "no"
        },
        {
            "trade_id": "bbe7bad5-b3ea-4611-9c60-17529075cc4f",
            "ticker": "KXHIGHAUS-25APR24-B85.5",
            "count": 44,
            "created_time": "2025-04-24T18:58:51.483724Z",
            "yes_price": 19,
            "no_price": 81,
            "taker_side": "no"
        },
        {
            "trade_id": "88fc3959-6301-49b4-802d-6bd628a9df17",
            "ticker": "KXHIGHAUS-25APR24-B85.5",
            "count": 42,
            "created_time": "2025-04-24T18:58:51.483724Z",
            "yes_price": 22,
            "no_price": 78,
            "taker_side": "no"
        },
        {
            "trade_id": "71f11dd4-f7a6-4e2f-8fbe-b86a9319b9b4",
            "ticker": "KXHIGHAUS-25APR24-B85.5",
            "count": 50,
            "created_time": "2025-04-24T18:58:51.483724Z",
            "yes_price": 20,
            "no_price": 80,
            "taker_side": "no"
        },
        {
            "trade_id": "1008de47-f169-457a-8ade-5c6a0aa6e50b",
            "ticker": "KXHIGHAUS-25APR24-B85.5",
            "count": 149,
            "created_time": "2025-04-24T18:58:51.483724Z",
            "yes_price": 20,
            "no_price": 80,
            "taker_side": "no"
        },
        {
            "trade_id": "50dbf6c7-d3ea-4b75-a29d-c2304567a60c",
            "ticker": "KXHIGHAUS-25APR24-B85.5",
            "count": 25,
            "created_time": "2025-04-24T18:49:36.97575Z",
            "yes_price": 20,
            "no_price": 80,
            "taker_side": "no"
        },
        {
            "trade_id": "d58f9fe6-8c25-4b8b-a930-8de17ea18f57",
            "ticker": "KXHIGHAUS-25APR24-B85.5",
            "count": 44,
            "created_time": "2025-04-24T18:48:39.104135Z",
            "yes_price": 20,
            "no_price": 80,
            "taker_side": "no"
        },
        {
            "trade_id": "0b40932d-afeb-4b02-b4ad-6fe6dcf9cd60",
            "ticker": "KXHIGHAUS-25APR24-B85.5",
            "count": 9,
            "created_time": "2025-04-24T18:48:39.104135Z",
            "yes_price": 21,
            "no_price": 79,
            "taker_side": "no"
        },
        {
            "trade_id": "c5fc01b6-6e28-4c52-8a9d-47288a0e3ad3",
            "ticker": "KXHIGHAUS-25APR24-B85.5",
            "count": 9,
            "created_time": "2025-04-24T18:45:04.564686Z",
            "yes_price": 21,
            "no_price": 79,
            "taker_side": "no"
        },
        {
            "trade_id": "8fdce8d9-8c55-464d-983b-fc936f1e8f47",
            "ticker": "KXHIGHAUS-25APR24-B85.5",
            "count": 1,
            "created_time": "2025-04-24T18:45:04.564686Z",
            "yes_price": 21,
            "no_price": 79,
            "taker_side": "no"
        },
        {
            "trade_id": "6ae21c8d-5737-411b-a4bf-7d74981f6f73",
            "ticker": "KXHIGHAUS-25APR24-B85.5",
            "count": 2,
            "created_time": "2025-04-24T18:45:04.564686Z",
            "yes_price": 21,
            "no_price": 79,
            "taker_side": "no"
        },
        {
            "trade_id": "ea42c072-9eb0-4936-bf25-0e1f9ba8fd06",
            "ticker": "KXHIGHAUS-25APR24-B85.5",
            "count": 1,
            "created_time": "2025-04-24T18:42:09.044481Z",
            "yes_price": 26,
            "no_price": 74,
            "taker_side": "no"
        },
        {
            "trade_id": "ec33b16c-9212-4a6e-8019-6ce9f1945f1d",
            "ticker": "KXHIGHAUS-25APR24-B85.5",
            "count": 20,
            "created_time": "2025-04-24T18:41:00.34515Z",
            "yes_price": 46,
            "no_price": 54,
            "taker_side": "yes"
        },
        {
            "trade_id": "fa79b9ed-1e01-4ef9-9614-815550311daf",
            "ticker": "KXHIGHAUS-25APR24-B85.5",
            "count": 97,
            "created_time": "2025-04-24T18:39:09.486692Z",
            "yes_price": 38,
            "no_price": 62,
            "taker_side": "no"
        },
        {
            "trade_id": "f8b53602-1dc2-49eb-8719-071ee4f2f871",
            "ticker": "KXHIGHAUS-25APR24-B85.5",
            "count": 500,
            "created_time": "2025-04-24T18:39:09.486692Z",
            "yes_price": 44,
            "no_price": 56,
            "taker_side": "no"
        },
        {
            "trade_id": "2e0ae072-d3cd-42bf-9068-e814dc50ef32",
            "ticker": "KXHIGHAUS-25APR24-B85.5",
            "count": 3,
            "created_time": "2025-04-24T18:39:09.486692Z",
            "yes_price": 38,
            "no_price": 62,
            "taker_side": "no"
        },
        {
            "trade_id": "34871bd4-abc7-4073-9735-c566cb189dbf",
            "ticker": "KXHIGHAUS-25APR24-B85.5",
            "count": 3,
            "created_time": "2025-04-24T18:34:37.233189Z",
            "yes_price": 45,
            "no_price": 55,
            "taker_side": "yes"
        },
        {
            "trade_id": "e488fd83-0799-42f1-86b7-9a70b248a493",
            "ticker": "KXHIGHAUS-25APR24-B85.5",
            "count": 23,
            "created_time": "2025-04-24T18:29:03.155324Z",
            "yes_price": 48,
            "no_price": 52,
            "taker_side": "yes"
        },
        {
            "trade_id": "0823bb0b-fbf8-456b-ab36-c22e4211ca7f",
            "ticker": "KXHIGHAUS-25APR24-B85.5",
            "count": 2,
            "created_time": "2025-04-24T18:29:03.155324Z",
            "yes_price": 43,
            "no_price": 57,
            "taker_side": "yes"
        },
        {
            "trade_id": "f1027d6b-5ca0-48de-ae43-07912a1ac197",
            "ticker": "KXHIGHAUS-25APR24-B85.5",
            "count": 17,
            "created_time": "2025-04-24T18:20:58.859225Z",
            "yes_price": 47,
            "no_price": 53,
            "taker_side": "yes"
        },
        {
            "trade_id": "72ba5117-18cb-4ce1-85d6-86802dbb2ee2",
            "ticker": "KXHIGHAUS-25APR24-B85.5",
            "count": 3,
            "created_time": "2025-04-24T18:20:58.859225Z",
            "yes_price": 46,
            "no_price": 54,
            "taker_side": "yes"
        },
        {
            "trade_id": "a84c5a4a-7e68-42e8-a835-e83012e7417f",
            "ticker": "KXHIGHAUS-25APR24-B85.5",
            "count": 3,
            "created_time": "2025-04-24T18:19:51.262356Z",
            "yes_price": 44,
            "no_price": 56,
            "taker_side": "no"
        },
        {
            "trade_id": "2e7b9470-4772-4c39-95dd-0bf5c3d44da3",
            "ticker": "KXHIGHAUS-25APR24-B85.5",
            "count": 3,
            "created_time": "2025-04-24T18:16:18.398813Z",
            "yes_price": 44,
            "no_price": 56,
            "taker_side": "no"
        },
        {
            "trade_id": "5153fc34-b35f-4c4b-95cb-dd8d99300c5c",
            "ticker": "KXHIGHAUS-25APR24-B85.5",
            "count": 4,
            "created_time": "2025-04-24T18:12:59.835465Z",
            "yes_price": 44,
            "no_price": 56,
            "taker_side": "no"
        },
        {
            "trade_id": "d547ae22-4d77-402d-b770-275f98d5b80c",
            "ticker": "KXHIGHAUS-25APR24-B85.5",
            "count": 11,
            "created_time": "2025-04-24T18:12:30.851568Z",
            "yes_price": 50,
            "no_price": 50,
            "taker_side": "yes"
        },
        {
            "trade_id": "3371a853-1beb-4fd3-8335-c0e32916c612",
            "ticker": "KXHIGHAUS-25APR24-B85.5",
            "count": 50,
            "created_time": "2025-04-24T18:12:30.851568Z",
            "yes_price": 49,
            "no_price": 51,
            "taker_side": "yes"
        },
        {
            "trade_id": "7bd02778-562c-49e4-9922-c14a8465ac3e",
            "ticker": "KXHIGHAUS-25APR24-B85.5",
            "count": 20,
            "created_time": "2025-04-24T18:10:29.077204Z",
            "yes_price": 50,
            "no_price": 50,
            "taker_side": "yes"
        },
        {
            "trade_id": "68bd6798-82b6-44fe-973d-ea756565ad90",
            "ticker": "KXHIGHAUS-25APR24-B85.5",
            "count": 3,
            "created_time": "2025-04-24T18:09:47.567171Z",
            "yes_price": 47,
            "no_price": 53,
            "taker_side": "yes"
        },
        {
            "trade_id": "8adeea4e-ab4b-45fa-945c-bc4258d25df2",
            "ticker": "KXHIGHAUS-25APR24-B85.5",
            "count": 21,
            "created_time": "2025-04-24T18:09:33.293644Z",
            "yes_price": 45,
            "no_price": 55,
            "taker_side": "yes"
        },
        {
            "trade_id": "5fd122b6-c3f6-406e-a917-f043acb08f16",
            "ticker": "KXHIGHAUS-25APR24-B85.5",
            "count": 4,
            "created_time": "2025-04-24T18:09:33.293644Z",
            "yes_price": 45,
            "no_price": 55,
            "taker_side": "yes"
        },
        {
            "trade_id": "06f198e5-042a-4341-bfce-3f9699530cba",
            "ticker": "KXHIGHAUS-25APR24-B85.5",
            "count": 2,
            "created_time": "2025-04-24T18:04:14.32305Z",
            "yes_price": 42,
            "no_price": 58,
            "taker_side": "no"
        },
        {
            "trade_id": "a3f002ce-2c23-4313-9eb7-31a4d45bc8ba",
            "ticker": "KXHIGHAUS-25APR24-B85.5",
            "count": 1,
            "created_time": "2025-04-24T18:03:48.272775Z",
            "yes_price": 42,
            "no_price": 58,
            "taker_side": "no"
        },
        {
            "trade_id": "2e62134d-05b7-40fb-ab5f-219812f7c532",
            "ticker": "KXHIGHAUS-25APR24-B85.5",
            "count": 1,
            "created_time": "2025-04-24T18:03:48.272775Z",
            "yes_price": 41,
            "no_price": 59,
            "taker_side": "no"
        },
        {
            "trade_id": "c3afd3ff-435c-415a-8e14-1bcea2019f62",
            "ticker": "KXHIGHAUS-25APR24-B85.5",
            "count": 1,
            "created_time": "2025-04-24T18:03:48.227504Z",
            "yes_price": 42,
            "no_price": 58,
            "taker_side": "no"
        },
        {
            "trade_id": "5a928e77-b814-4bdf-9f4a-d5bb04da0121",
            "ticker": "KXHIGHAUS-25APR24-B85.5",
            "count": 2,
            "created_time": "2025-04-24T18:02:48.535768Z",
            "yes_price": 38,
            "no_price": 62,
            "taker_side": "yes"
        },
        {
            "trade_id": "65aec3fe-0be9-4739-97ac-34d9b08e49b7",
            "ticker": "KXHIGHAUS-25APR24-B85.5",
