{
    "KXHIGHAUS-25APR04-T84": [
        {
            "trade_id": "95e7ddb5-84d5-4f51-8dad-fcfea56a5113",
            "ticker": "KXHIGHAUS-25APR04-T84",
            "count": 16,
            "created_time": "2025-04-04T23:00:07.560002Z",
            "yes_price": 1,
            "no_price": 99,
            "taker_side": "yes"
        },
        {
            "trade_id": "bdccfcaa-fbc4-48ab-854f-4f4689c17876",
            "ticker": "KXHIGHAUS-25APR04-T84",
            "count": 37,
            "created_time": "2025-04-04T21:38:40.616607Z",
            "yes_price": 1,
            "no_price": 99,
            "taker_side": "yes"
        },
        {
            "trade_id": "ca21d52a-d9e0-427e-807f-c443adb60b51",
            "ticker": "KXHIGHAUS-25APR04-T84",
            "count": 18,
            "created_time": "2025-04-04T20:32:10.775435Z",
            "yes_price": 1,
            "no_price": 99,
            "taker_side": "yes"
        },
        {
            "trade_id": "7fb22648-9c56-4f71-8305-fdd0a827a08c",
            "ticker": "KXHIGHAUS-25APR04-T84",
            "count": 454,
            "created_time": "2025-04-04T20:21:58.564783Z",
            "yes_price": 1,
            "no_price": 99,
            "taker_side": "yes"
        },
        {
            "trade_id": "c25eaf5e-2d05-4423-9605-a9d5cea66f94",
            "ticker": "KXHIGHAUS-25APR04-T84",
            "count": 102,
            "created_time": "2025-04-04T19:52:28.645515Z",
            "yes_price": 1,
            "no_price": 99,
            "taker_side": "yes"
        },
        {
            "trade_id": "c798cea2-5344-4de7-bb62-cbec6d8321f5",
            "ticker": "KXHIGHAUS-25APR04-T84",
            "count": 75,
            "created_time": "2025-04-04T19:44:28.114192Z",
            "yes_price": 1,
            "no_price": 99,
            "taker_side": "yes"
        },
        {
            "trade_id": "36b045fb-1094-493c-b453-2781d7cad38f",
            "ticker": "KXHIGHAUS-25APR04-T84",
            "count": 137,
            "created_time": "2025-04-04T19:33:10.17058Z",
            "yes_price": 1,
            "no_price": 99,
            "taker_side": "yes"
        },
        {
            "trade_id": "c6c9447e-a14b-4618-875c-89cb92f97efd",
            "ticker": "KXHIGHAUS-25APR04-T84",
            "count": 17,
            "created_time": "2025-04-04T19:31:24.74942Z",
            "yes_price": 1,
            "no_price": 99,
            "taker_side": "yes"
        },
        {
            "trade_id": "7782043a-9edd-43ac-b137-2e27498ee715",
            "ticker": "KXHIGHAUS-25APR04-T84",
            "count": 19,
            "created_time": "2025-04-04T19:23:05.833104Z",
            "yes_price": 1,
            "no_price": 99,
            "taker_side": "yes"
        },
        {
            "trade_id": "47d3e093-9ce4-4a01-9eae-f906ca99da86",
            "ticker": "KXHIGHAUS-25APR04-T84",
            "count": 74,
            "created_time": "2025-04-04T19:22:22.450065Z",
            "yes_price": 1,
            "no_price": 99,
            "taker_side": "yes"
        },
        {
            "trade_id": "362d4c5e-97b6-4658-8157-14199255c0d8",
            "ticker": "KXHIGHAUS-25APR04-T84",
            "count": 18,
            "created_time": "2025-04-04T19:19:44.44783Z",
            "yes_price": 1,
            "no_price": 99,
            "taker_side": "yes"
        },
        {
            "trade_id": "b67e5136-4f37-46bf-aac2-07a3f89322ec",
            "ticker": "KXHIGHAUS-25APR04-T84",
            "count": 200,
            "created_time": "2025-04-04T19:15:39.656563Z",
            "yes_price": 1,
            "no_price": 99,
            "taker_side": "yes"
        },
        {
            "trade_id": "f4c2508a-c4cd-4947-8845-5da566f71533",
            "ticker": "KXHIGHAUS-25APR04-T84",
            "count": 1262,
            "created_time": "2025-04-04T19:14:03.128221Z",
            "yes_price": 1,
            "no_price": 99,
            "taker_side": "yes"
        },
        {
            "trade_id": "c880d10c-df46-482d-b969-aa0e84e17490",
            "ticker": "KXHIGHAUS-25APR04-T84",
            "count": 166,
            "created_time": "2025-04-04T19:13:41.189305Z",
            "yes_price": 1,
            "no_price": 99,
            "taker_side": "yes"
        },
        {
            "trade_id": "c2465091-7d3c-41c7-ab62-2a7233b3ef98",
            "ticker": "KXHIGHAUS-25APR04-T84",
            "count": 1,
            "created_time": "2025-04-04T19:13:41.189305Z",
            "yes_price": 1,
            "no_price": 99,
            "taker_side": "yes"
        },
        {
            "trade_id": "615a9ea7-fb65-42af-983c-dbc02e555c09",
            "ticker": "KXHIGHAUS-25APR04-T84",
            "count": 833,
            "created_time": "2025-04-04T19:13:41.189305Z",
            "yes_price": 1,
            "no_price": 99,
            "taker_side": "yes"
        },
        {
            "trade_id": "405ecde5-b635-412c-9a8c-e81f6c44f10d",
            "ticker": "KXHIGHAUS-25APR04-T84",
            "count": 29,
            "created_time": "2025-04-04T19:05:56.105033Z",
            "yes_price": 1,
            "no_price": 99,
            "taker_side": "yes"
        },
        {
            "trade_id": "93e49f5d-5826-4cb9-8bb2-5a70c9491df5",
            "ticker": "KXHIGHAUS-25APR04-T84",
            "count": 100,
            "created_time": "2025-04-04T18:59:02.305725Z",
            "yes_price": 1,
            "no_price": 99,
            "taker_side": "yes"
        },
        {
            "trade_id": "8c98b8ee-c7f0-44f6-ab12-af007e8191f4",
            "ticker": "KXHIGHAUS-25APR04-T84",
            "count": 300,
            "created_time": "2025-04-04T18:55:10.55029Z",
            "yes_price": 1,
            "no_price": 99,
            "taker_side": "yes"
        },
        {
            "trade_id": "2810c659-9785-455c-8167-719479324ab1",
            "ticker": "KXHIGHAUS-25APR04-T84",
            "count": 145,
            "created_time": "2025-04-04T18:53:10.274853Z",
            "yes_price": 1,
            "no_price": 99,
            "taker_side": "yes"
        },
        {
            "trade_id": "a9fcba9f-5fb3-460d-a431-1daedec3d363",
            "ticker": "KXHIGHAUS-25APR04-T84",
            "count": 150,
            "created_time": "2025-04-04T18:52:08.246479Z",
            "yes_price": 1,
            "no_price": 99,
            "taker_side": "no"
        },
        {
            "trade_id": "a9eac55f-d5bc-46dd-8073-4eea45adf059",
            "ticker": "KXHIGHAUS-25APR04-T84",
            "count": 43,
            "created_time": "2025-04-04T18:52:08.246479Z",
            "yes_price": 1,
            "no_price": 99,
            "taker_side": "no"
        },
        {
            "trade_id": "a2822c64-21ef-40ef-bc6a-202f60d86c86",
            "ticker": "KXHIGHAUS-25APR04-T84",
            "count": 420,
            "created_time": "2025-04-04T18:52:08.246479Z",
            "yes_price": 3,
            "no_price": 97,
            "taker_side": "no"
        },
        {
            "trade_id": "a0ba1a8d-d542-43b7-82d9-ae020b2ff085",
            "ticker": "KXHIGHAUS-25APR04-T84",
            "count": 300,
            "created_time": "2025-04-04T18:52:08.246479Z",
            "yes_price": 1,
            "no_price": 99,
            "taker_side": "no"
        },
        {
            "trade_id": "82f0e954-62cf-4375-a815-82aad921a1ef",
            "ticker": "KXHIGHAUS-25APR04-T84",
            "count": 1222,
            "created_time": "2025-04-04T18:52:08.246479Z",
            "yes_price": 1,
            "no_price": 99,
            "taker_side": "no"
        },
        {
            "trade_id": "6d93355f-6339-45a4-bf4c-f0e4f84b42c3",
            "ticker": "KXHIGHAUS-25APR04-T84",
            "count": 50,
            "created_time": "2025-04-04T18:52:08.246479Z",
            "yes_price": 1,
            "no_price": 99,
            "taker_side": "no"
        },
        {
            "trade_id": "6749170d-12eb-474a-88ac-6e42f23db80a",
            "ticker": "KXHIGHAUS-25APR04-T84",
            "count": 50,
            "created_time": "2025-04-04T18:52:08.246479Z",
            "yes_price": 2,
            "no_price": 98,
            "taker_side": "no"
        },
        {
            "trade_id": "298bfc85-6d4d-4269-9771-28700c79c0b7",
            "ticker": "KXHIGHAUS-25APR04-T84",
            "count": 425,
            "created_time": "2025-04-04T18:52:08.246479Z",
            "yes_price": 1,
            "no_price": 99,
            "taker_side": "no"
        },
        {
            "trade_id": "0e1c89ee-27dd-476f-9ef3-858e591cd9f0",
            "ticker": "KXHIGHAUS-25APR04-T84",
            "count": 933,
            "created_time": "2025-04-04T18:52:08.246479Z",
            "yes_price": 3,
            "no_price": 97,
            "taker_side": "no"
        },
        {
            "trade_id": "03223e8f-c89e-4249-9fb0-61b6adff2d37",
            "ticker": "KXHIGHAUS-25APR04-T84",
            "count": 15,
            "created_time": "2025-04-04T18:46:55.352172Z",
            "yes_price": 3,
            "no_price": 97,
            "taker_side": "no"
        },
        {
            "trade_id": "32558324-e8e7-4ca1-a594-7be19dcdab73",
            "ticker": "KXHIGHAUS-25APR04-T84",
            "count": 4,
            "created_time": "2025-04-04T18:39:41.766458Z",
            "yes_price": 4,
            "no_price": 96,
            "taker_side": "no"
        },
        {
            "trade_id": "ed961702-8520-4957-9b23-460678b5c868",
            "ticker": "KXHIGHAUS-25APR04-T84",
            "count": 52,
            "created_time": "2025-04-04T18:37:50.941797Z",
            "yes_price": 3,
            "no_price": 97,
            "taker_side": "no"
        },
        {
            "trade_id": "4781e056-7d3d-431a-8a1e-9a8403edafbf",
            "ticker": "KXHIGHAUS-25APR04-T84",
            "count": 50,
            "created_time": "2025-04-04T18:37:50.941797Z",
            "yes_price": 4,
            "no_price": 96,
            "taker_side": "no"
        },
        {
            "trade_id": "f85bb72c-2bc7-4fc4-8c7c-f38c21924dfc",
            "ticker": "KXHIGHAUS-25APR04-T84",
            "count": 688,
            "created_time": "2025-04-04T18:27:36.830555Z",
            "yes_price": 15,
            "no_price": 85,
            "taker_side": "no"
        },
        {
            "trade_id": "57c1615d-6b9a-476c-bbfc-74702ea50727",
            "ticker": "KXHIGHAUS-25APR04-T84",
            "count": 308,
            "created_time": "2025-04-04T18:27:36.830555Z",
            "yes_price": 16,
            "no_price": 84,
            "taker_side": "no"
        },
        {
            "trade_id": "66352a82-b9ab-4480-8362-f28790f7a4b8",
            "ticker": "KXHIGHAUS-25APR04-T84",
            "count": 90,
            "created_time": "2025-04-04T18:24:56.222579Z",
            "yes_price": 16,
            "no_price": 84,
            "taker_side": "no"
        },
        {
            "trade_id": "15df0212-9c94-4a82-a68f-dc2873ba2e9a",
            "ticker": "KXHIGHAUS-25APR04-T84",
            "count": 15,
            "created_time": "2025-04-04T18:24:56.222579Z",
            "yes_price": 17,
            "no_price": 83,
            "taker_side": "no"
        },
        {
            "trade_id": "7e01aa21-c1e9-4117-a8f3-c5dcc94601e8",
            "ticker": "KXHIGHAUS-25APR04-T84",
            "count": 3,
            "created_time": "2025-04-04T18:20:51.82683Z",
            "yes_price": 25,
            "no_price": 75,
            "taker_side": "yes"
        },
        {
            "trade_id": "6837c922-7ac4-4a82-aaaf-603349855443",
            "ticker": "KXHIGHAUS-25APR04-T84",
            "count": 29,
            "created_time": "2025-04-04T18:20:51.82683Z",
            "yes_price": 27,
            "no_price": 73,
            "taker_side": "yes"
        },
        {
            "trade_id": "6078b3aa-0dc7-4a2b-bedc-1d0bed4d6abb",
            "ticker": "KXHIGHAUS-25APR04-T84",
            "count": 15,
            "created_time": "2025-04-04T18:20:51.82683Z",
            "yes_price": 26,
            "no_price": 74,
            "taker_side": "yes"
        },
        {
            "trade_id": "2ec89344-9d91-4b0c-bf6b-75e806eb76b8",
            "ticker": "KXHIGHAUS-25APR04-T84",
            "count": 8,
            "created_time": "2025-04-04T18:20:51.82683Z",
            "yes_price": 20,
            "no_price": 80,
            "taker_side": "yes"
        },
        {
            "trade_id": "23bad21f-e855-4d80-8c84-907429b4c381",
            "ticker": "KXHIGHAUS-25APR04-T84",
            "count": 50,
            "created_time": "2025-04-04T18:20:51.82683Z",
            "yes_price": 19,
            "no_price": 81,
            "taker_side": "yes"
        },
        {
            "trade_id": "44a15fd8-8d36-4974-9bbb-a3fce88cd55d",
            "ticker": "KXHIGHAUS-25APR04-T84",
            "count": 202,
            "created_time": "2025-04-04T18:18:53.921082Z",
            "yes_price": 16,
            "no_price": 84,
            "taker_side": "no"
        },
        {
            "trade_id": "2940724a-55af-46aa-8975-c722fd43f68a",
            "ticker": "KXHIGHAUS-25APR04-T84",
            "count": 570,
            "created_time": "2025-04-04T18:08:28.871125Z",
            "yes_price": 15,
            "no_price": 85,
            "taker_side": "no"
        },
        {
            "trade_id": "50f1c97f-8fdd-4d3a-b8f1-0f9d1387bc8b",
            "ticker": "KXHIGHAUS-25APR04-T84",
            "count": 1,
            "created_time": "2025-04-04T18:05:52.362637Z",
            "yes_price": 16,
            "no_price": 84,
            "taker_side": "no"
        },
        {
            "trade_id": "4eeab77b-237e-42cf-94d8-b756501131be",
            "ticker": "KXHIGHAUS-25APR04-T84",
            "count": 691,
            "created_time": "2025-04-04T18:05:52.362637Z",
            "yes_price": 15,
            "no_price": 85,
            "taker_side": "no"
        },
        {
            "trade_id": "dbe9c4da-b779-4e11-b417-773d1d12d45a",
            "ticker": "KXHIGHAUS-25APR04-T84",
            "count": 12,
            "created_time": "2025-04-04T18:05:46.751637Z",
            "yes_price": 19,
            "no_price": 81,
            "taker_side": "yes"
        },
        {
            "trade_id": "98d715bc-33b0-450b-bff5-b92887a841f9",
            "ticker": "KXHIGHAUS-25APR04-T84",
            "count": 2,
            "created_time": "2025-04-04T18:05:46.751637Z",
            "yes_price": 19,
            "no_price": 81,
            "taker_side": "yes"
        },
        {
            "trade_id": "c8183671-1e2f-4fc0-ac2d-6f8ce051daf4",
            "ticker": "KXHIGHAUS-25APR04-T84",
            "count": 44,
            "created_time": "2025-04-04T18:05:07.840242Z",
            "yes_price": 19,
            "no_price": 81,
            "taker_side": "yes"
        },
        {
            "trade_id": "e7804047-6ce8-46a2-83ae-ef97cb40430d",
            "ticker": "KXHIGHAUS-25APR04-T84",
            "count": 1,
            "created_time": "2025-04-04T18:01:25.348527Z",
            "yes_price": 15,
            "no_price": 85,
            "taker_side": "yes"
        },
        {
            "trade_id": "3dc1db8c-79f2-405f-9f05-4296c49e9747",
            "ticker": "KXHIGHAUS-25APR04-T84",
            "count": 50,
            "created_time": "2025-04-04T18:01:25.348527Z",
            "yes_price": 15,
            "no_price": 85,
            "taker_side": "yes"
        },
        {
            "trade_id": "0f5d5959-1e31-4575-9189-7f94f066a775",
            "ticker": "KXHIGHAUS-25APR04-T84",
            "count": 2,
            "created_time": "2025-04-04T17:58:45.087336Z",
            "yes_price": 16,
            "no_price": 84,
            "taker_side": "yes"
        },
        {
            "trade_id": "e98e1bc0-fa2f-47d5-8aac-01bf3add85f0",
            "ticker": "KXHIGHAUS-25APR04-T84",
            "count": 15,
            "created_time": "2025-04-04T17:53:06.706975Z",
            "yes_price": 9,
            "no_price": 91,
            "taker_side": "no"
        },
        {
            "trade_id": "51d751ff-721c-4022-8ba7-724dca8723f2",
            "ticker": "KXHIGHAUS-25APR04-T84",
            "count": 1,
            "created_time": "2025-04-04T17:53:06.706975Z",
            "yes_price": 8,
            "no_price": 92,
            "taker_side": "no"
        },
        {
            "trade_id": "3c479d2f-facc-4cc2-8bc1-08e3b4faaa19",
            "ticker": "KXHIGHAUS-25APR04-T84",
            "count": 24,
            "created_time": "2025-04-04T17:51:17.714755Z",
            "yes_price": 19,
            "no_price": 81,
            "taker_side": "yes"
        },
        {
            "trade_id": "cb7e9ee1-8698-494b-b45f-3fd5f1f47be3",
            "ticker": "KXHIGHAUS-25APR04-T84",
            "count": 8,
            "created_time": "2025-04-04T17:51:08.325491Z",
            "yes_price": 18,
            "no_price": 82,
            "taker_side": "yes"
        },
        {
            "trade_id": "6edd2161-0b6b-4572-beb2-8a4fe0b3f1ac",
            "ticker": "KXHIGHAUS-25APR04-T84",
            "count": 18,
            "created_time": "2025-04-04T17:51:08.325491Z",
            "yes_price": 15,
            "no_price": 85,
            "taker_side": "yes"
        },
        {
            "trade_id": "5f98992b-6ac0-412c-aa19-fd63f67be5d9",
            "ticker": "KXHIGHAUS-25APR04-T84",
            "count": 3,
            "created_time": "2025-04-04T17:51:08.325491Z",
            "yes_price": 18,
            "no_price": 82,
            "taker_side": "yes"
        },
        {
            "trade_id": "b157f35c-ea91-40fb-b894-f692b0fa3849",
            "ticker": "KXHIGHAUS-25APR04-T84",
            "count": 12,
            "created_time": "2025-04-04T17:51:03.431126Z",
            "yes_price": 14,
            "no_price": 86,
            "taker_side": "yes"
        },
        {
            "trade_id": "a527cb4d-9324-4f47-b2eb-fa6cb3147297",
            "ticker": "KXHIGHAUS-25APR04-T84",
            "count": 78,
            "created_time": "2025-04-04T17:51:03.431126Z",
            "yes_price": 9,
            "no_price": 91,
            "taker_side": "yes"
        },
        {
            "trade_id": "2c620d3d-ca22-4e72-bf9e-d89482c42c6b",
            "ticker": "KXHIGHAUS-25APR04-T84",
            "count": 50,
            "created_time": "2025-04-04T17:51:03.431126Z",
            "yes_price": 11,
            "no_price": 89,
            "taker_side": "yes"
        },
        {
            "trade_id": "06ea8e52-593b-4508-a12a-9880b6127cc3",
            "ticker": "KXHIGHAUS-25APR04-T84",
            "count": 62,
            "created_time": "2025-04-04T17:51:03.431126Z",
            "yes_price": 15,
            "no_price": 85,
            "taker_side": "yes"
        },
        {
            "trade_id": "18090e3c-0cb1-45a2-b0b1-a5ecc15d0a8c",
            "ticker": "KXHIGHAUS-25APR04-T84",
            "count": 4,
            "created_time": "2025-04-04T17:46:27.94846Z",
            "yes_price": 4,
            "no_price": 96,
            "taker_side": "no"
        },
        {
            "trade_id": "e77c1a40-dc8f-42fb-baaf-279651f67875",
            "ticker": "KXHIGHAUS-25APR04-T84",
            "count": 154,
            "created_time": "2025-04-04T17:37:41.312406Z",
            "yes_price": 4,
            "no_price": 96,
            "taker_side": "no"
        },
        {
            "trade_id": "1d5ebef4-f5ef-4326-b773-8ce8a42274f2",
            "ticker": "KXHIGHAUS-25APR04-T84",
            "count": 196,
            "created_time": "2025-04-04T17:27:43.003155Z",
            "yes_price": 6,
            "no_price": 94,
            "taker_side": "no"
        },
        {
            "trade_id": "f034d351-fd54-4428-a361-8764801b0b97",
            "ticker": "KXHIGHAUS-25APR04-T84",
            "count": 1000,
            "created_time": "2025-04-04T17:27:34.686836Z",
            "yes_price": 7,
            "no_price": 93,
            "taker_side": "no"
        },
        {
            "trade_id": "aecba4c3-bf43-4fc6-b624-654e5fbe6f8f",
            "ticker": "KXHIGHAUS-25APR04-T84",
            "count": 50,
            "created_time": "2025-04-04T17:27:34.686836Z",
            "yes_price": 8,
            "no_price": 92,
            "taker_side": "no"
        },
        {
            "trade_id": "51f2cd21-72fe-42e4-a368-29a2ee10d925",
            "ticker": "KXHIGHAUS-25APR04-T84",
            "count": 1,
            "created_time": "2025-04-04T17:27:34.686836Z",
            "yes_price": 10,
            "no_price": 90,
            "taker_side": "no"
        },
        {
            "trade_id": "04ddab3a-8515-4386-a3a8-b04885011859",
            "ticker": "KXHIGHAUS-25APR04-T84",
            "count": 50,
            "created_time": "2025-04-04T17:18:25.258435Z",
            "yes_price": 9,
            "no_price": 91,
            "taker_side": "yes"
        },
        {
            "trade_id": "a23cca00-4f6f-46fb-9fd8-25010d213f7e",
            "ticker": "KXHIGHAUS-25APR04-T84",
            "count": 50,
            "created_time": "2025-04-04T17:17:49.573879Z",
            "yes_price": 9,
            "no_price": 91,
            "taker_side": "no"
        },
        {
            "trade_id": "dda9addc-356d-471f-86f5-2c80aef4020e",
            "ticker": "KXHIGHAUS-25APR04-T84",
            "count": 2,
            "created_time": "2025-04-04T17:13:56.309572Z",
            "yes_price": 16,
            "no_price": 84,
            "taker_side": "yes"
        },
        {
            "trade_id": "3edcb8bf-ef38-4220-b9f2-9d723505d64b",
            "ticker": "KXHIGHAUS-25APR04-T84",
            "count": 1,
            "created_time": "2025-04-04T17:13:56.309572Z",
            "yes_price": 15,
            "no_price": 85,
            "taker_side": "yes"
        },
        {
            "trade_id": "6acbc555-e99b-4697-a8b5-ce7ba9843be2",
            "ticker": "KXHIGHAUS-25APR04-T84",
            "count": 50,
            "created_time": "2025-04-04T17:12:12.13698Z",
            "yes_price": 7,
            "no_price": 93,
            "taker_side": "no"
        },
        {
            "trade_id": "3bdca7e3-a207-441f-838d-93dd1665006b",
            "ticker": "KXHIGHAUS-25APR04-T84",
            "count": 150,
            "created_time": "2025-04-04T17:12:12.13698Z",
            "yes_price": 6,
            "no_price": 94,
            "taker_side": "no"
        },
        {
            "trade_id": "dd26122e-7883-4bf0-9f17-d71900b2af5d",
            "ticker": "KXHIGHAUS-25APR04-T84",
            "count": 50,
            "created_time": "2025-04-04T17:07:08.751423Z",
            "yes_price": 7,
            "no_price": 93,
            "taker_side": "no"
        },
        {
            "trade_id": "039769e3-a04d-4f0e-90fd-4f105352ccfe",
            "ticker": "KXHIGHAUS-25APR04-T84",
            "count": 50,
            "created_time": "2025-04-04T17:07:08.751423Z",
            "yes_price": 6,
            "no_price": 94,
            "taker_side": "no"
        },
        {
            "trade_id": "c993f66f-0415-4490-a3d5-fb291f3a65a4",
            "ticker": "KXHIGHAUS-25APR04-T84",
            "count": 1,
            "created_time": "2025-04-04T17:05:00.458808Z",
            "yes_price": 8,
            "no_price": 92,
            "taker_side": "no"
        },
        {
            "trade_id": "770a064b-1cc1-4c8e-aaeb-653738fb1f1f",
            "ticker": "KXHIGHAUS-25APR04-T84",
            "count": 11,
            "created_time": "2025-04-04T17:05:00.458808Z",
            "yes_price": 7,
            "no_price": 93,
            "taker_side": "no"
        },
        {
            "trade_id": "24b4fa93-3491-44e0-97f5-ac8043809138",
            "ticker": "KXHIGHAUS-25APR04-T84",
            "count": 1,
            "created_time": "2025-04-04T16:59:18.319502Z",
            "yes_price": 13,
            "no_price": 87,
            "taker_side": "no"
        },
        {
            "trade_id": "21348b57-070c-418f-9e01-89f58ecd5f4e",
            "ticker": "KXHIGHAUS-25APR04-T84",
            "count": 4,
            "created_time": "2025-04-04T16:59:18.319502Z",
            "yes_price": 7,
            "no_price": 93,
            "taker_side": "no"
        },
        {
            "trade_id": "54bdc115-f0bc-4483-96e2-27a850cc0556",
            "ticker": "KXHIGHAUS-25APR04-T84",
            "count": 1,
            "created_time": "2025-04-04T16:57:52.942842Z",
            "yes_price": 14,
            "no_price": 86,
            "taker_side": "yes"
        },
        {
            "trade_id": "9d0777f1-ac6f-4ba4-814e-a0a5a99bb9ba",
            "ticker": "KXHIGHAUS-25APR04-T84",
            "count": 1,
            "created_time": "2025-04-04T16:57:43.492709Z",
            "yes_price": 13,
            "no_price": 87,
            "taker_side": "yes"
        },
        {
            "trade_id": "94a43fed-4deb-480d-9755-3669397a8c28",
            "ticker": "KXHIGHAUS-25APR04-T84",
            "count": 13,
            "created_time": "2025-04-04T16:49:47.674422Z",
            "yes_price": 14,
            "no_price": 86,
            "taker_side": "yes"
        },
        {
            "trade_id": "4855ad61-32eb-46d9-9778-03922986bea9",
            "ticker": "KXHIGHAUS-25APR04-T84",
            "count": 47,
            "created_time": "2025-04-04T16:48:04.639348Z",
            "yes_price": 14,
            "no_price": 86,
            "taker_side": "yes"
        },
        {
            "trade_id": "c9a4332f-728a-4c80-b584-4cded117ed74",
            "ticker": "KXHIGHAUS-25APR04-T84",
            "count": 200,
            "created_time": "2025-04-04T16:47:04.811271Z",
            "yes_price": 13,
            "no_price": 87,
            "taker_side": "yes"
        },
        {
            "trade_id": "f8940f2c-9f36-4549-9371-4b3a51cf8126",
            "ticker": "KXHIGHAUS-25APR04-T84",
            "count": 43,
            "created_time": "2025-04-04T16:45:49.50711Z",
            "yes_price": 8,
            "no_price": 92,
            "taker_side": "no"
        },
        {
            "trade_id": "c6be4f2e-2385-4b4f-8b65-3e93a602e41c",
            "ticker": "KXHIGHAUS-25APR04-T84",
            "count": 24,
            "created_time": "2025-04-04T16:43:45.409412Z",
            "yes_price": 9,
            "no_price": 91,
            "taker_side": "yes"
        },
        {
            "trade_id": "4578596c-fbec-4efd-ac07-e8ed7462db35",
            "ticker": "KXHIGHAUS-25APR04-T84",
            "count": 100,
            "created_time": "2025-04-04T16:43:45.409412Z",
            "yes_price": 9,
            "no_price": 91,
            "taker_side": "yes"
        },
        {
            "trade_id": "08de090b-c62f-4cd4-87bf-724ae564364a",
            "ticker": "KXHIGHAUS-25APR04-T84",
            "count": 100,
            "created_time": "2025-04-04T16:43:37.751354Z",
            "yes_price": 9,
            "no_price": 91,
            "taker_side": "yes"
        },
        {
            "trade_id": "b232224f-bd89-4c90-ae72-4f3ad957a6e3",
            "ticker": "KXHIGHAUS-25APR04-T84",
            "count": 50,
            "created_time": "2025-04-04T16:43:34.134886Z",
            "yes_price": 9,
            "no_price": 91,
            "taker_side": "no"
        },
        {
            "trade_id": "bc19b767-eb79-45bf-ba23-b767c92aa6f1",
            "ticker": "KXHIGHAUS-25APR04-T84",
            "count": 19,
            "created_time": "2025-04-04T16:41:43.370442Z",
            "yes_price": 9,
            "no_price": 91,
            "taker_side": "no"
        },
        {
            "trade_id": "ad331879-c30f-4b5b-b9e7-ab4392498ad5",
            "ticker": "KXHIGHAUS-25APR04-T84",
            "count": 85,
            "created_time": "2025-04-04T16:41:43.370442Z",
            "yes_price": 12,
            "no_price": 88,
            "taker_side": "no"
        },
        {
            "trade_id": "37eecb4e-8528-403e-b274-2fb0fc924a80",
            "ticker": "KXHIGHAUS-25APR04-T84",
            "count": 352,
            "created_time": "2025-04-04T16:41:43.370442Z",
            "yes_price": 11,
            "no_price": 89,
            "taker_side": "no"
        },
        {
            "trade_id": "1f639a22-3536-4123-b7a9-9d8d0dd6f62f",
            "ticker": "KXHIGHAUS-25APR04-T84",
            "count": 455,
            "created_time": "2025-04-04T16:41:43.370442Z",
            "yes_price": 11,
            "no_price": 89,
            "taker_side": "no"
        },
        {
            "trade_id": "1c473b2c-8be8-4319-bb00-afe077228fb5",
            "ticker": "KXHIGHAUS-25APR04-T84",
            "count": 96,
            "created_time": "2025-04-04T16:41:43.370442Z",
            "yes_price": 7,
            "no_price": 93,
            "taker_side": "no"
        },
        {
            "trade_id": "0da6617c-3b96-44c9-8127-53f361d66a0d",
            "ticker": "KXHIGHAUS-25APR04-T84",
            "count": 100,
            "created_time": "2025-04-04T16:41:43.370442Z",
            "yes_price": 8,
            "no_price": 92,
            "taker_side": "no"
        },
        {
            "trade_id": "753f745d-1b55-4b20-b928-66e6401d8094",
            "ticker": "KXHIGHAUS-25APR04-T84",
            "count": 15,
            "created_time": "2025-04-04T16:41:33.248508Z",
            "yes_price": 12,
            "no_price": 88,
            "taker_side": "no"
        },
        {
            "trade_id": "6f96df11-aad2-4555-9caa-31d1c5bcaf14",
            "ticker": "KXHIGHAUS-25APR04-T84",
            "count": 42,
            "created_time": "2025-04-04T16:41:33.248508Z",
            "yes_price": 14,
            "no_price": 86,
            "taker_side": "no"
        },
        {
            "trade_id": "4025ae85-1990-4d97-8592-ffc1c93cd681",
            "ticker": "KXHIGHAUS-25APR04-T84",
            "count": 8,
            "created_time": "2025-04-04T16:41:26.263624Z",
            "yes_price": 14,
            "no_price": 86,
            "taker_side": "no"
        },
        {
            "trade_id": "3fee1852-a68f-4235-a428-d4ee2c6268ae",
            "ticker": "KXHIGHAUS-25APR04-T84",
            "count": 50,
            "created_time": "2025-04-04T16:41:26.263624Z",
            "yes_price": 15,
            "no_price": 85,
            "taker_side": "no"
        },
        {
            "trade_id": "a5b5c041-c3c1-4885-8882-c70b9c262d4f",
            "ticker": "KXHIGHAUS-25APR04-T84",
            "count": 18,
            "created_time": "2025-04-04T16:38:27.372574Z",
            "yes_price": 15,
            "no_price": 85,
            "taker_side": "no"
        },
        {
            "trade_id": "d4effe47-41f2-42f0-af46-5b720ce51c7c",
            "ticker": "KXHIGHAUS-25APR04-T84",
            "count": 50,
            "created_time": "2025-04-04T16:36:07.767765Z",
            "yes_price": 20,
            "no_price": 80,
            "taker_side": "no"
        },
        {
            "trade_id": "209fc9c7-245c-430c-ad3d-23d28da1d591",
            "ticker": "KXHIGHAUS-25APR04-T84",
            "count": 375,
            "created_time": "2025-04-04T16:36:07.767765Z",
            "yes_price": 19,
            "no_price": 81,
            "taker_side": "no"
        },
        {
            "trade_id": "e91dddde-877c-49a6-a6f3-6ac765c97af6",
            "ticker": "KXHIGHAUS-25APR04-T84",
            "count": 18,
            "created_time": "2025-04-04T16:34:18.688368Z",
            "yes_price": 21,
            "no_price": 79,
            "taker_side": "no"
        },
        {
            "trade_id": "c01d4e0d-c390-4aad-8a0d-a100ffeeb199",
            "ticker": "KXHIGHAUS-25APR04-T84",
            "count": 3,
            "created_time": "2025-04-04T16:33:49.313395Z",
            "yes_price": 20,
            "no_price": 80,
            "taker_side": "no"
        },
        {
            "trade_id": "972f8e18-6250-4373-9a36-063be0d5e8ae",
            "ticker": "KXHIGHAUS-25APR04-T84",
            "count": 25,
            "created_time": "2025-04-04T16:29:17.775393Z",
            "yes_price": 19,
            "no_price": 81,
            "taker_side": "yes"
        },
        {
            "trade_id": "8c4504ec-adc2-4738-b46a-802b5a5f19f1",
            "ticker": "KXHIGHAUS-25APR04-T84",
            "count": 47,
            "created_time": "2025-04-04T16:27:39.420054Z",
            "yes_price": 18,
            "no_price": 82,
            "taker_side": "no"
        },
        {
            "trade_id": "59d60e5e-d66c-4213-aa00-39aaf9eec2ba",
            "ticker": "KXHIGHAUS-25APR04-T84",
            "count": 3,
            "created_time": "2025-04-04T16:27:39.420054Z",
            "yes_price": 21,
            "no_price": 79,
            "taker_side": "no"
        },
        {
            "trade_id": "3dd0dbff-0539-400a-bdb1-f8419a5253ad",
            "ticker": "KXHIGHAUS-25APR04-T84",
            "count": 50,
            "created_time": "2025-04-04T16:27:39.420054Z",
            "yes_price": 19,
            "no_price": 81,
            "taker_side": "no"
        },
        {
            "trade_id": "ea1390b5-6a47-4cfe-9892-fdc6c95f7a26",
            "ticker": "KXHIGHAUS-25APR04-T84",
            "count": 165,
            "created_time": "2025-04-04T16:23:26.475678Z",
            "yes_price": 34,
            "no_price": 66,
            "taker_side": "no"
        },
        {
            "trade_id": "77352035-3168-4515-954f-7d1fac9fc40c",
            "ticker": "KXHIGHAUS-25APR04-T84",
            "count": 5,
            "created_time": "2025-04-04T16:23:26.475678Z",
            "yes_price": 35,
            "no_price": 65,
            "taker_side": "no"
        },
        {
            "trade_id": "7610e58b-c724-4447-aaf3-9e439b3944e8",
            "ticker": "KXHIGHAUS-25APR04-T84",
            "count": 11,
            "created_time": "2025-04-04T16:23:26.475678Z",
            "yes_price": 20,
            "no_price": 80,
            "taker_side": "no"
        },
        {
            "trade_id": "2db5c0ba-e6df-46b1-a81b-88c3cf970330",
            "ticker": "KXHIGHAUS-25APR04-T84",
            "count": 19,
            "created_time": "2025-04-04T16:23:26.475678Z",
            "yes_price": 21,
            "no_price": 79,
            "taker_side": "no"
        },
        {
            "trade_id": "249e85e4-6cbc-435c-896d-b0729d5ccceb",
            "ticker": "KXHIGHAUS-25APR04-T84",
            "count": 50,
            "created_time": "2025-04-04T16:23:26.475678Z",
            "yes_price": 20,
            "no_price": 80,
            "taker_side": "no"
        },
        {
            "trade_id": "523c3021-24d0-449e-870c-c69ec38c12b3",
            "ticker": "KXHIGHAUS-25APR04-T84",
            "count": 10,
            "created_time": "2025-04-04T16:23:23.061912Z",
            "yes_price": 39,
            "no_price": 61,
            "taker_side": "yes"
        },
        {
            "trade_id": "5554864b-4147-43ac-aa41-809a10525749",
            "ticker": "KXHIGHAUS-25APR04-T84",
            "count": 9,
            "created_time": "2025-04-04T16:22:51.917248Z",
            "yes_price": 40,
            "no_price": 60,
            "taker_side": "yes"
        },
        {
            "trade_id": "7d2a75f1-0f31-4fee-a32c-d6cbe054f792",
            "ticker": "KXHIGHAUS-25APR04-T84",
            "count": 15,
            "created_time": "2025-04-04T16:22:07.123983Z",
            "yes_price": 35,
            "no_price": 65,
            "taker_side": "no"
        },
        {
            "trade_id": "604af60b-5f1c-4bdc-855a-b7c78d2ba937",
            "ticker": "KXHIGHAUS-25APR04-T84",
            "count": 85,
            "created_time": "2025-04-04T16:22:07.123983Z",
            "yes_price": 34,
            "no_price": 66,
            "taker_side": "no"
        },
        {
            "trade_id": "c1002023-c493-4e97-a117-b7496adba112",
            "ticker": "KXHIGHAUS-25APR04-T84",
            "count": 13,
            "created_time": "2025-04-04T16:18:03.007267Z",
            "yes_price": 35,
            "no_price": 65,
            "taker_side": "yes"
        },
        {
            "trade_id": "0b095185-0118-4b3d-8227-534799a4224a",
            "ticker": "KXHIGHAUS-25APR04-T84",
            "count": 12,
            "created_time": "2025-04-04T16:15:18.115562Z",
            "yes_price": 37,
            "no_price": 63,
            "taker_side": "yes"
        },
        {
            "trade_id": "d6080710-6510-4515-9b1e-2683dd67fd4e",
            "ticker": "KXHIGHAUS-25APR04-T84",
            "count": 5,
            "created_time": "2025-04-04T16:13:01.816171Z",
            "yes_price": 37,
            "no_price": 63,
            "taker_side": "yes"
        },
        {
            "trade_id": "6e17aec4-0326-4ada-8a13-a9875efe9975",
            "ticker": "KXHIGHAUS-25APR04-T84",
            "count": 5,
            "created_time": "2025-04-04T16:13:01.816171Z",
            "yes_price": 37,
            "no_price": 63,
            "taker_side": "yes"
        },
        {
            "trade_id": "34f52b1e-7d93-4841-9c15-42133653c044",
            "ticker": "KXHIGHAUS-25APR04-T84",
            "count": 10,
            "created_time": "2025-04-04T16:12:39.481149Z",
            "yes_price": 43,
            "no_price": 57,
            "taker_side": "yes"
        },
        {
            "trade_id": "ed6d945c-8226-4b80-9100-9a0e7dc2c37d",
            "ticker": "KXHIGHAUS-25APR04-T84",
            "count": 17,
            "created_time": "2025-04-04T16:12:17.657393Z",
            "yes_price": 42,
            "no_price": 58,
            "taker_side": "yes"
        },
        {
            "trade_id": "c8d49f1d-8a37-4c29-94b3-8301a9855fba",
            "ticker": "KXHIGHAUS-25APR04-T84",
            "count": 199,
            "created_time": "2025-04-04T16:12:07.054375Z",
            "yes_price": 30,
            "no_price": 70,
            "taker_side": "no"
        },
        {
            "trade_id": "95ebfcb1-b4df-4728-b303-2e20935d3d86",
            "ticker": "KXHIGHAUS-25APR04-T84",
            "count": 5,
            "created_time": "2025-04-04T16:12:07.054375Z",
            "yes_price": 30,
            "no_price": 70,
            "taker_side": "no"
        },
        {
            "trade_id": "b99e3a70-f3a2-4a2c-ab7b-1e008119e223",
            "ticker": "KXHIGHAUS-25APR04-T84",
            "count": 50,
            "created_time": "2025-04-04T16:11:57.925513Z",
            "yes_price": 32,
            "no_price": 68,
            "taker_side": "no"
        },
        {
            "trade_id": "509fe925-d3ad-4b3e-bdb9-c7716c802108",
            "ticker": "KXHIGHAUS-25APR04-T84",
            "count": 46,
            "created_time": "2025-04-04T16:11:57.925513Z",
            "yes_price": 32,
            "no_price": 68,
            "taker_side": "no"
        },
        {
            "trade_id": "742fab50-824a-4aec-ac10-65fcd7b59754",
            "ticker": "KXHIGHAUS-25APR04-T84",
            "count": 2,
            "created_time": "2025-04-04T16:09:22.404742Z",
            "yes_price": 44,
            "no_price": 56,
            "taker_side": "no"
        },
        {
            "trade_id": "fded965b-d521-422e-b361-b5b1102a5bc2",
            "ticker": "KXHIGHAUS-25APR04-T84",
            "count": 2,
            "created_time": "2025-04-04T16:09:21.101023Z",
            "yes_price": 42,
            "no_price": 58,
            "taker_side": "yes"
        },
        {
            "trade_id": "641af64c-92a2-4557-8131-42711c9b40d8",
            "ticker": "KXHIGHAUS-25APR04-T84",
            "count": 50,
            "created_time": "2025-04-04T16:09:21.101023Z",
            "yes_price": 44,
            "no_price": 56,
            "taker_side": "yes"
        },
        {
            "trade_id": "4be336c1-8ac0-4a58-a08d-0a1ba62a4a52",
            "ticker": "KXHIGHAUS-25APR04-T84",
            "count": 21,
            "created_time": "2025-04-04T16:09:21.101023Z",
            "yes_price": 44,
            "no_price": 56,
            "taker_side": "yes"
        },
        {
            "trade_id": "32684aed-3192-41ad-a6df-8cea059aad8e",
            "ticker": "KXHIGHAUS-25APR04-T84",
            "count": 49,
            "created_time": "2025-04-04T16:02:43.781624Z",
            "yes_price": 40,
            "no_price": 60,
            "taker_side": "no"
        },
        {
            "trade_id": "76768594-3f72-4edc-ab17-ca63bd6b89c1",
            "ticker": "KXHIGHAUS-25APR04-T84",
            "count": 14,
            "created_time": "2025-04-04T16:02:15.805428Z",
            "yes_price": 40,
            "no_price": 60,
            "taker_side": "no"
        },
        {
            "trade_id": "b94e3c80-082f-4635-8be5-6213acd37d6b",
            "ticker": "KXHIGHAUS-25APR04-T84",
            "count": 14,
            "created_time": "2025-04-04T16:01:51.369173Z",
            "yes_price": 40,
            "no_price": 60,
            "taker_side": "no"
        },
        {
            "trade_id": "568e2e2b-f91a-4610-8c71-e5fc2ef20a85",
            "ticker": "KXHIGHAUS-25APR04-T84",
            "count": 17,
            "created_time": "2025-04-04T15:57:01.577854Z",
            "yes_price": 39,
            "no_price": 61,
            "taker_side": "yes"
        },
        {
            "trade_id": "cbfa0284-0ca6-442c-9455-d08556c6f9b9",
            "ticker": "KXHIGHAUS-25APR04-T84",
            "count": 40,
            "created_time": "2025-04-04T15:46:02.831108Z",
            "yes_price": 36,
            "no_price": 64,
            "taker_side": "no"
        },
        {
            "trade_id": "c4d57a3e-93e0-4ba5-8c37-ff0bc7aa23b5",
            "ticker": "KXHIGHAUS-25APR04-T84",
            "count": 19,
            "created_time": "2025-04-04T15:46:02.831108Z",
            "yes_price": 37,
            "no_price": 63,
            "taker_side": "no"
        },
        {
            "trade_id": "aeb83a60-4f6c-40a5-b295-688f010e42e8",
            "ticker": "KXHIGHAUS-25APR04-T84",
            "count": 29,
            "created_time": "2025-04-04T15:46:02.831108Z",
            "yes_price": 49,
            "no_price": 51,
            "taker_side": "no"
        },
        {
            "trade_id": "8803891c-4fe4-441f-8910-cbb465ac6ea0",
            "ticker": "KXHIGHAUS-25APR04-T84",
            "count": 23,
            "created_time": "2025-04-04T15:46:02.831108Z",
            "yes_price": 36,
            "no_price": 64,
            "taker_side": "no"
        },
        {
            "trade_id": "75d2d6f3-2ed6-4418-a88a-6a30c6880b59",
            "ticker": "KXHIGHAUS-25APR04-T84",
            "count": 1,
            "created_time": "2025-04-04T15:46:02.831108Z",
            "yes_price": 49,
            "no_price": 51,
            "taker_side": "no"
        },
        {
            "trade_id": "86c2fcb0-c5d1-4ec8-8246-a662fb071c4c",
            "ticker": "KXHIGHAUS-25APR04-T84",
            "count": 1,
            "created_time": "2025-04-04T15:45:12.148575Z",
            "yes_price": 49,
            "no_price": 51,
            "taker_side": "no"
        },
        {
            "trade_id": "fee73d6a-37d7-47ad-8072-47016024b688",
            "ticker": "KXHIGHAUS-25APR04-T84",
            "count": 3,
            "created_time": "2025-04-04T15:28:22.659915Z",
            "yes_price": 53,
            "no_price": 47,
            "taker_side": "yes"
        },
        {
            "trade_id": "6abbe722-2ab2-422d-8f79-7468d53d8cb0",
            "ticker": "KXHIGHAUS-25APR04-T84",
            "count": 1,
            "created_time": "2025-04-04T15:28:22.659915Z",
            "yes_price": 52,
            "no_price": 48,
            "taker_side": "yes"
        },
        {
            "trade_id": "407567e2-cee3-48f3-944e-fc4325240478",
            "ticker": "KXHIGHAUS-25APR04-T84",
            "count": 3,
            "created_time": "2025-04-04T15:28:09.952246Z",
            "yes_price": 51,
            "no_price": 49,
            "taker_side": "yes"
        },
        {
            "trade_id": "758066a8-3565-4a88-9d6f-e4893e468557",
            "ticker": "KXHIGHAUS-25APR04-T84",
            "count": 1,
            "created_time": "2025-04-04T15:25:33.46139Z",
            "yes_price": 52,
            "no_price": 48,
            "taker_side": "yes"
        },
        {
            "trade_id": "eab14e6f-540a-4b02-9e99-cfffd4b0014b",
            "ticker": "KXHIGHAUS-25APR04-T84",
            "count": 2,
            "created_time": "2025-04-04T15:25:24.737976Z",
            "yes_price": 52,
            "no_price": 48,
            "taker_side": "yes"
        },
        {
            "trade_id": "c11e4629-2750-4615-a21a-76192bc8af16",
            "ticker": "KXHIGHAUS-25APR04-T84",
            "count": 6,
            "created_time": "2025-04-04T15:23:23.305321Z",
            "yes_price": 52,
            "no_price": 48,
            "taker_side": "yes"
        },
        {
            "trade_id": "cb8ca3c1-ccbe-47fe-8702-b5f30a39148c",
            "ticker": "KXHIGHAUS-25APR04-T84",
            "count": 13,
            "created_time": "2025-04-04T15:23:07.736917Z",
            "yes_price": 52,
            "no_price": 48,
            "taker_side": "yes"
        },
        {
            "trade_id": "9d23483d-70d2-41df-b416-f4cc52d26fd1",
            "ticker": "KXHIGHAUS-25APR04-T84",
            "count": 4,
            "created_time": "2025-04-04T15:23:07.736917Z",
            "yes_price": 52,
            "no_price": 48,
            "taker_side": "yes"
        },
        {
            "trade_id": "2b843fde-a0af-4d51-8817-f39bf1602afa",
            "ticker": "KXHIGHAUS-25APR04-T84",
            "count": 1,
            "created_time": "2025-04-04T15:22:32.750041Z",
            "yes_price": 52,
            "no_price": 48,
            "taker_side": "yes"
        },
        {
            "trade_id": "a24a5843-a277-4a28-a959-8c1812529a94",
            "ticker": "KXHIGHAUS-25APR04-T84",
            "count": 10,
            "created_time": "2025-04-04T15:20:06.252837Z",
            "yes_price": 51,
            "no_price": 49,
            "taker_side": "yes"
        },
        {
            "trade_id": "b1a20536-5f74-49d1-a582-3052176b670f",
            "ticker": "KXHIGHAUS-25APR04-T84",
            "count": 69,
            "created_time": "2025-04-04T15:16:07.046536Z",
            "yes_price": 49,
            "no_price": 51,
            "taker_side": "no"
        },
        {
            "trade_id": "8ca95d25-e86d-452b-ad89-2a92a3896e9f",
            "ticker": "KXHIGHAUS-25APR04-T84",
            "count": 48,
            "created_time": "2025-04-04T15:16:07.046536Z",
            "yes_price": 49,
            "no_price": 51,
            "taker_side": "no"
        },
        {
            "trade_id": "20047f93-09f4-49cd-abde-38a7858c62f6",
            "ticker": "KXHIGHAUS-25APR04-T84",
            "count": 240,
            "created_time": "2025-04-04T15:16:07.046536Z",
            "yes_price": 47,
            "no_price": 53,
            "taker_side": "no"
        },
        {
            "trade_id": "05e569a3-f49a-465f-97f0-21c300ef1a00",
            "ticker": "KXHIGHAUS-25APR04-T84",
            "count": 98,
            "created_time": "2025-04-04T15:16:07.046536Z",
            "yes_price": 50,
            "no_price": 50,
            "taker_side": "no"
        },
        {
            "trade_id": "3160dbc6-fca2-4b51-b33f-7b56d2333d05",
            "ticker": "KXHIGHAUS-25APR04-T84",
            "count": 2,
            "created_time": "2025-04-04T15:16:01.45737Z",
            "yes_price": 50,
            "no_price": 50,
            "taker_side": "no"
        },
        {
            "trade_id": "e53e9c40-1a85-4552-80a0-fc0be2fd78f2",
            "ticker": "KXHIGHAUS-25APR04-T84",
            "count": 66,
            "created_time": "2025-04-04T15:14:27.88151Z",
            "yes_price": 50,
            "no_price": 50,
            "taker_side": "no"
        },
        {
            "trade_id": "df417a2e-088d-4ded-9bd2-8e23a2ced6a7",
            "ticker": "KXHIGHAUS-25APR04-T84",
            "count": 48,
            "created_time": "2025-04-04T15:14:27.88151Z",
            "yes_price": 48,
            "no_price": 52,
            "taker_side": "no"
        },
        {
            "trade_id": "3399286a-2dbc-4412-90df-6cc4f473c91d",
            "ticker": "KXHIGHAUS-25APR04-T84",
            "count": 1,
            "created_time": "2025-04-04T15:14:27.88151Z",
            "yes_price": 51,
            "no_price": 49,
            "taker_side": "no"
        },
        {
            "trade_id": "a34d39e0-2aa5-48d9-b8e5-73505d2de372",
            "ticker": "KXHIGHAUS-25APR04-T84",
            "count": 4,
            "created_time": "2025-04-04T15:14:20.749154Z",
            "yes_price": 51,
            "no_price": 49,
            "taker_side": "yes"
        },
        {
            "trade_id": "92ddc2f1-5f27-4de5-ad4d-e125067fcd37",
            "ticker": "KXHIGHAUS-25APR04-T84",
            "count": 32,
            "created_time": "2025-04-04T15:14:07.330565Z",
            "yes_price": 50,
            "no_price": 50,
            "taker_side": "no"
        },
        {
            "trade_id": "22f72942-4987-4048-8375-f0f42c24ca49",
            "ticker": "KXHIGHAUS-25APR04-T84",
            "count": 19,
            "created_time": "2025-04-04T15:12:45.75429Z",
            "yes_price": 50,
            "no_price": 50,
            "taker_side": "no"
        },
        {
            "trade_id": "4b8e7771-0cf4-4430-947a-b1b7ffe038dc",
            "ticker": "KXHIGHAUS-25APR04-T84",
            "count": 18,
            "created_time": "2025-04-04T15:12:33.281667Z",
            "yes_price": 53,
            "no_price": 47,
            "taker_side": "yes"
        },
        {
            "trade_id": "47f75838-f3f6-450e-b728-b8641505b7b8",
            "ticker": "KXHIGHAUS-25APR04-T84",
            "count": 8,
            "created_time": "2025-04-04T15:09:35.578304Z",
            "yes_price": 55,
            "no_price": 45,
            "taker_side": "yes"
        },
        {
            "trade_id": "55a2aa72-3740-494b-9a48-cf13d5b0e2a5",
            "ticker": "KXHIGHAUS-25APR04-T84",
            "count": 69,
            "created_time": "2025-04-04T15:09:19.451132Z",
            "yes_price": 51,
            "no_price": 49,
            "taker_side": "no"
        },
        {
            "trade_id": "2d6c3f29-4733-4210-8420-e3c11600aecd",
            "ticker": "KXHIGHAUS-25APR04-T84",
            "count": 31,
            "created_time": "2025-04-04T15:09:19.451132Z",
            "yes_price": 49,
            "no_price": 51,
            "taker_side": "no"
        },
        {
            "trade_id": "807c065f-52bc-4f12-aeea-69822b314a5e",
            "ticker": "KXHIGHAUS-25APR04-T84",
            "count": 9,
            "created_time": "2025-04-04T15:08:10.752661Z",
            "yes_price": 51,
            "no_price": 49,
            "taker_side": "no"
        },
        {
            "trade_id": "7fc36806-ff43-4b3f-a807-7195c1c04b24",
            "ticker": "KXHIGHAUS-25APR04-T84",
            "count": 11,
            "created_time": "2025-04-04T15:03:38.864919Z",
            "yes_price": 54,
            "no_price": 46,
            "taker_side": "yes"
        },
        {
            "trade_id": "4e534565-0b2c-486d-86eb-b967f9183205",
            "ticker": "KXHIGHAUS-25APR04-T84",
            "count": 74,
            "created_time": "2025-04-04T15:03:38.864919Z",
            "yes_price": 57,
            "no_price": 43,
            "taker_side": "yes"
        },
        {
            "trade_id": "faa5e6b5-aef2-4ac7-bd5e-d79906857dc1",
            "ticker": "KXHIGHAUS-25APR04-T84",
            "count": 19,
            "created_time": "2025-04-04T15:03:06.349845Z",
            "yes_price": 50,
            "no_price": 50,
            "taker_side": "no"
        },
        {
            "trade_id": "bc285e99-6d9d-4163-bc98-bbb421e55e74",
            "ticker": "KXHIGHAUS-25APR04-T84",
            "count": 82,
            "created_time": "2025-04-04T14:59:52.137371Z",
            "yes_price": 49,
            "no_price": 51,
            "taker_side": "no"
        },
        {
            "trade_id": "27cec1df-82ee-4d8d-a554-f62a68c8df87",
            "ticker": "KXHIGHAUS-25APR04-T84",
            "count": 118,
            "created_time": "2025-04-04T14:59:52.137371Z",
            "yes_price": 51,
            "no_price": 49,
            "taker_side": "no"
        },
        {
            "trade_id": "8de9ee36-856d-4d16-bfa3-c085ff2e53b1",
            "ticker": "KXHIGHAUS-25APR04-T84",
            "count": 89,
            "created_time": "2025-04-04T14:54:44.354291Z",
            "yes_price": 54,
            "no_price": 46,
            "taker_side": "yes"
        },
        {
            "trade_id": "024b409b-cb22-4b09-8a7f-5ac4ec0cf4eb",
            "ticker": "KXHIGHAUS-25APR04-T84",
            "count": 35,
            "created_time": "2025-04-04T14:52:31.180976Z",
            "yes_price": 52,
            "no_price": 48,
            "taker_side": "no"
        },
        {
            "trade_id": "bd38cd23-9cb8-4256-97ff-df05f9c50ba6",
            "ticker": "KXHIGHAUS-25APR04-T84",
            "count": 4,
            "created_time": "2025-04-04T14:51:55.854736Z",
            "yes_price": 52,
            "no_price": 48,
            "taker_side": "no"
        },
        {
            "trade_id": "a464c46f-2b74-4aea-9997-afa298356c2a",
            "ticker": "KXHIGHAUS-25APR04-T84",
            "count": 2,
            "created_time": "2025-04-04T14:46:34.139645Z",
            "yes_price": 53,
            "no_price": 47,
            "taker_side": "yes"
        },
        {
            "trade_id": "7266f18d-774d-415d-aeda-b84cbffa7bbc",
            "ticker": "KXHIGHAUS-25APR04-T84",
            "count": 19,
            "created_time": "2025-04-04T14:42:42.431696Z",
            "yes_price": 53,
            "no_price": 47,
            "taker_side": "yes"
        },
        {
            "trade_id": "2574e749-5fc5-4549-a7c2-c98903e0b679",
            "ticker": "KXHIGHAUS-25APR04-T84",
            "count": 5,
            "created_time": "2025-04-04T14:33:52.700984Z",
            "yes_price": 51,
            "no_price": 49,
            "taker_side": "yes"
        },
        {
            "trade_id": "1a952f58-e456-4b0f-aa51-3d4604f2e2d0",
            "ticker": "KXHIGHAUS-25APR04-T84",
            "count": 32,
            "created_time": "2025-04-04T14:33:52.700984Z",
            "yes_price": 52,
            "no_price": 48,
            "taker_side": "yes"
        },
        {
            "trade_id": "401ee0a7-2576-4062-9090-7d09061993d0",
            "ticker": "KXHIGHAUS-25APR04-T84",
            "count": 9,
            "created_time": "2025-04-04T14:23:29.546502Z",
            "yes_price": 50,
            "no_price": 50,
            "taker_side": "yes"
        },
        {
            "trade_id": "30911082-34c3-458d-bfba-51722a82c64e",
            "ticker": "KXHIGHAUS-25APR04-T84",
            "count": 14,
            "created_time": "2025-04-04T14:03:05.266731Z",
            "yes_price": 45,
            "no_price": 55,
            "taker_side": "no"
        },
        {
            "trade_id": "b67ba57c-8c99-41e2-ae17-0843cf95b662",
            "ticker": "KXHIGHAUS-25APR04-T84",
            "count": 1,
            "created_time": "2025-04-04T13:53:06.193088Z",
            "yes_price": 46,
            "no_price": 54,
            "taker_side": "no"
        },
        {
            "trade_id": "52944e7d-40af-4b8f-b983-a04e43596e50",
            "ticker": "KXHIGHAUS-25APR04-T84",
            "count": 3,
            "created_time": "2025-04-04T13:51:11.122216Z",
            "yes_price": 47,
            "no_price": 53,
            "taker_side": "yes"
        },
        {
            "trade_id": "93bcc3c2-8e52-45ae-89ef-e445c5964d4b",
            "ticker": "KXHIGHAUS-25APR04-T84",
            "count": 2,
            "created_time": "2025-04-04T13:45:47.268882Z",
            "yes_price": 50,
            "no_price": 50,
            "taker_side": "yes"
        },
        {
            "trade_id": "1c425d56-411a-4a2c-a0c0-5477aab03bde",
            "ticker": "KXHIGHAUS-25APR04-T84",
            "count": 1,
            "created_time": "2025-04-04T13:45:47.268882Z",
            "yes_price": 49,
            "no_price": 51,
            "taker_side": "yes"
        },
        {
            "trade_id": "184a2d55-8925-4d9f-9e9a-016dc3f89288",
            "ticker": "KXHIGHAUS-25APR04-T84",
            "count": 176,
            "created_time": "2025-04-04T13:35:31.568525Z",
            "yes_price": 45,
            "no_price": 55,
            "taker_side": "no"
        },
        {
            "trade_id": "e1c332fb-0a5f-4749-a9dc-03cf583b23e1",
            "ticker": "KXHIGHAUS-25APR04-T84",
            "count": 77,
            "created_time": "2025-04-04T13:34:43.527368Z",
            "yes_price": 48,
            "no_price": 52,
            "taker_side": "no"
        },
        {
            "trade_id": "26744e13-ca4f-4210-8d21-2d4cde53abb9",
            "ticker": "KXHIGHAUS-25APR04-T84",
            "count": 57,
            "created_time": "2025-04-04T13:34:43.527368Z",
            "yes_price": 46,
            "no_price": 54,
            "taker_side": "no"
        },
        {
            "trade_id": "06e15d78-c755-4b32-989d-3f4559b752b3",
            "ticker": "KXHIGHAUS-25APR04-T84",
            "count": 34,
            "created_time": "2025-04-04T13:34:43.527368Z",
            "yes_price": 45,
            "no_price": 55,
            "taker_side": "no"
        },
        {
            "trade_id": "ab34d058-cbeb-4b15-9ee6-2c8de7064956",
            "ticker": "KXHIGHAUS-25APR04-T84",
            "count": 93,
            "created_time": "2025-04-04T13:33:18.793727Z",
            "yes_price": 51,
            "no_price": 49,
            "taker_side": "no"
        },
        {
            "trade_id": "dbd00681-ff24-409a-b66b-b47b53b931dd",
            "ticker": "KXHIGHAUS-25APR04-T84",
            "count": 118,
            "created_time": "2025-04-04T13:32:42.224797Z",
            "yes_price": 51,
            "no_price": 49,
            "taker_side": "no"
        },
        {
            "trade_id": "dbecaff8-69cf-407b-8ba5-1b93d9ed91e3",
            "ticker": "KXHIGHAUS-25APR04-T84",
            "count": 117,
            "created_time": "2025-04-04T13:32:40.600709Z",
            "yes_price": 50,
            "no_price": 50,
            "taker_side": "yes"
        },
        {
            "trade_id": "d19a9188-0d48-4ba0-a644-fec9a7672141",
            "ticker": "KXHIGHAUS-25APR04-T84",
            "count": 115,
            "created_time": "2025-04-04T13:32:34.157945Z",
            "yes_price": 49,
            "no_price": 51,
            "taker_side": "yes"
        },
        {
            "trade_id": "91b44847-c575-4423-b3b6-c41ee20652d8",
            "ticker": "KXHIGHAUS-25APR04-T84",
            "count": 5,
            "created_time": "2025-04-04T13:32:13.001373Z",
            "yes_price": 46,
            "no_price": 54,
            "taker_side": "no"
        },
        {
            "trade_id": "75d03fa5-30f8-4027-b753-8b081e254210",
            "ticker": "KXHIGHAUS-25APR04-T84",
            "count": 1,
            "created_time": "2025-04-04T13:32:13.001373Z",
            "yes_price": 45,
            "no_price": 55,
            "taker_side": "no"
        },
        {
            "trade_id": "102eecf3-ca9c-431f-96d6-5de6595a4b5a",
            "ticker": "KXHIGHAUS-25APR04-T84",
            "count": 1,
            "created_time": "2025-04-04T13:32:13.001373Z",
            "yes_price": 48,
            "no_price": 52,
            "taker_side": "no"
        },
        {
            "trade_id": "019b408b-12fa-4f25-8002-9bf8375d389f",
            "ticker": "KXHIGHAUS-25APR04-T84",
            "count": 1,
            "created_time": "2025-04-04T13:32:13.001373Z",
            "yes_price": 46,
            "no_price": 54,
            "taker_side": "no"
        },
        {
            "trade_id": "0b4ce8be-314f-4195-8465-92bbd1e2bb2b",
            "ticker": "KXHIGHAUS-25APR04-T84",
            "count": 119,
            "created_time": "2025-04-04T13:16:02.352903Z",
            "yes_price": 52,
            "no_price": 48,
            "taker_side": "yes"
        },
        {
            "trade_id": "e58d7963-efce-4ad9-8046-7639b23d9315",
            "ticker": "KXHIGHAUS-25APR04-T84",
            "count": 80,
            "created_time": "2025-04-04T13:15:51.153492Z",
            "yes_price": 51,
            "no_price": 49,
            "taker_side": "yes"
        },
        {
            "trade_id": "c120042e-d850-4035-b211-ff76399f13fa",
            "ticker": "KXHIGHAUS-25APR04-T84",
            "count": 5,
            "created_time": "2025-04-04T13:15:51.153492Z",
            "yes_price": 51,
            "no_price": 49,
            "taker_side": "yes"
        },
        {
            "trade_id": "fad03eb5-5c72-4bce-bfbd-c8e3a2fb7c61",
            "ticker": "KXHIGHAUS-25APR04-T84",
            "count": 17,
            "created_time": "2025-04-04T13:15:00.66616Z",
            "yes_price": 51,
            "no_price": 49,
            "taker_side": "yes"
        },
        {
            "trade_id": "b491be41-4041-477a-9152-25841392da30",
            "ticker": "KXHIGHAUS-25APR04-T84",
            "count": 5,
            "created_time": "2025-04-04T13:13:36.343407Z",
            "yes_price": 51,
            "no_price": 49,
            "taker_side": "yes"
        },
        {
            "trade_id": "ef97a940-3a71-4924-b851-d7115f4fe6c3",
            "ticker": "KXHIGHAUS-25APR04-T84",
            "count": 40,
            "created_time": "2025-04-04T13:11:14.310655Z",
            "yes_price": 54,
            "no_price": 46,
            "taker_side": "yes"
        },
        {
            "trade_id": "6d263312-f540-4a41-b35e-17524ca940b7",
            "ticker": "KXHIGHAUS-25APR04-T84",
            "count": 80,
            "created_time": "2025-04-04T13:11:14.310655Z",
            "yes_price": 54,
            "no_price": 46,
            "taker_side": "yes"
        },
        {
            "trade_id": "f68be330-3ff4-4144-b2af-bb802dde2976",
            "ticker": "KXHIGHAUS-25APR04-T84",
            "count": 2,
            "created_time": "2025-04-04T13:09:47.850658Z",
            "yes_price": 53,
            "no_price": 47,
            "taker_side": "no"
        },
        {
            "trade_id": "6f4de4b3-5663-4fc2-a7bf-2163c854ff15",
            "ticker": "KXHIGHAUS-25APR04-T84",
            "count": 2,
            "created_time": "2025-04-04T13:09:47.554216Z",
            "yes_price": 53,
            "no_price": 47,
            "taker_side": "no"
        },
        {
            "trade_id": "d3963e69-cec0-4eaa-b276-faa969548651",
            "ticker": "KXHIGHAUS-25APR04-T84",
            "count": 38,
            "created_time": "2025-04-04T13:09:46.949761Z",
            "yes_price": 52,
            "no_price": 48,
            "taker_side": "yes"
        },
        {
            "trade_id": "af3fcb78-ba77-4124-a50b-6ff9b4eba082",
            "ticker": "KXHIGHAUS-25APR04-T84",
            "count": 25,
            "created_time": "2025-04-04T13:09:46.949761Z",
            "yes_price": 52,
            "no_price": 48,
            "taker_side": "yes"
        },
        {
            "trade_id": "ae3f44da-0580-4a7e-8f08-010742425516",
            "ticker": "KXHIGHAUS-25APR04-T84",
            "count": 4,
            "created_time": "2025-04-04T13:09:46.949761Z",
            "yes_price": 52,
            "no_price": 48,
            "taker_side": "yes"
        },
        {
            "trade_id": "7b0c63f6-932a-40d4-92c7-d64bf91cafa3",
            "ticker": "KXHIGHAUS-25APR04-T84",
            "count": 240,
            "created_time": "2025-04-04T13:09:38.445302Z",
            "yes_price": 51,
            "no_price": 49,
            "taker_side": "yes"
        },
        {
            "trade_id": "43dd17a6-ac38-4a02-a409-5c9cc20e21eb",
            "ticker": "KXHIGHAUS-25APR04-T84",
            "count": 8,
            "created_time": "2025-04-04T13:09:38.445302Z",
            "yes_price": 49,
            "no_price": 51,
            "taker_side": "yes"
        },
        {
            "trade_id": "5d7bca1f-0205-4ee1-ba7d-2f0efc01ed11",
            "ticker": "KXHIGHAUS-25APR04-T84",
            "count": 21,
            "created_time": "2025-04-04T13:09:37.416098Z",
            "yes_price": 45,
            "no_price": 55,
            "taker_side": "no"
        },
        {
            "trade_id": "21cd161c-ffb2-44ea-a874-42ec9dbb6f08",
            "ticker": "KXHIGHAUS-25APR04-T84",
            "count": 102,
            "created_time": "2025-04-04T13:09:33.004082Z",
            "yes_price": 49,
            "no_price": 51,
            "taker_side": "no"
        },
        {
            "trade_id": "68da2f6e-7087-4086-81a7-ce22768198bf",
            "ticker": "KXHIGHAUS-25APR04-T84",
            "count": 17,
            "created_time": "2025-04-04T13:09:31.163932Z",
            "yes_price": 49,
            "no_price": 51,
            "taker_side": "no"
        },
        {
            "trade_id": "7e8de682-06fc-48f0-b3db-a2dfafaa7d57",
            "ticker": "KXHIGHAUS-25APR04-T84",
            "count": 2,
            "created_time": "2025-04-04T13:09:30.947792Z",
            "yes_price": 49,
            "no_price": 51,
            "taker_side": "no"
        },
        {
            "trade_id": "f771e148-6ef5-45ca-abb1-6e9f1729facc",
            "ticker": "KXHIGHAUS-25APR04-T84",
            "count": 240,
            "created_time": "2025-04-04T13:09:30.818136Z",
            "yes_price": 48,
            "no_price": 52,
            "taker_side": "yes"
        },
        {
            "trade_id": "b4603760-c0fe-4734-8f0d-1f4a9a59e120",
            "ticker": "KXHIGHAUS-25APR04-T84",
            "count": 3,
            "created_time": "2025-04-04T13:09:30.818136Z",
            "yes_price": 47,
            "no_price": 53,
            "taker_side": "yes"
        },
        {
            "trade_id": "85462761-59c7-4876-ae39-dd6df76e00a2",
            "ticker": "KXHIGHAUS-25APR04-T84",
            "count": 50,
            "created_time": "2025-04-04T13:09:30.818136Z",
            "yes_price": 49,
            "no_price": 51,
            "taker_side": "yes"
        },
        {
            "trade_id": "63eac9f5-5225-4bbc-adbd-fce6eccb1412",
            "ticker": "KXHIGHAUS-25APR04-T84",
            "count": 1,
            "created_time": "2025-04-04T13:09:30.818136Z",
            "yes_price": 46,
            "no_price": 54,
            "taker_side": "yes"
        },
        {
            "trade_id": "21ac342e-5012-4747-b575-ed717b3b2f9e",
            "ticker": "KXHIGHAUS-25APR04-T84",
            "count": 119,
            "created_time": "2025-04-04T13:09:30.818136Z",
            "yes_price": 46,
            "no_price": 54,
            "taker_side": "yes"
        },
        {
            "trade_id": "87eb200f-1839-47dd-980c-6c467ffa5017",
            "ticker": "KXHIGHAUS-25APR04-T84",
            "count": 58,
            "created_time": "2025-04-04T13:09:21.993309Z",
            "yes_price": 45,
            "no_price": 55,
            "taker_side": "no"
        },
        {
            "trade_id": "f3b5513a-1efe-4e72-b3e5-a454ec15a92f",
            "ticker": "KXHIGHAUS-25APR04-T84",
            "count": 6,
            "created_time": "2025-04-04T13:08:38.473409Z",
            "yes_price": 46,
            "no_price": 54,
            "taker_side": "no"
        },
        {
            "trade_id": "fb8aa4b4-f58a-4e23-8695-782d36d42b3c",
            "ticker": "KXHIGHAUS-25APR04-T84",
            "count": 240,
            "created_time": "2025-04-04T13:08:36.84559Z",
            "yes_price": 45,
            "no_price": 55,
            "taker_side": "yes"
        },
        {
            "trade_id": "e2022df3-451d-4474-9438-59a6e8c06d08",
            "ticker": "KXHIGHAUS-25APR04-T84",
            "count": 40,
            "created_time": "2025-04-04T13:08:36.84559Z",
            "yes_price": 43,
            "no_price": 57,
            "taker_side": "yes"
        },
        {
            "trade_id": "a20ef46c-6a9b-4007-9fa3-0073c1952d75",
            "ticker": "KXHIGHAUS-25APR04-T84",
            "count": 1,
            "created_time": "2025-04-04T13:08:36.84559Z",
            "yes_price": 43,
            "no_price": 57,
            "taker_side": "yes"
        },
        {
            "trade_id": "d556155e-b540-4d8b-b997-7fb51c384dba",
            "ticker": "KXHIGHAUS-25APR04-T84",
            "count": 5,
            "created_time": "2025-04-04T13:04:55.824246Z",
            "yes_price": 43,
            "no_price": 57,
            "taker_side": "yes"
        },
        {
            "trade_id": "8b0ed84f-7a87-431e-afd6-f21d03694681",
            "ticker": "KXHIGHAUS-25APR04-T84",
            "count": 240,
            "created_time": "2025-04-04T13:04:55.824246Z",
            "yes_price": 43,
            "no_price": 57,
            "taker_side": "yes"
        },
        {
            "trade_id": "7d83bb7c-db5a-405d-b38d-7c084358b57c",
            "ticker": "KXHIGHAUS-25APR04-T84",
            "count": 6,
            "created_time": "2025-04-04T13:04:55.824246Z",
            "yes_price": 42,
            "no_price": 58,
            "taker_side": "yes"
        },
        {
            "trade_id": "6e1a27e1-bcd2-406c-bf6b-4a73fb098028",
            "ticker": "KXHIGHAUS-25APR04-T84",
            "count": 1,
            "created_time": "2025-04-04T13:04:55.824246Z",
            "yes_price": 40,
            "no_price": 60,
            "taker_side": "yes"
        },
        {
            "trade_id": "4d1d7a29-b547-4fbe-b9bc-9a3cfdc8e32e",
            "ticker": "KXHIGHAUS-25APR04-T84",
            "count": 1,
            "created_time": "2025-04-04T13:04:55.824246Z",
            "yes_price": 41,
            "no_price": 59,
            "taker_side": "yes"
        },
        {
            "trade_id": "17413d42-5c3a-4738-aa88-eb61597eaf9a",
            "ticker": "KXHIGHAUS-25APR04-T84",
            "count": 8,
            "created_time": "2025-04-04T13:04:55.824246Z",
            "yes_price": 41,
            "no_price": 59,
            "taker_side": "yes"
        },
        {
            "trade_id": "09d27852-2be1-446f-b178-9b11ea9fc543",
            "ticker": "KXHIGHAUS-25APR04-T84",
            "count": 39,
            "created_time": "2025-04-04T13:04:55.824246Z",
            "yes_price": 39,
            "no_price": 61,
            "taker_side": "yes"
        },
        {
            "trade_id": "78ae0443-faab-4853-a951-5c8e8b164e31",
            "ticker": "KXHIGHAUS-25APR04-T84",
            "count": 2,
            "created_time": "2025-04-04T13:04:46.690827Z",
            "yes_price": 39,
            "no_price": 61,
            "taker_side": "yes"
        },
        {
            "trade_id": "e09f7c31-fdc6-4e88-9c28-e39fbf48b31e",
            "ticker": "KXHIGHAUS-25APR04-T84",
            "count": 1,
            "created_time": "2025-04-04T12:56:58.460848Z",
            "yes_price": 37,
            "no_price": 63,
            "taker_side": "no"
        },
        {
            "trade_id": "cf215fdf-05c9-4d9b-aed1-f5dccf52a8f3",
            "ticker": "KXHIGHAUS-25APR04-T84",
            "count": 1,
            "created_time": "2025-04-04T12:56:58.460848Z",
            "yes_price": 38,
            "no_price": 62,
            "taker_side": "no"
        },
        {
            "trade_id": "a4eb3a96-fddc-4c39-88af-aa59c578e6de",
            "ticker": "KXHIGHAUS-25APR04-T84",
            "count": 5,
            "created_time": "2025-04-04T12:56:58.460848Z",
            "yes_price": 36,
            "no_price": 64,
            "taker_side": "no"
        },
        {
            "trade_id": "8c9a66a9-d800-4c93-9e3f-404760f59190",
            "ticker": "KXHIGHAUS-25APR04-T84",
            "count": 1,
            "created_time": "2025-04-04T12:56:58.460848Z",
            "yes_price": 36,
            "no_price": 64,
            "taker_side": "no"
        },
        {
            "trade_id": "b76a7b46-9c6b-49ec-b5d3-b33adf913548",
            "ticker": "KXHIGHAUS-25APR04-T84",
            "count": 119,
            "created_time": "2025-04-04T12:55:42.804228Z",
            "yes_price": 40,
            "no_price": 60,
            "taker_side": "yes"
        },
        {
            "trade_id": "e6352731-c07d-458c-a419-84a59fa8c953",
            "ticker": "KXHIGHAUS-25APR04-T84",
            "count": 31,
            "created_time": "2025-04-04T12:54:41.80304Z",
            "yes_price": 39,
            "no_price": 61,
            "taker_side": "yes"
        },
        {
            "trade_id": "f67ff6e6-3e07-40d0-b698-c89cb170f6d1",
            "ticker": "KXHIGHAUS-25APR04-T84",
            "count": 54,
            "created_time": "2025-04-04T12:53:22.325933Z",
            "yes_price": 41,
            "no_price": 59,
            "taker_side": "yes"
        },
        {
            "trade_id": "703d2e5b-031a-47a8-b1c1-fc66629748bb",
            "ticker": "KXHIGHAUS-25APR04-T84",
            "count": 17,
            "created_time": "2025-04-04T12:53:07.036202Z",
            "yes_price": 40,
            "no_price": 60,
            "taker_side": "yes"
        },
        {
            "trade_id": "e4d552c0-cb5e-4d67-9e27-f6b3f9b3c79f",
            "ticker": "KXHIGHAUS-25APR04-T84",
            "count": 1,
            "created_time": "2025-04-04T12:51:22.004086Z",
            "yes_price": 42,
            "no_price": 58,
            "taker_side": "no"
        },
        {
            "trade_id": "a0ed989d-4148-450b-9df8-b341880f4d35",
            "ticker": "KXHIGHAUS-25APR04-T84",
            "count": 2,
            "created_time": "2025-04-04T12:51:22.004086Z",
            "yes_price": 40,
            "no_price": 60,
            "taker_side": "no"
        },
        {
            "trade_id": "93c7ed69-13f3-4599-8bb1-e9c7c390fe3a",
            "ticker": "KXHIGHAUS-25APR04-T84",
            "count": 5,
            "created_time": "2025-04-04T12:51:22.004086Z",
            "yes_price": 43,
            "no_price": 57,
            "taker_side": "no"
        },
        {
            "trade_id": "24c00d55-08ed-47ea-bd2c-91dec3ac297b",
            "ticker": "KXHIGHAUS-25APR04-T84",
            "count": 1,
            "created_time": "2025-04-04T12:51:22.004086Z",
            "yes_price": 41,
            "no_price": 59,
            "taker_side": "no"
        },
        {
            "trade_id": "ededce32-88ed-4221-bdc7-daf119515046",
            "ticker": "KXHIGHAUS-25APR04-T84",
            "count": 4,
            "created_time": "2025-04-04T12:50:58.065326Z",
            "yes_price": 48,
            "no_price": 52,
            "taker_side": "yes"
        },
        {
            "trade_id": "8b4ce891-f858-4e8d-bd7c-1b8f36cc23a1",
            "ticker": "KXHIGHAUS-25APR04-T84",
            "count": 5,
            "created_time": "2025-04-04T12:50:58.065326Z",
            "yes_price": 49,
            "no_price": 51,
            "taker_side": "yes"
        },
        {
            "trade_id": "adec2957-4949-41ca-a052-550e6fbb0a3b",
            "ticker": "KXHIGHAUS-25APR04-T84",
            "count": 5,
            "created_time": "2025-04-04T12:50:31.794986Z",
            "yes_price": 48,
            "no_price": 52,
            "taker_side": "no"
        },
        {
            "trade_id": "2b758873-b16e-4281-aeae-5adf71c52090",
            "ticker": "KXHIGHAUS-25APR04-T84",
            "count": 11,
            "created_time": "2025-04-04T12:49:18.611366Z",
            "yes_price": 47,
            "no_price": 53,
            "taker_side": "yes"
        },
        {
            "trade_id": "6809b5bc-5329-44ee-afe0-b7ccde30b72e",
            "ticker": "KXHIGHAUS-25APR04-T84",
            "count": 94,
            "created_time": "2025-04-04T12:46:14.108487Z",
            "yes_price": 52,
            "no_price": 48,
            "taker_side": "no"
        },
        {
            "trade_id": "382ade1f-dae3-4096-a41e-90c8c85f2c19",
            "ticker": "KXHIGHAUS-25APR04-T84",
            "count": 1,
            "created_time": "2025-04-04T12:46:14.108487Z",
            "yes_price": 52,
            "no_price": 48,
            "taker_side": "no"
        },
        {
            "trade_id": "4199e970-a07a-478b-b05a-84691f96a6ba",
            "ticker": "KXHIGHAUS-25APR04-T84",
            "count": 5,
            "created_time": "2025-04-04T12:46:05.772116Z",
            "yes_price": 53,
            "no_price": 47,
            "taker_side": "yes"
        },
        {
            "trade_id": "1f282407-595b-4478-94fc-4a2129926656",
            "ticker": "KXHIGHAUS-25APR04-T84",
            "count": 20,
            "created_time": "2025-04-04T12:45:08.506513Z",
            "yes_price": 52,
            "no_price": 48,
            "taker_side": "no"
        },
        {
            "trade_id": "9b55ae32-ed78-46e9-9709-57d34e15a42e",
            "ticker": "KXHIGHAUS-25APR04-T84",
            "count": 6,
            "created_time": "2025-04-04T12:44:10.87034Z",
            "yes_price": 52,
            "no_price": 48,
            "taker_side": "no"
        },
        {
            "trade_id": "e3d02d03-3749-4f26-8680-6411db5a3be3",
            "ticker": "KXHIGHAUS-25APR04-T84",
            "count": 11,
            "created_time": "2025-04-04T12:40:47.539586Z",
            "yes_price": 53,
            "no_price": 47,
            "taker_side": "no"
        },
        {
            "trade_id": "6a24488c-7753-4dda-ade7-aad0b9db1156",
            "ticker": "KXHIGHAUS-25APR04-T84",
            "count": 30,
            "created_time": "2025-04-04T12:40:47.539586Z",
            "yes_price": 52,
            "no_price": 48,
            "taker_side": "no"
        },
        {
            "trade_id": "0aa4dacc-ad0d-40ef-837e-f1d4dc45e499",
            "ticker": "KXHIGHAUS-25APR04-T84",
            "count": 1,
            "created_time": "2025-04-04T12:40:47.539586Z",
            "yes_price": 53,
            "no_price": 47,
            "taker_side": "no"
        },
        {
            "trade_id": "bd3f7025-11ee-4861-9882-b7a44c0707c8",
            "ticker": "KXHIGHAUS-25APR04-T84",
            "count": 50,
            "created_time": "2025-04-04T12:39:41.465579Z",
            "yes_price": 54,
            "no_price": 46,
            "taker_side": "yes"
        },
        {
            "trade_id": "b0e3110f-3e75-4841-bd21-2c438fc70fd6",
            "ticker": "KXHIGHAUS-25APR04-T84",
            "count": 40,
            "created_time": "2025-04-04T12:39:41.465579Z",
            "yes_price": 54,
            "no_price": 46,
            "taker_side": "yes"
        },
        {
            "trade_id": "13aa63a0-3c9a-40a8-9bc6-ea221dea8518",
            "ticker": "KXHIGHAUS-25APR04-T84",
            "count": 33,
            "created_time": "2025-04-04T12:39:41.465579Z",
            "yes_price": 55,
            "no_price": 45,
            "taker_side": "yes"
        },
        {
            "trade_id": "120d565d-744b-45a3-89d6-e9e2f648a146",
            "ticker": "KXHIGHAUS-25APR04-T84",
            "count": 39,
            "created_time": "2025-04-04T12:38:06.600554Z",
            "yes_price": 53,
            "no_price": 47,
            "taker_side": "no"
        },
        {
            "trade_id": "55ee53bf-687d-4261-bc52-fc010d58a2ae",
            "ticker": "KXHIGHAUS-25APR04-T84",
            "count": 1,
            "created_time": "2025-04-04T12:38:06.539166Z",
            "yes_price": 54,
            "no_price": 46,
            "taker_side": "no"
        },
        {
            "trade_id": "502bcce4-0d93-4453-a68d-602ca59fa896",
            "ticker": "KXHIGHAUS-25APR04-T84",
            "count": 39,
            "created_time": "2025-04-04T12:33:04.293357Z",
            "yes_price": 56,
            "no_price": 44,
            "taker_side": "yes"
        },
        {
            "trade_id": "0310af9c-d00e-4411-8202-605c3bfa9a57",
            "ticker": "KXHIGHAUS-25APR04-T84",
            "count": 3,
            "created_time": "2025-04-04T12:33:04.293357Z",
            "yes_price": 56,
            "no_price": 44,
            "taker_side": "yes"
        },
        {
            "trade_id": "eab0f6b7-44c9-4561-940e-cba16f24c731",
            "ticker": "KXHIGHAUS-25APR04-T84",
            "count": 1,
            "created_time": "2025-04-04T12:30:06.31404Z",
            "yes_price": 55,
            "no_price": 45,
            "taker_side": "no"
        },
        {
            "trade_id": "506a8ced-af7a-43f1-ad1e-772c09460b4a",
            "ticker": "KXHIGHAUS-25APR04-T84",
            "count": 50,
            "created_time": "2025-04-04T12:25:07.048651Z",
            "yes_price": 59,
            "no_price": 41,
            "taker_side": "yes"
        },
        {
            "trade_id": "4f248815-f73d-4879-a85a-b161b1989d2c",
            "ticker": "KXHIGHAUS-25APR04-T84",
            "count": 12,
            "created_time": "2025-04-04T12:25:07.048651Z",
            "yes_price": 59,
            "no_price": 41,
            "taker_side": "yes"
        },
        {
            "trade_id": "2f85ce3a-8b64-4f1f-94b3-48612f7f1d7f",
            "ticker": "KXHIGHAUS-25APR04-T84",
            "count": 81,
            "created_time": "2025-04-04T12:25:07.048651Z",
            "yes_price": 59,
            "no_price": 41,
            "taker_side": "yes"
        },
        {
            "trade_id": "81dc1c7c-6992-4c3a-9336-cde4155bd302",
            "ticker": "KXHIGHAUS-25APR04-T84",
            "count": 1,
            "created_time": "2025-04-04T12:24:16.382408Z",
            "yes_price": 57,
            "no_price": 43,
            "taker_side": "yes"
        },
        {
            "trade_id": "941c0241-54d3-4d5b-9526-f79525ac5378",
            "ticker": "KXHIGHAUS-25APR04-T84",
            "count": 28,
            "created_time": "2025-04-04T12:22:02.676306Z",
            "yes_price": 57,
            "no_price": 43,
            "taker_side": "yes"
        },
        {
            "trade_id": "5a1e6515-082d-4f82-b44a-fcf68eaf61e4",
            "ticker": "KXHIGHAUS-25APR04-T84",
            "count": 5,
            "created_time": "2025-04-04T12:22:02.676306Z",
            "yes_price": 59,
            "no_price": 41,
            "taker_side": "yes"
        },
        {
            "trade_id": "21586737-e9c6-4b3f-ab89-2950cd4c7ec9",
            "ticker": "KXHIGHAUS-25APR04-T84",
            "count": 25,
            "created_time": "2025-04-04T12:22:02.676306Z",
            "yes_price": 57,
            "no_price": 43,
            "taker_side": "yes"
        },
        {
            "trade_id": "fa36f62c-4b69-4890-82b6-3bcc724631ed",
            "ticker": "KXHIGHAUS-25APR04-T84",
            "count": 26,
            "created_time": "2025-04-04T12:21:10.832177Z",
            "yes_price": 56,
            "no_price": 44,
            "taker_side": "yes"
        },
        {
            "trade_id": "f72647e4-5e7a-4e67-b1a8-a818c65ed934",
            "ticker": "KXHIGHAUS-25APR04-T84",
            "count": 92,
            "created_time": "2025-04-04T12:21:10.832177Z",
            "yes_price": 58,
            "no_price": 42,
            "taker_side": "yes"
        },
        {
            "trade_id": "71aa45bd-4906-499f-b083-875ac5593a24",
            "ticker": "KXHIGHAUS-25APR04-T84",
            "count": 50,
            "created_time": "2025-04-04T12:21:10.832177Z",
            "yes_price": 57,
            "no_price": 43,
            "taker_side": "yes"
        },
        {
            "trade_id": "4a0f1110-e981-4bb4-88b8-a1ff1d921dd0",
            "ticker": "KXHIGHAUS-25APR04-T84",
            "count": 1,
            "created_time": "2025-04-04T12:20:09.283785Z",
            "yes_price": 51,
            "no_price": 49,
            "taker_side": "no"
        },
        {
            "trade_id": "ec941209-eaee-46e2-ba37-80d8f2a85dfa",
            "ticker": "KXHIGHAUS-25APR04-T84",
            "count": 109,
            "created_time": "2025-04-04T12:19:50.20537Z",
            "yes_price": 56,
            "no_price": 44,
            "taker_side": "yes"
        },
        {
            "trade_id": "dc7ddb50-8cb2-4df1-ada3-0f2baaccb1d8",
            "ticker": "KXHIGHAUS-25APR04-T84",
            "count": 50,
            "created_time": "2025-04-04T12:19:50.20537Z",
            "yes_price": 56,
            "no_price": 44,
            "taker_side": "yes"
        },
        {
            "trade_id": "bda0169e-b48a-4ea6-905d-4f27ac2ee221",
            "ticker": "KXHIGHAUS-25APR04-T84",
            "count": 2,
            "created_time": "2025-04-04T12:19:50.20537Z",
            "yes_price": 56,
            "no_price": 44,
            "taker_side": "yes"
        },
        {
            "trade_id": "aba23eed-69b7-4594-a68f-abe56fc1f745",
            "ticker": "KXHIGHAUS-25APR04-T84",
            "count": 24,
            "created_time": "2025-04-04T12:19:50.20537Z",
            "yes_price": 54,
            "no_price": 46,
            "taker_side": "yes"
        },
        {
            "trade_id": "9215779c-317e-492f-8884-3e6772fe0d0a",
            "ticker": "KXHIGHAUS-25APR04-T84",
            "count": 1,
            "created_time": "2025-04-04T12:19:50.20537Z",
            "yes_price": 55,
            "no_price": 45,
            "taker_side": "yes"
        },
        {
            "trade_id": "36a831dd-0b1b-4f70-9fb5-3dcf32d3c542",
            "ticker": "KXHIGHAUS-25APR04-T84",
            "count": 5,
            "created_time": "2025-04-04T12:09:30.54488Z",
            "yes_price": 56,
            "no_price": 44,
            "taker_side": "yes"
        },
        {
            "trade_id": "e0c238bb-c3ff-47b1-b779-19ddfcc39293",
            "ticker": "KXHIGHAUS-25APR04-T84",
            "count": 9,
            "created_time": "2025-04-04T12:08:06.765744Z",
            "yes_price": 58,
            "no_price": 42,
            "taker_side": "no"
        },
        {
            "trade_id": "a66be66c-c883-418e-98de-fd7e5814b059",
            "ticker": "KXHIGHAUS-25APR04-T84",
            "count": 10,
            "created_time": "2025-04-04T12:08:00.59013Z",
            "yes_price": 57,
            "no_price": 43,
            "taker_side": "yes"
        },
        {
            "trade_id": "9b08897b-2db8-4d5e-8cfe-d6aaf812ffa4",
            "ticker": "KXHIGHAUS-25APR04-T84",
            "count": 9,
            "created_time": "2025-04-04T12:08:00.59013Z",
            "yes_price": 57,
            "no_price": 43,
            "taker_side": "yes"
        },
        {
            "trade_id": "6fdda444-2b8c-4373-8b98-c5068756d663",
            "ticker": "KXHIGHAUS-25APR04-T84",
            "count": 50,
            "created_time": "2025-04-04T12:08:00.59013Z",
            "yes_price": 57,
            "no_price": 43,
            "taker_side": "yes"
        },
        {
            "trade_id": "3598a1b5-9fd0-4344-b6c0-0a5d7f0161e8",
            "ticker": "KXHIGHAUS-25APR04-T84",
            "count": 1,
            "created_time": "2025-04-04T12:08:00.59013Z",
            "yes_price": 56,
            "no_price": 44,
            "taker_side": "yes"
        },
        {
            "trade_id": "3082b27d-aceb-41e6-9369-326480827a9b",
            "ticker": "KXHIGHAUS-25APR04-T84",
            "count": 17,
            "created_time": "2025-04-04T12:08:00.59013Z",
            "yes_price": 58,
            "no_price": 42,
            "taker_side": "yes"
        },
        {
            "trade_id": "2809f679-6011-494a-b81c-fcf57ffff58d",
            "ticker": "KXHIGHAUS-25APR04-T84",
            "count": 4,
            "created_time": "2025-04-04T12:08:00.59013Z",
            "yes_price": 57,
            "no_price": 43,
            "taker_side": "yes"
        },
        {
            "trade_id": "e97add5c-e05a-4a39-93ff-7997a986e1be",
            "ticker": "KXHIGHAUS-25APR04-T84",
            "count": 200,
            "created_time": "2025-04-04T12:07:06.869955Z",
            "yes_price": 53,
            "no_price": 47,
            "taker_side": "no"
        },
        {
            "trade_id": "becdc33b-ea72-41c8-b7e3-2d300b3c0da8",
            "ticker": "KXHIGHAUS-25APR04-T84",
            "count": 1,
            "created_time": "2025-04-04T12:07:06.869955Z",
            "yes_price": 53,
            "no_price": 47,
            "taker_side": "no"
        },
        {
            "trade_id": "6b5022eb-1f38-4323-8caf-2db5186776e6",
            "ticker": "KXHIGHAUS-25APR04-T84",
            "count": 1,
            "created_time": "2025-04-04T12:07:06.869955Z",
            "yes_price": 55,
            "no_price": 45,
            "taker_side": "no"
        },
        {
            "trade_id": "58a462eb-1db4-43c8-a4d2-a28cc22b1e32",
            "ticker": "KXHIGHAUS-25APR04-T84",
            "count": 3,
            "created_time": "2025-04-04T12:07:06.869955Z",
            "yes_price": 51,
            "no_price": 49,
            "taker_side": "no"
        },
        {
            "trade_id": "8871fa1d-4959-419e-bba3-725ba1427304",
            "ticker": "KXHIGHAUS-25APR04-T84",
            "count": 5,
            "created_time": "2025-04-04T12:04:18.197371Z",
            "yes_price": 51,
            "no_price": 49,
            "taker_side": "no"
        },
        {
            "trade_id": "79659f8f-d302-4f09-98cd-626cc36606cd",
            "ticker": "KXHIGHAUS-25APR04-T84",
            "count": 103,
            "created_time": "2025-04-04T12:04:18.197371Z",
            "yes_price": 50,
            "no_price": 50,
            "taker_side": "no"
        },
        {
            "trade_id": "49b6cf85-2d09-4f67-95a3-be5efc690fc7",
            "ticker": "KXHIGHAUS-25APR04-T84",
            "count": 5,
            "created_time": "2025-04-04T12:04:18.197371Z",
            "yes_price": 58,
            "no_price": 42,
            "taker_side": "no"
        },
        {
            "trade_id": "455722fc-b172-4a96-a412-20e2acf15e2c",
            "ticker": "KXHIGHAUS-25APR04-T84",
            "count": 131,
            "created_time": "2025-04-04T12:04:18.197371Z",
            "yes_price": 58,
            "no_price": 42,
            "taker_side": "no"
        },
        {
            "trade_id": "faa5e76e-cc28-4cdc-832b-7f4afd7c479b",
            "ticker": "KXHIGHAUS-25APR04-T84",
            "count": 6,
            "created_time": "2025-04-04T12:04:14.363846Z",
            "yes_price": 54,
            "no_price": 46,
            "taker_side": "yes"
        },
        {
            "trade_id": "de19d339-16db-43a7-b71a-2950cb0c6fe9",
            "ticker": "KXHIGHAUS-25APR04-T84",
            "count": 38,
            "created_time": "2025-04-04T12:04:14.363846Z",
            "yes_price": 58,
            "no_price": 42,
            "taker_side": "yes"
        },
        {
            "trade_id": "792f1342-36a3-4404-94a4-d239ba754c7c",
            "ticker": "KXHIGHAUS-25APR04-T84",
            "count": 23,
            "created_time": "2025-04-04T12:04:14.363846Z",
            "yes_price": 58,
            "no_price": 42,
            "taker_side": "yes"
        },
        {
            "trade_id": "0cf943c7-a237-425c-94f0-9ca686a7b0df",
            "ticker": "KXHIGHAUS-25APR04-T84",
            "count": 1,
            "created_time": "2025-04-04T12:04:14.363846Z",
            "yes_price": 56,
            "no_price": 44,
            "taker_side": "yes"
        },
        {
            "trade_id": "04d06318-2e7d-4eae-9a86-463e71323ddc",
            "ticker": "KXHIGHAUS-25APR04-T84",
            "count": 1,
            "created_time": "2025-04-04T12:04:14.363846Z",
            "yes_price": 57,
            "no_price": 43,
            "taker_side": "yes"
        },
        {
            "trade_id": "e5026d63-a3f8-4163-8faf-cdfceb7f7933",
            "ticker": "KXHIGHAUS-25APR04-T84",
            "count": 1,
            "created_time": "2025-04-04T12:03:20.483519Z",
            "yes_price": 51,
            "no_price": 49,
            "taker_side": "yes"
        },
        {
            "trade_id": "f80396b9-2196-4856-988a-9f5aca4d09f6",
            "ticker": "KXHIGHAUS-25APR04-T84",
            "count": 1,
            "created_time": "2025-04-04T12:02:33.835261Z",
            "yes_price": 40,
            "no_price": 60,
            "taker_side": "no"
        },
        {
            "trade_id": "c76c03c8-132c-4dce-9a5a-280e75b3b30b",
            "ticker": "KXHIGHAUS-25APR04-T84",
            "count": 3,
            "created_time": "2025-04-04T12:02:33.835261Z",
            "yes_price": 43,
            "no_price": 57,
            "taker_side": "no"
        },
        {
            "trade_id": "1adb93cb-4175-4229-ab32-896f8a461460",
            "ticker": "KXHIGHAUS-25APR04-T84",
            "count": 1,
            "created_time": "2025-04-04T12:02:33.835261Z",
            "yes_price": 42,
            "no_price": 58,
            "taker_side": "no"
        },
        {
            "trade_id": "f5d8cc65-bd77-47a3-9ba0-f2279ff73fbf",
            "ticker": "KXHIGHAUS-25APR04-T84",
            "count": 1,
            "created_time": "2025-04-04T12:01:29.34639Z",
            "yes_price": 62,
            "no_price": 38,
            "taker_side": "yes"
        },
        {
            "trade_id": "9a2a837a-ff24-48d2-a5de-e581b0bd9869",
            "ticker": "KXHIGHAUS-25APR04-T84",
            "count": 25,
            "created_time": "2025-04-04T12:01:29.057584Z",
            "yes_price": 51,
            "no_price": 49,
            "taker_side": "no"
        },
        {
            "trade_id": "f05e5a3f-6235-4b3f-b9e1-51ccd63a5b08",
            "ticker": "KXHIGHAUS-25APR04-T84",
            "count": 15,
            "created_time": "2025-04-04T12:01:08.317137Z",
            "yes_price": 50,
            "no_price": 50,
            "taker_side": "no"
        },
        {
            "trade_id": "cbae9cb1-850b-431d-a2d2-d351d756e7d9",
            "ticker": "KXHIGHAUS-25APR04-T84",
            "count": 24,
            "created_time": "2025-04-04T12:01:08.317137Z",
            "yes_price": 55,
            "no_price": 45,
            "taker_side": "no"
        },
        {
            "trade_id": "89de8a1f-b894-4ad5-9343-05b9aa668cd3",
            "ticker": "KXHIGHAUS-25APR04-T84",
            "count": 15,
            "created_time": "2025-04-04T12:01:08.317137Z",
            "yes_price": 56,
            "no_price": 44,
            "taker_side": "no"
        },
        {
            "trade_id": "7b737116-08f5-42ef-8acb-16036c6a484a",
            "ticker": "KXHIGHAUS-25APR04-T84",
            "count": 1,
            "created_time": "2025-04-04T12:01:08.317137Z",
            "yes_price": 53,
            "no_price": 47,
            "taker_side": "no"
        },
        {
            "trade_id": "4925bf8a-6d8a-45d4-8637-602453810a1f",
            "ticker": "KXHIGHAUS-25APR04-T84",
            "count": 1,
            "created_time": "2025-04-04T12:01:08.317137Z",
            "yes_price": 52,
            "no_price": 48,
            "taker_side": "no"
        },
        {
            "trade_id": "340378cb-da0b-4807-9bc9-81260e70c9fd",
            "ticker": "KXHIGHAUS-25APR04-T84",
            "count": 1,
            "created_time": "2025-04-04T12:01:08.317137Z",
            "yes_price": 51,
            "no_price": 49,
            "taker_side": "no"
        },
        {
            "trade_id": "0e86fd76-ed96-4f64-8473-3f2ca7c13efa",
            "ticker": "KXHIGHAUS-25APR04-T84",
            "count": 1,
            "created_time": "2025-04-04T12:01:08.317137Z",
            "yes_price": 54,
            "no_price": 46,
            "taker_side": "no"
        },
        {
            "trade_id": "aa4fee39-5b40-48ea-8756-e1d470348e93",
            "ticker": "KXHIGHAUS-25APR04-T84",
            "count": 16,
            "created_time": "2025-04-04T12:00:37.851684Z",
            "yes_price": 52,
            "no_price": 48,
            "taker_side": "yes"
        },
        {
            "trade_id": "64931e36-54db-492b-b3eb-d5732085c150",
            "ticker": "KXHIGHAUS-25APR04-T84",
            "count": 3,
            "created_time": "2025-04-04T12:00:37.851684Z",
            "yes_price": 58,
            "no_price": 42,
            "taker_side": "yes"
        },
        {
            "trade_id": "3a098375-baf8-4939-a1c3-53b55d0fec81",
            "ticker": "KXHIGHAUS-25APR04-T84",
            "count": 19,
            "created_time": "2025-04-04T12:00:37.851684Z",
            "yes_price": 53,
            "no_price": 47,
            "taker_side": "yes"
        },
        {
            "trade_id": "13b9ba70-ac7f-427c-9f81-849dca39969c",
            "ticker": "KXHIGHAUS-25APR04-T84",
            "count": 7,
            "created_time": "2025-04-04T12:00:37.851684Z",
            "yes_price": 59,
            "no_price": 41,
            "taker_side": "yes"
        },
        {
            "trade_id": "6ebb51e0-c007-4b58-a25d-404ec962b810",
            "ticker": "KXHIGHAUS-25APR04-T84",
            "count": 54,
            "created_time": "2025-04-04T12:00:27.98347Z",
            "yes_price": 51,
            "no_price": 49,
            "taker_side": "no"
        },
        {
            "trade_id": "f8c28c02-58c0-412a-868a-dcc6f5d33860",
            "ticker": "KXHIGHAUS-25APR04-T84",
            "count": 154,
            "created_time": "2025-04-04T12:00:26.696182Z",
            "yes_price": 46,
            "no_price": 54,
            "taker_side": "yes"
        },
        {
            "trade_id": "5f58bf61-44d5-4c50-90ca-24e5688f79bc",
            "ticker": "KXHIGHAUS-25APR04-T84",
            "count": 240,
            "created_time": "2025-04-04T12:00:26.634857Z",
            "yes_price": 46,
            "no_price": 54,
            "taker_side": "yes"
        },
        {
            "trade_id": "cd2bc958-b73f-4574-b47d-fa638b0aba55",
            "ticker": "KXHIGHAUS-25APR04-T84",
            "count": 79,
            "created_time": "2025-04-04T12:00:26.573336Z",
            "yes_price": 46,
            "no_price": 54,
            "taker_side": "yes"
        },
        {
            "trade_id": "3d88c1b2-c7c8-4cad-b301-c8a285bccc24",
            "ticker": "KXHIGHAUS-25APR04-T84",
            "count": 25,
            "created_time": "2025-04-04T12:00:26.573336Z",
            "yes_price": 45,
            "no_price": 55,
            "taker_side": "yes"
        },
        {
            "trade_id": "168f2675-ff6f-443b-8137-e49fa3de2e9e",
            "ticker": "KXHIGHAUS-25APR04-T84",
            "count": 5,
            "created_time": "2025-04-04T12:00:26.573336Z",
            "yes_price": 45,
            "no_price": 55,
            "taker_side": "yes"
        },
        {
            "trade_id": "efebe25d-ada0-4e2e-b31f-db01a0b2ce89",
            "ticker": "KXHIGHAUS-25APR04-T84",
            "count": 25,
            "created_time": "2025-04-04T12:00:25.1086Z",
            "yes_price": 23,
            "no_price": 77,
            "taker_side": "no"
        },
        {
            "trade_id": "6155e285-efe4-482c-905d-47a29873d792",
            "ticker": "KXHIGHAUS-25APR04-T84",
            "count": 20,
            "created_time": "2025-04-04T12:00:25.1086Z",
            "yes_price": 22,
            "no_price": 78,
            "taker_side": "no"
        },
        {
            "trade_id": "f39aad60-e571-4ee3-98f6-4c071aefb4d2",
            "ticker": "KXHIGHAUS-25APR04-T84",
            "count": 19,
            "created_time": "2025-04-04T12:00:21.244447Z",
            "yes_price": 45,
