{
    "KXHIGHAUS-25JAN21-T33": [
        {
            "trade_id": "a3adebbf-e63f-4bc7-93dd-a3aed0115999",
            "ticker": "KXHIGHAUS-25JAN21-T33",
            "count": 588,
            "created_time": "2025-01-21T15:58:57.04105Z",
            "yes_price": 1,
            "no_price": 99,
            "taker_side": "no"
        },
        {
            "trade_id": "98f9ff64-5962-4a66-a705-6592acd8fe14",
            "ticker": "KXHIGHAUS-25JAN21-T33",
            "count": 300,
            "created_time": "2025-01-21T15:54:23.036161Z",
            "yes_price": 1,
            "no_price": 99,
            "taker_side": "no"
        },
        {
            "trade_id": "447c5e01-0d33-48bc-ad6f-40a3df00f7af",
            "ticker": "KXHIGHAUS-25JAN21-T33",
            "count": 111,
            "created_time": "2025-01-21T15:26:41.841284Z",
            "yes_price": 1,
            "no_price": 99,
            "taker_side": "no"
        },
        {
            "trade_id": "ab4b2f88-76ef-4589-af17-9762e2bcaf3f",
            "ticker": "KXHIGHAUS-25JAN21-T33",
            "count": 1,
            "created_time": "2025-01-21T15:08:55.054963Z",
            "yes_price": 1,
            "no_price": 99,
            "taker_side": "no"
        },
        {
            "trade_id": "41c48740-4a7c-48f2-812b-2393bc356914",
            "ticker": "KXHIGHAUS-25JAN21-T33",
            "count": 36,
            "created_time": "2025-01-21T14:19:14.248766Z",
            "yes_price": 2,
            "no_price": 98,
            "taker_side": "no"
        },
        {
            "trade_id": "882ed744-dbd5-4a78-8a5f-83c39edca927",
            "ticker": "KXHIGHAUS-25JAN21-T33",
            "count": 203,
            "created_time": "2025-01-21T14:18:08.481889Z",
            "yes_price": 2,
            "no_price": 98,
            "taker_side": "no"
        },
        {
            "trade_id": "f63a86af-5b79-4f36-8708-1558b31d86fb",
            "ticker": "KXHIGHAUS-25JAN21-T33",
            "count": 11,
            "created_time": "2025-01-21T14:15:16.500459Z",
            "yes_price": 2,
            "no_price": 98,
            "taker_side": "no"
        },
        {
            "trade_id": "838b9fa0-a9b5-49d4-b34f-03147df940ee",
            "ticker": "KXHIGHAUS-25JAN21-T33",
            "count": 305,
            "created_time": "2025-01-21T14:09:13.69911Z",
            "yes_price": 2,
            "no_price": 98,
            "taker_side": "no"
        },
        {
            "trade_id": "280dfbd3-85f6-40b4-9979-ff536fcc1dc1",
            "ticker": "KXHIGHAUS-25JAN21-T33",
            "count": 5,
            "created_time": "2025-01-21T13:02:54.791104Z",
            "yes_price": 2,
            "no_price": 98,
            "taker_side": "no"
        },
        {
            "trade_id": "69403bdb-347a-4056-9659-84124ca08464",
            "ticker": "KXHIGHAUS-25JAN21-T33",
            "count": 100,
            "created_time": "2025-01-21T13:00:17.558059Z",
            "yes_price": 2,
            "no_price": 98,
            "taker_side": "no"
        },
        {
            "trade_id": "e09154c1-64d9-4ed8-a880-95a430c37a77",
            "ticker": "KXHIGHAUS-25JAN21-T33",
            "count": 102,
            "created_time": "2025-01-21T01:59:10.171362Z",
            "yes_price": 5,
            "no_price": 95,
            "taker_side": "yes"
        },
        {
            "trade_id": "df712026-8309-441c-b417-de68158ebba1",
            "ticker": "KXHIGHAUS-25JAN21-T33",
            "count": 8,
            "created_time": "2025-01-21T01:59:10.171362Z",
            "yes_price": 9,
            "no_price": 91,
            "taker_side": "yes"
        },
        {
            "trade_id": "aa643dc7-6e3e-41ea-b69b-198d761f83c1",
            "ticker": "KXHIGHAUS-25JAN21-T33",
            "count": 1,
            "created_time": "2025-01-21T01:59:10.171362Z",
            "yes_price": 5,
            "no_price": 95,
            "taker_side": "yes"
        },
        {
            "trade_id": "4bd58019-6403-4d0d-8e28-0bbe0527ae10",
            "ticker": "KXHIGHAUS-25JAN21-T33",
            "count": 5,
            "created_time": "2025-01-21T01:59:10.171362Z",
            "yes_price": 5,
            "no_price": 95,
            "taker_side": "yes"
        },
        {
            "trade_id": "1b32ffdc-0a2f-4254-ab15-62ebac32af20",
            "ticker": "KXHIGHAUS-25JAN21-T33",
            "count": 240,
            "created_time": "2025-01-21T01:59:10.171362Z",
            "yes_price": 7,
            "no_price": 93,
            "taker_side": "yes"
        },
        {
            "trade_id": "057eec11-bb9e-4728-8f7d-af7a42bfbac0",
            "ticker": "KXHIGHAUS-25JAN21-T33",
            "count": 5,
            "created_time": "2025-01-21T01:56:13.410428Z",
            "yes_price": 5,
            "no_price": 95,
            "taker_side": "yes"
        }
    ],
    "KXHIGHAUS-25JAN21-B33.5": [
        {
            "trade_id": "4b22f3c5-d6c0-454c-9c1b-3485a342b31f",
            "ticker": "KXHIGHAUS-25JAN21-B33.5",
            "count": 205,
            "created_time": "2025-01-21T19:17:01.151341Z",
            "yes_price": 1,
            "no_price": 99,
            "taker_side": "yes"
        },
        {
            "trade_id": "c07685ce-0147-444b-8c52-a24d4f797744",
            "ticker": "KXHIGHAUS-25JAN21-B33.5",
            "count": 1,
            "created_time": "2025-01-21T18:39:50.523974Z",
            "yes_price": 1,
            "no_price": 99,
            "taker_side": "yes"
        },
        {
            "trade_id": "d812bcc9-46f7-4de2-9ed1-d0098729bb64",
            "ticker": "KXHIGHAUS-25JAN21-B33.5",
            "count": 300,
            "created_time": "2025-01-21T18:26:03.094492Z",
            "yes_price": 1,
            "no_price": 99,
            "taker_side": "no"
        },
        {
            "trade_id": "a2cefa89-213f-455d-b3ad-d848a337465d",
            "ticker": "KXHIGHAUS-25JAN21-B33.5",
            "count": 50,
            "created_time": "2025-01-21T18:26:03.094492Z",
            "yes_price": 1,
            "no_price": 99,
            "taker_side": "no"
        },
        {
            "trade_id": "6e1ab565-a4f6-47a7-b827-8814b4b1f2c7",
            "ticker": "KXHIGHAUS-25JAN21-B33.5",
            "count": 212,
            "created_time": "2025-01-21T18:26:03.094492Z",
            "yes_price": 1,
            "no_price": 99,
            "taker_side": "no"
        },
        {
            "trade_id": "0b3af08d-a7e1-4332-bc75-ee2732b4b759",
            "ticker": "KXHIGHAUS-25JAN21-B33.5",
            "count": 300,
            "created_time": "2025-01-21T18:19:00.280884Z",
            "yes_price": 1,
            "no_price": 99,
            "taker_side": "no"
        },
        {
            "trade_id": "7a0f5a6d-4cdd-4826-8ff4-d2b01f5a3038",
            "ticker": "KXHIGHAUS-25JAN21-B33.5",
            "count": 100,
            "created_time": "2025-01-21T18:12:04.333197Z",
            "yes_price": 1,
            "no_price": 99,
            "taker_side": "no"
        },
        {
            "trade_id": "3f828bc5-f385-4626-8858-8d906bec35f0",
            "ticker": "KXHIGHAUS-25JAN21-B33.5",
            "count": 1,
            "created_time": "2025-01-21T17:24:36.404796Z",
            "yes_price": 1,
            "no_price": 99,
            "taker_side": "no"
        },
        {
            "trade_id": "41013de8-f0db-4683-af19-daadc08460ba",
            "ticker": "KXHIGHAUS-25JAN21-B33.5",
            "count": 1,
            "created_time": "2025-01-21T17:24:19.779354Z",
            "yes_price": 1,
            "no_price": 99,
            "taker_side": "no"
        },
        {
            "trade_id": "ec5b5c81-1bf6-4035-b716-2e1ded127879",
            "ticker": "KXHIGHAUS-25JAN21-B33.5",
            "count": 1,
            "created_time": "2025-01-21T17:24:07.841219Z",
            "yes_price": 1,
            "no_price": 99,
            "taker_side": "no"
        },
        {
            "trade_id": "5e0b9330-ffe5-42c3-bb9f-5533518babdc",
            "ticker": "KXHIGHAUS-25JAN21-B33.5",
            "count": 2,
            "created_time": "2025-01-21T17:15:31.993299Z",
            "yes_price": 1,
            "no_price": 99,
            "taker_side": "no"
        },
        {
            "trade_id": "81ee7c91-d4b5-49c9-bb15-7950b800fcc0",
            "ticker": "KXHIGHAUS-25JAN21-B33.5",
            "count": 617,
            "created_time": "2025-01-21T17:10:43.981071Z",
            "yes_price": 1,
            "no_price": 99,
            "taker_side": "no"
        },
        {
            "trade_id": "08606e08-093b-469c-84a0-ba97b202e649",
            "ticker": "KXHIGHAUS-25JAN21-B33.5",
            "count": 75,
            "created_time": "2025-01-21T17:10:43.981071Z",
            "yes_price": 1,
            "no_price": 99,
            "taker_side": "no"
        },
        {
            "trade_id": "2f322d2c-d68e-4521-a3b2-f816bff7944d",
            "ticker": "KXHIGHAUS-25JAN21-B33.5",
            "count": 125,
            "created_time": "2025-01-21T17:04:52.853669Z",
            "yes_price": 2,
            "no_price": 98,
            "taker_side": "yes"
        },
        {
            "trade_id": "9f92171e-f36b-4b5d-bc2d-5ef7d4a4edca",
            "ticker": "KXHIGHAUS-25JAN21-B33.5",
            "count": 4,
            "created_time": "2025-01-21T16:18:31.127422Z",
            "yes_price": 2,
            "no_price": 98,
            "taker_side": "no"
        },
        {
            "trade_id": "bf25bf44-32ec-4d05-9b86-7f0a43c6f8f9",
            "ticker": "KXHIGHAUS-25JAN21-B33.5",
            "count": 900,
            "created_time": "2025-01-21T16:17:34.235727Z",
            "yes_price": 3,
            "no_price": 97,
            "taker_side": "no"
        },
        {
            "trade_id": "65d89e97-3a04-43f6-bc2a-1933fb515555",
            "ticker": "KXHIGHAUS-25JAN21-B33.5",
            "count": 200,
            "created_time": "2025-01-21T16:17:34.235727Z",
            "yes_price": 2,
            "no_price": 98,
            "taker_side": "no"
        },
        {
            "trade_id": "db6c1e67-422d-44ef-8249-4e12676aaca8",
            "ticker": "KXHIGHAUS-25JAN21-B33.5",
            "count": 182,
            "created_time": "2025-01-21T15:58:49.955452Z",
            "yes_price": 3,
            "no_price": 97,
            "taker_side": "no"
        },
        {
            "trade_id": "0eacc34b-8d24-4780-abc9-33bbe83e3ee5",
            "ticker": "KXHIGHAUS-25JAN21-B33.5",
            "count": 100,
            "created_time": "2025-01-21T15:31:07.667921Z",
            "yes_price": 3,
            "no_price": 97,
            "taker_side": "no"
        },
        {
            "trade_id": "04e5bebc-0a23-4acb-823c-52cf76cd8600",
            "ticker": "KXHIGHAUS-25JAN21-B33.5",
            "count": 125,
            "created_time": "2025-01-21T15:27:04.69666Z",
            "yes_price": 3,
            "no_price": 97,
            "taker_side": "no"
        },
        {
            "trade_id": "8fa641c5-e5f7-4aa2-8f5d-bf17ec158108",
            "ticker": "KXHIGHAUS-25JAN21-B33.5",
            "count": 205,
            "created_time": "2025-01-21T14:25:18.26989Z",
            "yes_price": 3,
            "no_price": 97,
            "taker_side": "no"
        },
        {
            "trade_id": "cae34df1-3318-4e66-b54f-109ecd3545a6",
            "ticker": "KXHIGHAUS-25JAN21-B33.5",
            "count": 96,
            "created_time": "2025-01-21T14:13:02.390938Z",
            "yes_price": 6,
            "no_price": 94,
            "taker_side": "yes"
        },
        {
            "trade_id": "7a5fc835-ea92-457a-aa35-bf23f5b3bc50",
            "ticker": "KXHIGHAUS-25JAN21-B33.5",
            "count": 98,
            "created_time": "2025-01-21T14:12:36.989396Z",
            "yes_price": 6,
            "no_price": 94,
            "taker_side": "yes"
        },
        {
            "trade_id": "a5c47fb9-1d64-48fe-81f0-f627ad03b65f",
            "ticker": "KXHIGHAUS-25JAN21-B33.5",
            "count": 94,
            "created_time": "2025-01-21T14:12:09.626793Z",
            "yes_price": 5,
            "no_price": 95,
            "taker_side": "yes"
        },
        {
            "trade_id": "dd659273-cd16-49c6-8e6b-585c377e0d72",
            "ticker": "KXHIGHAUS-25JAN21-B33.5",
            "count": 308,
            "created_time": "2025-01-21T14:09:30.546719Z",
            "yes_price": 3,
            "no_price": 97,
            "taker_side": "no"
        },
        {
            "trade_id": "61c62dbe-d13a-44bb-ae15-5ff15574024f",
            "ticker": "KXHIGHAUS-25JAN21-B33.5",
            "count": 5,
            "created_time": "2025-01-21T14:08:54.20915Z",
            "yes_price": 3,
            "no_price": 97,
            "taker_side": "no"
        },
        {
            "trade_id": "d2ba04f6-4f2e-485f-b0e6-05a6f8e06165",
            "ticker": "KXHIGHAUS-25JAN21-B33.5",
            "count": 37,
            "created_time": "2025-01-21T14:06:51.719888Z",
            "yes_price": 5,
            "no_price": 95,
            "taker_side": "yes"
        },
        {
            "trade_id": "45909638-9aaa-4ad3-8f08-b96e928454f9",
            "ticker": "KXHIGHAUS-25JAN21-B33.5",
            "count": 267,
            "created_time": "2025-01-21T14:06:51.719888Z",
            "yes_price": 5,
            "no_price": 95,
            "taker_side": "yes"
        },
        {
            "trade_id": "361d94cf-ad02-473a-9e2d-c8ccbac24b9a",
            "ticker": "KXHIGHAUS-25JAN21-B33.5",
            "count": 1,
            "created_time": "2025-01-21T14:06:51.719888Z",
            "yes_price": 5,
            "no_price": 95,
            "taker_side": "yes"
        },
        {
            "trade_id": "1a544270-2ac0-4207-9972-cb086726afae",
            "ticker": "KXHIGHAUS-25JAN21-B33.5",
            "count": 58,
            "created_time": "2025-01-21T14:06:51.719888Z",
            "yes_price": 5,
            "no_price": 95,
            "taker_side": "yes"
        },
        {
            "trade_id": "4ddd1de0-0b6a-4159-b5e3-2f99a8d95fe5",
            "ticker": "KXHIGHAUS-25JAN21-B33.5",
            "count": 33,
            "created_time": "2025-01-21T13:41:29.413726Z",
            "yes_price": 5,
            "no_price": 95,
            "taker_side": "yes"
        },
        {
            "trade_id": "a62acacf-a071-4263-99f3-f4a8644dea74",
            "ticker": "KXHIGHAUS-25JAN21-B33.5",
            "count": 75,
            "created_time": "2025-01-21T13:38:47.947087Z",
            "yes_price": 3,
            "no_price": 97,
            "taker_side": "no"
        },
        {
            "trade_id": "34f665b7-587a-4e94-9fa7-d013fe16c9aa",
            "ticker": "KXHIGHAUS-25JAN21-B33.5",
            "count": 118,
            "created_time": "2025-01-21T07:54:17.920173Z",
            "yes_price": 6,
            "no_price": 94,
            "taker_side": "no"
        },
        {
            "trade_id": "447f3cdc-c0f6-4861-8acf-173dccc3ce82",
            "ticker": "KXHIGHAUS-25JAN21-B33.5",
            "count": 211,
            "created_time": "2025-01-21T06:25:57.557707Z",
            "yes_price": 6,
            "no_price": 94,
            "taker_side": "no"
        },
        {
            "trade_id": "5b414d70-e296-4855-a943-f80b79e7323f",
            "ticker": "KXHIGHAUS-25JAN21-B33.5",
            "count": 9,
            "created_time": "2025-01-21T05:51:39.801094Z",
            "yes_price": 9,
            "no_price": 91,
            "taker_side": "yes"
        },
        {
            "trade_id": "41e21381-9303-4a7e-9a9b-0704aa0a4bef",
            "ticker": "KXHIGHAUS-25JAN21-B33.5",
            "count": 35,
            "created_time": "2025-01-21T05:51:39.801094Z",
            "yes_price": 11,
            "no_price": 89,
            "taker_side": "yes"
        },
        {
            "trade_id": "26da452c-e180-4afd-aa35-2707dc1757bc",
            "ticker": "KXHIGHAUS-25JAN21-B33.5",
            "count": 20,
            "created_time": "2025-01-21T05:27:26.576936Z",
            "yes_price": 10,
            "no_price": 90,
            "taker_side": "yes"
        },
        {
            "trade_id": "fff4c69d-4718-4cf5-8603-50eb88d90298",
            "ticker": "KXHIGHAUS-25JAN21-B33.5",
            "count": 17,
            "created_time": "2025-01-21T05:20:45.169844Z",
            "yes_price": 13,
            "no_price": 87,
            "taker_side": "yes"
        },
        {
            "trade_id": "b0d51c6f-8c61-44b2-872c-9ce5e290e543",
            "ticker": "KXHIGHAUS-25JAN21-B33.5",
            "count": 10,
            "created_time": "2025-01-21T05:20:45.169844Z",
            "yes_price": 12,
            "no_price": 88,
            "taker_side": "yes"
        },
        {
            "trade_id": "89ba8242-8751-4a2e-88ba-f16cbbc0da39",
            "ticker": "KXHIGHAUS-25JAN21-B33.5",
            "count": 10,
            "created_time": "2025-01-21T05:20:45.169844Z",
            "yes_price": 12,
            "no_price": 88,
            "taker_side": "yes"
        },
        {
            "trade_id": "c4c582b3-b6d0-4f82-83c3-918a88dc898c",
            "ticker": "KXHIGHAUS-25JAN21-B33.5",
            "count": 232,
            "created_time": "2025-01-21T05:18:35.029159Z",
            "yes_price": 9,
            "no_price": 91,
            "taker_side": "yes"
        },
        {
            "trade_id": "98f1cb17-6148-4dc5-b518-a8b5434fdccc",
            "ticker": "KXHIGHAUS-25JAN21-B33.5",
            "count": 65,
            "created_time": "2025-01-21T05:18:35.029159Z",
            "yes_price": 8,
            "no_price": 92,
            "taker_side": "yes"
        },
        {
            "trade_id": "87a4ad49-205e-493f-af97-cfbfdcca6158",
            "ticker": "KXHIGHAUS-25JAN21-B33.5",
            "count": 187,
            "created_time": "2025-01-21T05:18:35.029159Z",
            "yes_price": 11,
            "no_price": 89,
            "taker_side": "yes"
        },
        {
            "trade_id": "7727ef5d-0e8c-4d62-a3ec-fd3178799425",
            "ticker": "KXHIGHAUS-25JAN21-B33.5",
            "count": 8,
            "created_time": "2025-01-21T05:18:35.029159Z",
            "yes_price": 9,
            "no_price": 91,
            "taker_side": "yes"
        },
        {
            "trade_id": "3ba11aa8-3dd3-43a6-847d-baa5b6d14dbd",
            "ticker": "KXHIGHAUS-25JAN21-B33.5",
            "count": 10,
            "created_time": "2025-01-21T05:18:35.029159Z",
            "yes_price": 7,
            "no_price": 93,
            "taker_side": "yes"
        },
        {
            "trade_id": "cd7782fb-36ae-419e-b2c0-c7fb694d8080",
            "ticker": "KXHIGHAUS-25JAN21-B33.5",
            "count": 26,
            "created_time": "2025-01-21T05:16:49.937575Z",
            "yes_price": 8,
            "no_price": 92,
            "taker_side": "yes"
        },
        {
            "trade_id": "ab6d1ab5-a73c-4972-92de-6306cf0e84aa",
            "ticker": "KXHIGHAUS-25JAN21-B33.5",
            "count": 24,
            "created_time": "2025-01-21T05:16:49.937575Z",
            "yes_price": 9,
            "no_price": 91,
            "taker_side": "yes"
        },
        {
            "trade_id": "d1264c31-de5c-4ba6-9651-cda7839aabd0",
            "ticker": "KXHIGHAUS-25JAN21-B33.5",
            "count": 240,
            "created_time": "2025-01-21T05:15:47.836546Z",
            "yes_price": 8,
            "no_price": 92,
            "taker_side": "yes"
        },
        {
            "trade_id": "cae5852c-a10c-4a51-be4a-dca2be254f23",
            "ticker": "KXHIGHAUS-25JAN21-B33.5",
            "count": 33,
            "created_time": "2025-01-21T05:15:47.836546Z",
            "yes_price": 61,
            "no_price": 39,
            "taker_side": "yes"
        },
        {
            "trade_id": "9eab65a8-00e3-43b2-b69e-c6095553f65f",
            "ticker": "KXHIGHAUS-25JAN21-B33.5",
            "count": 240,
            "created_time": "2025-01-21T05:15:47.836546Z",
            "yes_price": 6,
            "no_price": 94,
            "taker_side": "yes"
        },
        {
            "trade_id": "8503831e-3958-441f-a209-c7ac495d48a8",
            "ticker": "KXHIGHAUS-25JAN21-B33.5",
            "count": 24,
            "created_time": "2025-01-21T05:15:47.836546Z",
            "yes_price": 25,
            "no_price": 75,
            "taker_side": "yes"
        },
        {
            "trade_id": "7ac2e8d8-4b19-41fb-8ac6-309761c4ce66",
            "ticker": "KXHIGHAUS-25JAN21-B33.5",
            "count": 20,
            "created_time": "2025-01-21T05:15:47.836546Z",
            "yes_price": 68,
            "no_price": 32,
            "taker_side": "yes"
        },
        {
            "trade_id": "6693e870-5fda-4b0a-91de-670571baa588",
            "ticker": "KXHIGHAUS-25JAN21-B33.5",
            "count": 9,
            "created_time": "2025-01-21T05:15:47.836546Z",
            "yes_price": 15,
            "no_price": 85,
            "taker_side": "yes"
        },
        {
            "trade_id": "1599d65c-78e2-46e6-96e3-b1dec532206e",
            "ticker": "KXHIGHAUS-25JAN21-B33.5",
            "count": 35,
            "created_time": "2025-01-21T05:15:47.836546Z",
            "yes_price": 60,
            "no_price": 40,
            "taker_side": "yes"
        },
        {
            "trade_id": "f297807c-f8ff-4246-a1a1-17ef1334e683",
            "ticker": "KXHIGHAUS-25JAN21-B33.5",
            "count": 24,
            "created_time": "2025-01-21T05:13:40.493357Z",
            "yes_price": 20,
            "no_price": 80,
            "taker_side": "yes"
        },
        {
            "trade_id": "dcbf3665-a218-4541-bad9-bbe130399816",
            "ticker": "KXHIGHAUS-25JAN21-B33.5",
            "count": 160,
            "created_time": "2025-01-21T05:13:40.493357Z",
            "yes_price": 8,
            "no_price": 92,
            "taker_side": "yes"
        },
        {
            "trade_id": "d25251d2-e8f6-4e6c-9c75-831bd1b2cc5f",
            "ticker": "KXHIGHAUS-25JAN21-B33.5",
            "count": 13,
            "created_time": "2025-01-21T05:13:40.493357Z",
            "yes_price": 9,
            "no_price": 91,
            "taker_side": "yes"
        },
        {
            "trade_id": "cc129e05-9d9d-4d39-85e0-3789fd994abb",
            "ticker": "KXHIGHAUS-25JAN21-B33.5",
            "count": 80,
            "created_time": "2025-01-21T05:13:40.493357Z",
            "yes_price": 6,
            "no_price": 94,
            "taker_side": "yes"
        },
        {
            "trade_id": "c274936a-1db7-45f8-a49e-30a07464ddf3",
            "ticker": "KXHIGHAUS-25JAN21-B33.5",
            "count": 40,
            "created_time": "2025-01-21T05:13:40.493357Z",
            "yes_price": 60,
            "no_price": 40,
            "taker_side": "yes"
        },
        {
            "trade_id": "c215fb4d-a122-40fa-a2ca-7b02e703a0a0",
            "ticker": "KXHIGHAUS-25JAN21-B33.5",
            "count": 160,
            "created_time": "2025-01-21T05:13:40.493357Z",
            "yes_price": 6,
            "no_price": 94,
            "taker_side": "yes"
        },
        {
            "trade_id": "a0b40d61-4663-4281-8d00-c3c2bfb88122",
            "ticker": "KXHIGHAUS-25JAN21-B33.5",
            "count": 80,
            "created_time": "2025-01-21T05:13:40.493357Z",
            "yes_price": 8,
            "no_price": 92,
            "taker_side": "yes"
        },
        {
            "trade_id": "6b39fa9b-3577-4180-b0b1-f79dac765c18",
            "ticker": "KXHIGHAUS-25JAN21-B33.5",
            "count": 50,
            "created_time": "2025-01-21T05:13:40.493357Z",
            "yes_price": 46,
            "no_price": 54,
            "taker_side": "yes"
        },
        {
            "trade_id": "444c69f0-ac10-46dc-bf5c-f513731278b5",
            "ticker": "KXHIGHAUS-25JAN21-B33.5",
            "count": 9,
            "created_time": "2025-01-21T05:13:40.493357Z",
            "yes_price": 10,
            "no_price": 90,
            "taker_side": "yes"
        },
        {
            "trade_id": "00f2681f-6256-42d0-8ac9-3a8d80c9d81b",
            "ticker": "KXHIGHAUS-25JAN21-B33.5",
            "count": 50,
            "created_time": "2025-01-21T05:13:40.493357Z",
            "yes_price": 15,
            "no_price": 85,
            "taker_side": "yes"
        },
        {
            "trade_id": "fedd7d6d-7024-4312-9e2c-613a45e32d56",
            "ticker": "KXHIGHAUS-25JAN21-B33.5",
            "count": 117,
            "created_time": "2025-01-21T01:44:34.649217Z",
            "yes_price": 9,
            "no_price": 91,
            "taker_side": "yes"
        },
        {
            "trade_id": "a2230e58-eb94-4eef-9965-1125441624a8",
            "ticker": "KXHIGHAUS-25JAN21-B33.5",
            "count": 3,
            "created_time": "2025-01-21T01:44:34.649217Z",
            "yes_price": 5,
            "no_price": 95,
            "taker_side": "yes"
        },
        {
            "trade_id": "7442ae3b-c2e2-4a53-ac6e-157de6d4f61c",
            "ticker": "KXHIGHAUS-25JAN21-B33.5",
            "count": 88,
            "created_time": "2025-01-21T01:44:34.649217Z",
            "yes_price": 5,
            "no_price": 95,
            "taker_side": "yes"
        },
        {
            "trade_id": "4ae52877-4f8f-47d2-aaa8-00bf7715cb27",
            "ticker": "KXHIGHAUS-25JAN21-B33.5",
            "count": 26,
            "created_time": "2025-01-21T01:44:34.649217Z",
            "yes_price": 5,
            "no_price": 95,
            "taker_side": "yes"
        },
        {
            "trade_id": "0ba50551-a0bb-4294-aff3-e1d00e2ab203",
            "ticker": "KXHIGHAUS-25JAN21-B33.5",
            "count": 240,
            "created_time": "2025-01-21T01:44:34.649217Z",
            "yes_price": 7,
            "no_price": 93,
            "taker_side": "yes"
        }
    ],
    "KXHIGHAUS-25JAN21-B35.5": [
        {
            "trade_id": "9b20e9e8-6bff-4a1d-87c6-000a548bdae0",
            "ticker": "KXHIGHAUS-25JAN21-B35.5",
            "count": 5,
            "created_time": "2025-01-22T05:54:05.617952Z",
            "yes_price": 1,
            "no_price": 99,
            "taker_side": "yes"
        },
        {
            "trade_id": "f73535c2-eab5-462a-9c1d-90034508d86b",
            "ticker": "KXHIGHAUS-25JAN21-B35.5",
            "count": 1870,
            "created_time": "2025-01-22T05:34:14.499147Z",
            "yes_price": 1,
            "no_price": 99,
            "taker_side": "yes"
        },
        {
            "trade_id": "a62ef2ef-55c7-4ec7-a1c0-8684c37d29c7",
            "ticker": "KXHIGHAUS-25JAN21-B35.5",
            "count": 10,
            "created_time": "2025-01-22T03:11:50.195713Z",
            "yes_price": 1,
            "no_price": 99,
            "taker_side": "yes"
        },
        {
            "trade_id": "07e50686-f62b-4e38-8ca5-cca99f0365dd",
            "ticker": "KXHIGHAUS-25JAN21-B35.5",
            "count": 18,
            "created_time": "2025-01-22T02:04:21.924466Z",
            "yes_price": 1,
            "no_price": 99,
            "taker_side": "yes"
        },
        {
            "trade_id": "952e269c-463d-49ba-ace7-f621a1e93fb1",
            "ticker": "KXHIGHAUS-25JAN21-B35.5",
            "count": 673,
            "created_time": "2025-01-21T22:28:09.839858Z",
            "yes_price": 1,
            "no_price": 99,
            "taker_side": "yes"
        },
        {
            "trade_id": "4ce85ca2-710c-4570-bfcd-2dc1db5b3e2b",
            "ticker": "KXHIGHAUS-25JAN21-B35.5",
            "count": 729,
            "created_time": "2025-01-21T22:28:09.839858Z",
            "yes_price": 1,
            "no_price": 99,
            "taker_side": "yes"
        },
        {
            "trade_id": "f5f4f4f5-84dc-4e2b-9283-e88951a30ddc",
            "ticker": "KXHIGHAUS-25JAN21-B35.5",
            "count": 3,
            "created_time": "2025-01-21T21:16:30.152616Z",
            "yes_price": 1,
            "no_price": 99,
            "taker_side": "yes"
        },
        {
            "trade_id": "b9f74cc5-5e06-4f1f-93e6-41e328aceebc",
            "ticker": "KXHIGHAUS-25JAN21-B35.5",
            "count": 93,
            "created_time": "2025-01-21T21:06:50.883486Z",
            "yes_price": 1,
            "no_price": 99,
            "taker_side": "yes"
        },
        {
            "trade_id": "711c0089-e82e-4b7a-9f22-168a2285228f",
            "ticker": "KXHIGHAUS-25JAN21-B35.5",
            "count": 93,
            "created_time": "2025-01-21T20:54:18.541013Z",
            "yes_price": 1,
            "no_price": 99,
            "taker_side": "yes"
        },
        {
            "trade_id": "321ac933-b578-43d5-b7cb-92aaadd7839b",
            "ticker": "KXHIGHAUS-25JAN21-B35.5",
            "count": 93,
            "created_time": "2025-01-21T20:41:56.736548Z",
            "yes_price": 1,
            "no_price": 99,
            "taker_side": "yes"
        },
        {
            "trade_id": "4ee2fd02-16e4-4224-ac58-250b4f55909f",
            "ticker": "KXHIGHAUS-25JAN21-B35.5",
            "count": 5,
            "created_time": "2025-01-21T20:30:39.103104Z",
            "yes_price": 1,
            "no_price": 99,
            "taker_side": "yes"
        },
        {
            "trade_id": "08505737-d42e-4e20-9f2f-eb97704af1fb",
            "ticker": "KXHIGHAUS-25JAN21-B35.5",
            "count": 37,
            "created_time": "2025-01-21T20:23:12.618902Z",
            "yes_price": 1,
            "no_price": 99,
            "taker_side": "yes"
        },
        {
            "trade_id": "4ed5c160-b2f5-470f-9464-3519dda1a5d8",
            "ticker": "KXHIGHAUS-25JAN21-B35.5",
            "count": 4,
            "created_time": "2025-01-21T20:15:49.1747Z",
            "yes_price": 1,
            "no_price": 99,
            "taker_side": "yes"
        },
        {
            "trade_id": "6c1ceb6f-2c9a-4b66-b884-b9fadefe62e5",
            "ticker": "KXHIGHAUS-25JAN21-B35.5",
            "count": 375,
            "created_time": "2025-01-21T20:12:17.861027Z",
            "yes_price": 1,
            "no_price": 99,
            "taker_side": "yes"
        },
        {
            "trade_id": "79121a67-5bc4-43d9-a9e4-3116cb1a4b4f",
            "ticker": "KXHIGHAUS-25JAN21-B35.5",
            "count": 1219,
            "created_time": "2025-01-21T20:08:37.486263Z",
            "yes_price": 1,
            "no_price": 99,
            "taker_side": "yes"
        },
        {
            "trade_id": "55749f84-6917-4a6b-ae5a-3b70c84a8477",
            "ticker": "KXHIGHAUS-25JAN21-B35.5",
            "count": 32,
            "created_time": "2025-01-21T20:07:09.153068Z",
            "yes_price": 1,
            "no_price": 99,
            "taker_side": "yes"
        },
        {
            "trade_id": "f36c30b1-275b-47dd-a4cd-bdd8c0c8e3cb",
            "ticker": "KXHIGHAUS-25JAN21-B35.5",
            "count": 50,
            "created_time": "2025-01-21T20:07:09.073826Z",
            "yes_price": 4,
            "no_price": 96,
            "taker_side": "no"
        },
        {
            "trade_id": "ece35c28-947c-49a9-89e7-9816f5bf5c04",
            "ticker": "KXHIGHAUS-25JAN21-B35.5",
            "count": 2000,
            "created_time": "2025-01-21T20:07:09.073826Z",
            "yes_price": 9,
            "no_price": 91,
            "taker_side": "no"
        },
        {
            "trade_id": "e2bb384a-3dbc-42c9-8797-749ef15f6855",
            "ticker": "KXHIGHAUS-25JAN21-B35.5",
            "count": 219,
            "created_time": "2025-01-21T20:07:09.073826Z",
            "yes_price": 18,
            "no_price": 82,
            "taker_side": "no"
        },
        {
            "trade_id": "e2b0bcdd-7550-41f6-bf3f-b08888f36f1b",
            "ticker": "KXHIGHAUS-25JAN21-B35.5",
            "count": 50,
            "created_time": "2025-01-21T20:07:09.073826Z",
            "yes_price": 7,
            "no_price": 93,
            "taker_side": "no"
        },
        {
            "trade_id": "dad25c64-3b05-47c0-be61-4111c9320c8e",
            "ticker": "KXHIGHAUS-25JAN21-B35.5",
            "count": 30,
            "created_time": "2025-01-21T20:07:09.073826Z",
            "yes_price": 1,
            "no_price": 99,
            "taker_side": "no"
        },
        {
            "trade_id": "78dceab5-744c-48a0-b330-1742f8c4e79a",
            "ticker": "KXHIGHAUS-25JAN21-B35.5",
            "count": 54,
            "created_time": "2025-01-21T20:07:09.073826Z",
            "yes_price": 5,
            "no_price": 95,
            "taker_side": "no"
        },
        {
            "trade_id": "34bc5298-47bb-48c5-a1ce-d130bc23bb7c",
            "ticker": "KXHIGHAUS-25JAN21-B35.5",
            "count": 200,
            "created_time": "2025-01-21T20:07:09.073826Z",
            "yes_price": 2,
            "no_price": 98,
            "taker_side": "no"
        },
        {
            "trade_id": "18d5d4ec-0014-499a-8f00-aec2d43e5a0d",
            "ticker": "KXHIGHAUS-25JAN21-B35.5",
            "count": 1,
            "created_time": "2025-01-21T20:07:09.073826Z",
            "yes_price": 12,
            "no_price": 88,
            "taker_side": "no"
        },
        {
            "trade_id": "0f0ebc94-bd51-43d1-a27c-d17cc1721acb",
            "ticker": "KXHIGHAUS-25JAN21-B35.5",
            "count": 163,
            "created_time": "2025-01-21T20:07:09.073826Z",
            "yes_price": 5,
            "no_price": 95,
            "taker_side": "no"
        },
        {
            "trade_id": "0c12962a-12bb-4ced-a1f5-42414a8b7599",
            "ticker": "KXHIGHAUS-25JAN21-B35.5",
            "count": 150,
            "created_time": "2025-01-21T20:07:09.073826Z",
            "yes_price": 1,
            "no_price": 99,
            "taker_side": "no"
        },
        {
            "trade_id": "0693a359-78d0-4644-a665-3854c8c4c115",
            "ticker": "KXHIGHAUS-25JAN21-B35.5",
            "count": 100,
            "created_time": "2025-01-21T20:07:09.073826Z",
            "yes_price": 1,
            "no_price": 99,
            "taker_side": "no"
        },
        {
            "trade_id": "e7080ee2-e7d5-4d7b-93fb-424cd2853c55",
            "ticker": "KXHIGHAUS-25JAN21-B35.5",
            "count": 242,
            "created_time": "2025-01-21T20:06:49.164938Z",
            "yes_price": 21,
            "no_price": 79,
            "taker_side": "no"
        },
        {
            "trade_id": "8c0c0ee2-e986-4d00-bb9c-37a2eb0a6efb",
            "ticker": "KXHIGHAUS-25JAN21-B35.5",
            "count": 1,
            "created_time": "2025-01-21T20:06:49.164938Z",
            "yes_price": 22,
            "no_price": 78,
            "taker_side": "no"
        },
        {
            "trade_id": "60c9ad2e-a543-432d-9bbf-6af78d0ed868",
            "ticker": "KXHIGHAUS-25JAN21-B35.5",
            "count": 7,
            "created_time": "2025-01-21T20:06:49.164938Z",
            "yes_price": 18,
            "no_price": 82,
            "taker_side": "no"
        },
        {
            "trade_id": "0ecfc4b7-d7bd-4c49-b083-5cec44882289",
            "ticker": "KXHIGHAUS-25JAN21-B35.5",
            "count": 500,
            "created_time": "2025-01-21T20:06:49.164938Z",
            "yes_price": 20,
            "no_price": 80,
            "taker_side": "no"
        },
        {
            "trade_id": "7a982204-e761-4e10-8bcd-3ab2cfb2c06f",
            "ticker": "KXHIGHAUS-25JAN21-B35.5",
            "count": 1,
            "created_time": "2025-01-21T20:05:01.296538Z",
            "yes_price": 23,
            "no_price": 77,
            "taker_side": "no"
        },
        {
            "trade_id": "95225127-cd9d-41d0-ae57-1b23d6eff958",
            "ticker": "KXHIGHAUS-25JAN21-B35.5",
            "count": 2,
            "created_time": "2025-01-21T20:03:54.481739Z",
            "yes_price": 25,
            "no_price": 75,
            "taker_side": "no"
        },
        {
            "trade_id": "9ded9db1-ca99-4d33-877c-fbf8ed9386fe",
            "ticker": "KXHIGHAUS-25JAN21-B35.5",
            "count": 21,
            "created_time": "2025-01-21T20:03:49.760084Z",
            "yes_price": 26,
            "no_price": 74,
            "taker_side": "no"
        },
        {
            "trade_id": "7f60d853-c8c1-4a64-b89c-8fce46d5bf3a",
            "ticker": "KXHIGHAUS-25JAN21-B35.5",
            "count": 19,
            "created_time": "2025-01-21T20:03:49.760084Z",
            "yes_price": 25,
            "no_price": 75,
            "taker_side": "no"
        },
        {
            "trade_id": "528e20f7-b9d8-40ed-b278-68fe1736ec7c",
            "ticker": "KXHIGHAUS-25JAN21-B35.5",
            "count": 1,
            "created_time": "2025-01-21T20:03:28.790434Z",
            "yes_price": 26,
            "no_price": 74,
            "taker_side": "no"
        },
        {
            "trade_id": "cbee5aae-9841-47ad-9292-93411e680096",
            "ticker": "KXHIGHAUS-25JAN21-B35.5",
            "count": 1,
            "created_time": "2025-01-21T20:02:33.633638Z",
            "yes_price": 41,
            "no_price": 59,
            "taker_side": "yes"
        },
        {
            "trade_id": "1cf076c8-dd35-4b07-b885-37f17395d71c",
            "ticker": "KXHIGHAUS-25JAN21-B35.5",
            "count": 9,
            "created_time": "2025-01-21T20:02:33.633638Z",
            "yes_price": 36,
            "no_price": 64,
            "taker_side": "yes"
        },
        {
            "trade_id": "0b7ebacb-a193-41b7-a69e-d0afd60ac91d",
            "ticker": "KXHIGHAUS-25JAN21-B35.5",
            "count": 300,
            "created_time": "2025-01-21T20:02:33.633638Z",
            "yes_price": 42,
            "no_price": 58,
            "taker_side": "yes"
        },
        {
            "trade_id": "ed2f1827-8e34-4a6a-b231-4d869206d2bc",
            "ticker": "KXHIGHAUS-25JAN21-B35.5",
            "count": 16,
            "created_time": "2025-01-21T20:02:18.996842Z",
            "yes_price": 28,
            "no_price": 72,
            "taker_side": "yes"
        },
        {
            "trade_id": "db3f1c33-6511-4034-86d2-8aaf7d242417",
            "ticker": "KXHIGHAUS-25JAN21-B35.5",
            "count": 1,
            "created_time": "2025-01-21T20:02:18.996842Z",
            "yes_price": 34,
            "no_price": 66,
            "taker_side": "yes"
        },
        {
            "trade_id": "b6b59de8-2c53-43d3-802f-28bd46599cd3",
            "ticker": "KXHIGHAUS-25JAN21-B35.5",
            "count": 23,
            "created_time": "2025-01-21T20:02:18.996842Z",
            "yes_price": 36,
            "no_price": 64,
            "taker_side": "yes"
        },
        {
            "trade_id": "2ef62f5a-42cf-4845-a4e2-52d538d7acd5",
            "ticker": "KXHIGHAUS-25JAN21-B35.5",
            "count": 99,
            "created_time": "2025-01-21T20:02:18.996842Z",
            "yes_price": 35,
            "no_price": 65,
            "taker_side": "yes"
        },
        {
            "trade_id": "6f335ee1-21a9-471a-8ea7-0bc8723836f7",
            "ticker": "KXHIGHAUS-25JAN21-B35.5",
            "count": 13,
            "created_time": "2025-01-21T20:00:43.637521Z",
            "yes_price": 24,
            "no_price": 76,
            "taker_side": "yes"
        },
        {
            "trade_id": "44c22efb-7b0d-4293-b111-f9f47225ddc1",
            "ticker": "KXHIGHAUS-25JAN21-B35.5",
            "count": 261,
            "created_time": "2025-01-21T20:00:43.637521Z",
            "yes_price": 25,
            "no_price": 75,
            "taker_side": "yes"
        },
        {
            "trade_id": "f6c20e7d-cdda-4ce8-be04-cd77a3d3b7ee",
            "ticker": "KXHIGHAUS-25JAN21-B35.5",
            "count": 98,
            "created_time": "2025-01-21T19:59:45.5191Z",
            "yes_price": 14,
            "no_price": 86,
            "taker_side": "no"
        },
        {
            "trade_id": "229c33b6-1721-4fd0-adcb-38c00b790dcc",
            "ticker": "KXHIGHAUS-25JAN21-B35.5",
            "count": 2,
            "created_time": "2025-01-21T19:59:45.5191Z",
            "yes_price": 18,
            "no_price": 82,
            "taker_side": "no"
        },
        {
            "trade_id": "adb10b96-4bbb-4549-b5aa-224749df2ea1",
            "ticker": "KXHIGHAUS-25JAN21-B35.5",
            "count": 1,
            "created_time": "2025-01-21T19:55:16.585021Z",
            "yes_price": 21,
            "no_price": 79,
            "taker_side": "no"
        },
        {
            "trade_id": "a99ebbc3-1bc2-4fbc-8aa7-727d0a040498",
            "ticker": "KXHIGHAUS-25JAN21-B35.5",
            "count": 11,
            "created_time": "2025-01-21T19:55:16.585021Z",
            "yes_price": 20,
            "no_price": 80,
            "taker_side": "no"
        },
        {
            "trade_id": "64e8d001-e35c-464e-963c-7c8869ac801f",
            "ticker": "KXHIGHAUS-25JAN21-B35.5",
            "count": 188,
            "created_time": "2025-01-21T19:55:16.585021Z",
            "yes_price": 19,
            "no_price": 81,
            "taker_side": "no"
        },
        {
            "trade_id": "d9ccc760-168c-4af5-9bad-30322d460b62",
            "ticker": "KXHIGHAUS-25JAN21-B35.5",
            "count": 140,
            "created_time": "2025-01-21T19:52:26.649279Z",
            "yes_price": 24,
            "no_price": 76,
            "taker_side": "yes"
        },
        {
            "trade_id": "35e2aaa3-3ea9-4318-9f20-84768f40dfca",
            "ticker": "KXHIGHAUS-25JAN21-B35.5",
            "count": 18,
            "created_time": "2025-01-21T19:52:26.649279Z",
            "yes_price": 24,
            "no_price": 76,
            "taker_side": "yes"
        },
        {
            "trade_id": "6aa50971-09b2-45dd-b97e-069ad2d6e0c4",
            "ticker": "KXHIGHAUS-25JAN21-B35.5",
            "count": 2,
            "created_time": "2025-01-21T19:51:28.574554Z",
            "yes_price": 20,
            "no_price": 80,
            "taker_side": "yes"
        },
        {
            "trade_id": "f662405c-92c7-48c7-9c34-8caf11155e6b",
            "ticker": "KXHIGHAUS-25JAN21-B35.5",
            "count": 250,
            "created_time": "2025-01-21T19:46:58.881288Z",
            "yes_price": 23,
            "no_price": 77,
            "taker_side": "yes"
        },
        {
            "trade_id": "6b6d429a-5f58-43e4-b2f4-047f378d67de",
            "ticker": "KXHIGHAUS-25JAN21-B35.5",
            "count": 1,
            "created_time": "2025-01-21T19:46:58.881288Z",
            "yes_price": 23,
            "no_price": 77,
            "taker_side": "yes"
        },
        {
            "trade_id": "8eb3fe56-6c70-4c59-af0c-a5adf51a843e",
            "ticker": "KXHIGHAUS-25JAN21-B35.5",
            "count": 1,
            "created_time": "2025-01-21T19:44:38.478431Z",
            "yes_price": 16,
            "no_price": 84,
            "taker_side": "yes"
        },
        {
            "trade_id": "44b132f3-96e0-4f9f-a57f-19153b80b180",
            "ticker": "KXHIGHAUS-25JAN21-B35.5",
            "count": 1,
            "created_time": "2025-01-21T19:44:38.478431Z",
            "yes_price": 16,
            "no_price": 84,
            "taker_side": "yes"
        },
        {
            "trade_id": "c593d11d-5a50-405c-8fcc-bc1819cf19d1",
            "ticker": "KXHIGHAUS-25JAN21-B35.5",
            "count": 1,
            "created_time": "2025-01-21T19:36:55.465861Z",
            "yes_price": 11,
            "no_price": 89,
            "taker_side": "no"
        },
        {
            "trade_id": "9a8f949d-45d7-476f-9a0f-a833097fc8f1",
            "ticker": "KXHIGHAUS-25JAN21-B35.5",
            "count": 604,
            "created_time": "2025-01-21T19:36:55.465861Z",
            "yes_price": 10,
            "no_price": 90,
            "taker_side": "no"
        },
        {
            "trade_id": "79b5a188-b367-4e49-9576-2f4958ce776b",
            "ticker": "KXHIGHAUS-25JAN21-B35.5",
            "count": 1,
            "created_time": "2025-01-21T19:36:55.465861Z",
            "yes_price": 12,
            "no_price": 88,
            "taker_side": "no"
        },
        {
            "trade_id": "472fe681-0fef-4ebe-bc50-6a56e6f33845",
            "ticker": "KXHIGHAUS-25JAN21-B35.5",
            "count": 500,
            "created_time": "2025-01-21T19:36:55.465861Z",
            "yes_price": 11,
            "no_price": 89,
            "taker_side": "no"
        },
        {
            "trade_id": "070d838a-0aee-4716-a1d4-57b8d2fbdf4a",
            "ticker": "KXHIGHAUS-25JAN21-B35.5",
            "count": 2,
            "created_time": "2025-01-21T19:36:55.465861Z",
            "yes_price": 12,
            "no_price": 88,
            "taker_side": "no"
        },
        {
            "trade_id": "77277283-e29c-4959-9fe3-2f0e83154d45",
            "ticker": "KXHIGHAUS-25JAN21-B35.5",
            "count": 103,
            "created_time": "2025-01-21T19:28:25.641985Z",
            "yes_price": 25,
            "no_price": 75,
            "taker_side": "yes"
        },
        {
            "trade_id": "5a6bd35d-397c-455b-b87f-29f836e7a1d7",
            "ticker": "KXHIGHAUS-25JAN21-B35.5",
            "count": 180,
            "created_time": "2025-01-21T19:28:18.744478Z",
            "yes_price": 25,
            "no_price": 75,
            "taker_side": "yes"
        },
        {
            "trade_id": "3a4e1705-5a92-4671-bce5-4999ca8eca01",
            "ticker": "KXHIGHAUS-25JAN21-B35.5",
            "count": 200,
            "created_time": "2025-01-21T19:28:18.744478Z",
            "yes_price": 25,
            "no_price": 75,
            "taker_side": "yes"
        },
        {
            "trade_id": "34ff1839-4740-4bb3-8168-896903deb1ad",
            "ticker": "KXHIGHAUS-25JAN21-B35.5",
            "count": 1,
            "created_time": "2025-01-21T19:27:40.847735Z",
            "yes_price": 16,
            "no_price": 84,
            "taker_side": "yes"
        },
        {
            "trade_id": "b0b3f757-8d08-44b4-b427-f29c6a6a5a81",
            "ticker": "KXHIGHAUS-25JAN21-B35.5",
            "count": 3,
            "created_time": "2025-01-21T19:24:26.845729Z",
            "yes_price": 9,
            "no_price": 91,
            "taker_side": "no"
        },
        {
            "trade_id": "75188f2c-f6e1-4ccf-9f0c-359a4d78345b",
            "ticker": "KXHIGHAUS-25JAN21-B35.5",
            "count": 1,
            "created_time": "2025-01-21T19:24:26.845729Z",
            "yes_price": 11,
            "no_price": 89,
            "taker_side": "no"
        },
        {
            "trade_id": "3d21ac85-f3d0-4148-b454-cf341c0284e9",
            "ticker": "KXHIGHAUS-25JAN21-B35.5",
            "count": 110,
            "created_time": "2025-01-21T19:24:26.845729Z",
            "yes_price": 7,
            "no_price": 93,
            "taker_side": "no"
        },
        {
            "trade_id": "276850b1-3387-45c9-bed7-16f479bcc6b5",
            "ticker": "KXHIGHAUS-25JAN21-B35.5",
            "count": 20,
            "created_time": "2025-01-21T19:24:26.845729Z",
            "yes_price": 8,
            "no_price": 92,
            "taker_side": "no"
        },
        {
            "trade_id": "1ba963d2-7112-4202-9ed8-214f6461ff2c",
            "ticker": "KXHIGHAUS-25JAN21-B35.5",
            "count": 1,
            "created_time": "2025-01-21T19:21:26.125343Z",
            "yes_price": 9,
            "no_price": 91,
            "taker_side": "no"
        },
        {
            "trade_id": "17355ba8-8842-418e-96a8-cb97d016314f",
            "ticker": "KXHIGHAUS-25JAN21-B35.5",
            "count": 1,
            "created_time": "2025-01-21T19:21:25.957793Z",
            "yes_price": 9,
            "no_price": 91,
            "taker_side": "no"
        },
        {
            "trade_id": "f4ae2264-0e42-4244-9651-c5bf54851211",
            "ticker": "KXHIGHAUS-25JAN21-B35.5",
            "count": 10,
            "created_time": "2025-01-21T19:18:43.541902Z",
            "yes_price": 25,
            "no_price": 75,
            "taker_side": "yes"
        },
        {
            "trade_id": "75491b7b-d0aa-4aca-962f-867a45e245d7",
            "ticker": "KXHIGHAUS-25JAN21-B35.5",
            "count": 15,
            "created_time": "2025-01-21T19:18:43.541902Z",
            "yes_price": 25,
            "no_price": 75,
            "taker_side": "yes"
        },
        {
            "trade_id": "28b8def6-d8b1-4a67-a6f4-aba64ff99dad",
            "ticker": "KXHIGHAUS-25JAN21-B35.5",
            "count": 279,
            "created_time": "2025-01-21T19:18:43.541902Z",
            "yes_price": 30,
            "no_price": 70,
            "taker_side": "yes"
        },
        {
            "trade_id": "4e8bf95b-641d-4e4f-8f18-72476c2e9d54",
            "ticker": "KXHIGHAUS-25JAN21-B35.5",
            "count": 182,
            "created_time": "2025-01-21T19:18:29.368493Z",
            "yes_price": 7,
            "no_price": 93,
            "taker_side": "no"
        },
        {
            "trade_id": "95ba0648-e03b-43a9-81c3-aabceab0b4ae",
            "ticker": "KXHIGHAUS-25JAN21-B35.5",
            "count": 112,
            "created_time": "2025-01-21T19:16:46.366019Z",
            "yes_price": 7,
            "no_price": 93,
            "taker_side": "no"
        },
        {
            "trade_id": "2634b501-3217-44ec-bb1e-9b85459d2eb9",
            "ticker": "KXHIGHAUS-25JAN21-B35.5",
            "count": 263,
            "created_time": "2025-01-21T19:16:46.366019Z",
            "yes_price": 8,
            "no_price": 92,
            "taker_side": "no"
        },
        {
            "trade_id": "b6bf803f-36cf-4779-9c12-01c69e7e93d5",
            "ticker": "KXHIGHAUS-25JAN21-B35.5",
            "count": 52,
            "created_time": "2025-01-21T19:13:06.558044Z",
            "yes_price": 13,
            "no_price": 87,
            "taker_side": "yes"
        },
        {
            "trade_id": "7c03f75f-8369-4541-8974-70686bd83d10",
            "ticker": "KXHIGHAUS-25JAN21-B35.5",
            "count": 34,
            "created_time": "2025-01-21T19:13:06.558044Z",
            "yes_price": 30,
            "no_price": 70,
            "taker_side": "yes"
        },
        {
            "trade_id": "7016793b-f7b1-4035-aadf-84646fc20775",
            "ticker": "KXHIGHAUS-25JAN21-B35.5",
            "count": 1,
            "created_time": "2025-01-21T19:13:06.558044Z",
            "yes_price": 17,
            "no_price": 83,
            "taker_side": "yes"
        },
        {
            "trade_id": "40758c47-7f8d-474a-a44e-038158c77f08",
            "ticker": "KXHIGHAUS-25JAN21-B35.5",
            "count": 20,
            "created_time": "2025-01-21T19:13:06.558044Z",
            "yes_price": 15,
            "no_price": 85,
            "taker_side": "yes"
        },
        {
            "trade_id": "255e2bd1-343d-48e2-91c5-04c9af967424",
            "ticker": "KXHIGHAUS-25JAN21-B35.5",
            "count": 14,
            "created_time": "2025-01-21T19:13:06.558044Z",
            "yes_price": 23,
            "no_price": 77,
            "taker_side": "yes"
        },
        {
            "trade_id": "251471f5-87d1-4089-82ed-18ed2ab48a97",
            "ticker": "KXHIGHAUS-25JAN21-B35.5",
            "count": 1,
            "created_time": "2025-01-21T19:13:06.558044Z",
            "yes_price": 15,
            "no_price": 85,
            "taker_side": "yes"
        },
        {
            "trade_id": "fc376913-4559-4971-8a53-d5fb40adf0d4",
            "ticker": "KXHIGHAUS-25JAN21-B35.5",
            "count": 2,
            "created_time": "2025-01-21T19:07:49.314013Z",
            "yes_price": 12,
            "no_price": 88,
            "taker_side": "yes"
        },
        {
            "trade_id": "e115ccc5-458c-4be6-86ff-c2c846a17878",
            "ticker": "KXHIGHAUS-25JAN21-B35.5",
            "count": 48,
            "created_time": "2025-01-21T19:07:49.314013Z",
            "yes_price": 13,
            "no_price": 87,
            "taker_side": "yes"
        },
        {
            "trade_id": "ab780ad4-f601-4274-9732-de40e76521c2",
            "ticker": "KXHIGHAUS-25JAN21-B35.5",
            "count": 1461,
            "created_time": "2025-01-21T19:03:40.462771Z",
            "yes_price": 12,
            "no_price": 88,
            "taker_side": "no"
        },
        {
            "trade_id": "8ef657ba-c9ba-4799-8a79-f955ed4eab23",
            "ticker": "KXHIGHAUS-25JAN21-B35.5",
            "count": 50,
            "created_time": "2025-01-21T19:02:53.554422Z",
            "yes_price": 12,
            "no_price": 88,
            "taker_side": "no"
        },
        {
            "trade_id": "dbadbeaa-0f87-4c3c-8546-3fb5436989b3",
            "ticker": "KXHIGHAUS-25JAN21-B35.5",
            "count": 1,
            "created_time": "2025-01-21T18:59:43.753469Z",
            "yes_price": 14,
            "no_price": 86,
            "taker_side": "no"
        },
        {
            "trade_id": "96d6dc57-32d7-4263-ab24-b986830b8702",
            "ticker": "KXHIGHAUS-25JAN21-B35.5",
            "count": 17,
            "created_time": "2025-01-21T18:59:43.753469Z",
            "yes_price": 13,
            "no_price": 87,
            "taker_side": "no"
        },
        {
            "trade_id": "708a216c-aa46-4f92-ac80-3071075abc1f",
            "ticker": "KXHIGHAUS-25JAN21-B35.5",
            "count": 377,
            "created_time": "2025-01-21T18:59:43.753469Z",
            "yes_price": 12,
            "no_price": 88,
            "taker_side": "no"
        },
        {
            "trade_id": "d17e809e-f0df-439a-9598-196a6cf26ef7",
            "ticker": "KXHIGHAUS-25JAN21-B35.5",
            "count": 1,
            "created_time": "2025-01-21T18:55:47.851092Z",
            "yes_price": 15,
            "no_price": 85,
            "taker_side": "no"
        },
        {
            "trade_id": "96ad9c2e-1e82-418a-9138-243165f899fc",
            "ticker": "KXHIGHAUS-25JAN21-B35.5",
            "count": 105,
            "created_time": "2025-01-21T18:54:46.456406Z",
            "yes_price": 22,
            "no_price": 78,
            "taker_side": "yes"
        },
        {
            "trade_id": "93431990-e177-4753-bcf6-572df523408e",
            "ticker": "KXHIGHAUS-25JAN21-B35.5",
            "count": 1,
            "created_time": "2025-01-21T18:54:46.456406Z",
            "yes_price": 21,
            "no_price": 79,
            "taker_side": "yes"
        },
        {
            "trade_id": "6ab47b96-d360-4a06-ae7c-f3decc5c98f9",
            "ticker": "KXHIGHAUS-25JAN21-B35.5",
            "count": 1,
            "created_time": "2025-01-21T18:54:46.456406Z",
            "yes_price": 22,
            "no_price": 78,
            "taker_side": "yes"
        },
        {
            "trade_id": "e75d6eae-fa92-4706-8107-a401b28897db",
            "ticker": "KXHIGHAUS-25JAN21-B35.5",
            "count": 483,
            "created_time": "2025-01-21T18:54:09.575261Z",
            "yes_price": 13,
            "no_price": 87,
            "taker_side": "no"
        },
        {
            "trade_id": "6a20106e-9bc0-4c58-82dc-5564c28b46d9",
            "ticker": "KXHIGHAUS-25JAN21-B35.5",
            "count": 1,
            "created_time": "2025-01-21T18:53:47.830919Z",
            "yes_price": 14,
            "no_price": 86,
            "taker_side": "no"
        },
        {
            "trade_id": "eaa89e53-f58a-421d-8a69-442de0e711de",
            "ticker": "KXHIGHAUS-25JAN21-B35.5",
            "count": 13,
            "created_time": "2025-01-21T18:38:34.931063Z",
            "yes_price": 22,
            "no_price": 78,
            "taker_side": "yes"
        },
        {
            "trade_id": "5cebdb19-94a5-46bc-a210-11fff67d2b1b",
            "ticker": "KXHIGHAUS-25JAN21-B35.5",
            "count": 8,
            "created_time": "2025-01-21T18:18:29.339637Z",
            "yes_price": 13,
            "no_price": 87,
            "taker_side": "no"
        },
        {
            "trade_id": "1980c475-fd61-46aa-952d-e934d35c3a81",
            "ticker": "KXHIGHAUS-25JAN21-B35.5",
            "count": 112,
            "created_time": "2025-01-21T18:17:18.425671Z",
            "yes_price": 12,
            "no_price": 88,
            "taker_side": "no"
        },
        {
            "trade_id": "c421cd73-897c-4b9c-856b-e79337036bc1",
            "ticker": "KXHIGHAUS-25JAN21-B35.5",
            "count": 182,
            "created_time": "2025-01-21T18:17:10.111445Z",
            "yes_price": 17,
            "no_price": 83,
            "taker_side": "yes"
        },
        {
            "trade_id": "650ad748-2134-492a-a9c1-29993b3aaf38",
            "ticker": "KXHIGHAUS-25JAN21-B35.5",
            "count": 9,
            "created_time": "2025-01-21T18:06:55.853082Z",
            "yes_price": 13,
            "no_price": 87,
            "taker_side": "yes"
        },
        {
            "trade_id": "1f510ecf-0b16-42d0-93a9-f89ecf2f7270",
            "ticker": "KXHIGHAUS-25JAN21-B35.5",
            "count": 1,
            "created_time": "2025-01-21T18:06:55.853082Z",
            "yes_price": 18,
            "no_price": 82,
            "taker_side": "yes"
        },
        {
            "trade_id": "ff2145e5-8ec6-47cc-90b2-ec71da543c96",
            "ticker": "KXHIGHAUS-25JAN21-B35.5",
            "count": 37,
            "created_time": "2025-01-21T18:04:34.376204Z",
            "yes_price": 6,
            "no_price": 94,
            "taker_side": "no"
        },
        {
            "trade_id": "dc411818-d3cd-4a96-993e-02cf251d3fe5",
            "ticker": "KXHIGHAUS-25JAN21-B35.5",
            "count": 7,
            "created_time": "2025-01-21T18:01:09.394985Z",
            "yes_price": 25,
            "no_price": 75,
            "taker_side": "yes"
        },
        {
            "trade_id": "d1195c86-0f4f-44a2-8efe-18bd16b12309",
            "ticker": "KXHIGHAUS-25JAN21-B35.5",
            "count": 13,
            "created_time": "2025-01-21T18:01:09.394985Z",
            "yes_price": 20,
            "no_price": 80,
            "taker_side": "yes"
        },
        {
            "trade_id": "612596c6-fd19-4fe4-9df2-4566956a7d05",
            "ticker": "KXHIGHAUS-25JAN21-B35.5",
            "count": 50,
            "created_time": "2025-01-21T18:01:09.394985Z",
            "yes_price": 13,
            "no_price": 87,
            "taker_side": "yes"
        },
        {
            "trade_id": "3da95ac7-b9d0-42da-b039-bffa44901403",
            "ticker": "KXHIGHAUS-25JAN21-B35.5",
            "count": 180,
            "created_time": "2025-01-21T18:01:09.394985Z",
            "yes_price": 20,
            "no_price": 80,
            "taker_side": "yes"
        },
        {
            "trade_id": "581c9a20-795c-4c81-8a90-7ca9e80bd2fa",
            "ticker": "KXHIGHAUS-25JAN21-B35.5",
            "count": 108,
            "created_time": "2025-01-21T18:00:21.077632Z",
            "yes_price": 8,
            "no_price": 92,
            "taker_side": "no"
        },
        {
            "trade_id": "bf52d739-fb93-47cb-ab5c-1dbe2e1b1c5f",
            "ticker": "KXHIGHAUS-25JAN21-B35.5",
            "count": 50,
            "created_time": "2025-01-21T17:47:49.603416Z",
            "yes_price": 9,
            "no_price": 91,
            "taker_side": "no"
        },
        {
            "trade_id": "44c666ea-478d-40d9-a9ca-e6d769efada2",
            "ticker": "KXHIGHAUS-25JAN21-B35.5",
            "count": 50,
            "created_time": "2025-01-21T17:47:49.603416Z",
            "yes_price": 8,
            "no_price": 92,
            "taker_side": "no"
        },
        {
            "trade_id": "f0f1163b-77bb-4eb8-b265-a57c1105cd91",
            "ticker": "KXHIGHAUS-25JAN21-B35.5",
            "count": 8,
            "created_time": "2025-01-21T17:43:35.984304Z",
            "yes_price": 12,
            "no_price": 88,
            "taker_side": "yes"
        },
        {
            "trade_id": "49668f9c-7031-4f3f-99c8-fa467d704880",
            "ticker": "KXHIGHAUS-25JAN21-B35.5",
            "count": 1,
            "created_time": "2025-01-21T17:43:00.701329Z",
            "yes_price": 9,
            "no_price": 91,
            "taker_side": "yes"
        },
        {
            "trade_id": "6684800a-fc49-4260-9137-c4f4c1e36420",
            "ticker": "KXHIGHAUS-25JAN21-B35.5",
            "count": 1,
            "created_time": "2025-01-21T17:09:48.982035Z",
            "yes_price": 12,
            "no_price": 88,
            "taker_side": "yes"
        },
        {
            "trade_id": "581c08a8-cd8e-4ad9-b49e-296c8dc341a1",
            "ticker": "KXHIGHAUS-25JAN21-B35.5",
            "count": 99,
            "created_time": "2025-01-21T17:09:48.982035Z",
            "yes_price": 12,
            "no_price": 88,
            "taker_side": "yes"
        },
        {
            "trade_id": "d27643eb-ffd1-41ca-b831-6636c6af561f",
            "ticker": "KXHIGHAUS-25JAN21-B35.5",
            "count": 66,
            "created_time": "2025-01-21T17:07:58.01959Z",
            "yes_price": 12,
            "no_price": 88,
            "taker_side": "no"
        },
        {
            "trade_id": "f8833cfc-09b0-46b5-9e53-6d6fff6d7ab4",
            "ticker": "KXHIGHAUS-25JAN21-B35.5",
            "count": 1,
            "created_time": "2025-01-21T17:07:57.294709Z",
            "yes_price": 12,
            "no_price": 88,
            "taker_side": "no"
        },
        {
            "trade_id": "a85f3ab8-ec2f-485b-be58-6f2bc1e37b15",
            "ticker": "KXHIGHAUS-25JAN21-B35.5",
            "count": 1,
            "created_time": "2025-01-21T17:07:50.892409Z",
            "yes_price": 12,
            "no_price": 88,
            "taker_side": "no"
        },
        {
            "trade_id": "ac592424-c815-4f18-9834-31d56c1bb934",
            "ticker": "KXHIGHAUS-25JAN21-B35.5",
            "count": 1,
            "created_time": "2025-01-21T17:07:45.752875Z",
            "yes_price": 12,
            "no_price": 88,
            "taker_side": "no"
        },
        {
            "trade_id": "c474efae-6590-4069-98bf-b48782d29c01",
            "ticker": "KXHIGHAUS-25JAN21-B35.5",
            "count": 1,
            "created_time": "2025-01-21T17:07:39.918653Z",
            "yes_price": 12,
            "no_price": 88,
            "taker_side": "no"
        },
        {
            "trade_id": "06c6570e-acb1-4c53-b405-a0df0109208e",
            "ticker": "KXHIGHAUS-25JAN21-B35.5",
            "count": 1,
            "created_time": "2025-01-21T17:07:34.930101Z",
            "yes_price": 12,
            "no_price": 88,
            "taker_side": "no"
        },
        {
            "trade_id": "c94ab1a6-f069-43fe-8e2e-505ec62b99a8",
            "ticker": "KXHIGHAUS-25JAN21-B35.5",
            "count": 1,
            "created_time": "2025-01-21T17:07:30.32946Z",
            "yes_price": 12,
            "no_price": 88,
            "taker_side": "no"
        },
        {
            "trade_id": "8e074c0d-a5f4-44c7-85fa-c156732fdc11",
            "ticker": "KXHIGHAUS-25JAN21-B35.5",
            "count": 2,
            "created_time": "2025-01-21T17:07:24.730153Z",
            "yes_price": 12,
            "no_price": 88,
            "taker_side": "no"
        },
        {
            "trade_id": "b50cf0fd-8ad1-498d-b5e7-d2b7f4dd1d35",
            "ticker": "KXHIGHAUS-25JAN21-B35.5",
            "count": 2,
            "created_time": "2025-01-21T17:07:19.227682Z",
            "yes_price": 12,
            "no_price": 88,
            "taker_side": "no"
        },
        {
            "trade_id": "11b219b5-3016-4edd-aa01-819df897d897",
            "ticker": "KXHIGHAUS-25JAN21-B35.5",
            "count": 2,
            "created_time": "2025-01-21T17:07:13.443977Z",
            "yes_price": 12,
            "no_price": 88,
            "taker_side": "no"
        },
        {
            "trade_id": "67c2ece0-e190-4909-9b7a-7465c6dff5ed",
            "ticker": "KXHIGHAUS-25JAN21-B35.5",
            "count": 2,
            "created_time": "2025-01-21T17:07:06.538863Z",
            "yes_price": 12,
            "no_price": 88,
            "taker_side": "no"
        },
        {
            "trade_id": "d758b9cc-25c6-4be7-8636-2fc989e7a6cb",
            "ticker": "KXHIGHAUS-25JAN21-B35.5",
            "count": 3,
            "created_time": "2025-01-21T17:07:00.896454Z",
            "yes_price": 12,
            "no_price": 88,
            "taker_side": "no"
        },
        {
            "trade_id": "f5a039ef-590f-48b5-be8d-86d276b97802",
            "ticker": "KXHIGHAUS-25JAN21-B35.5",
            "count": 1,
            "created_time": "2025-01-21T17:06:54.624905Z",
            "yes_price": 12,
            "no_price": 88,
            "taker_side": "no"
        },
        {
            "trade_id": "696f41b5-5aeb-42a2-bc48-9f0112f20a83",
            "ticker": "KXHIGHAUS-25JAN21-B35.5",
            "count": 2,
            "created_time": "2025-01-21T17:06:46.902581Z",
            "yes_price": 12,
            "no_price": 88,
            "taker_side": "no"
        },
        {
            "trade_id": "3a8b744e-7e00-40e6-9b3e-c5d406be18c9",
            "ticker": "KXHIGHAUS-25JAN21-B35.5",
            "count": 2,
            "created_time": "2025-01-21T17:06:41.148695Z",
            "yes_price": 12,
            "no_price": 88,
            "taker_side": "no"
        },
        {
            "trade_id": "608a2d21-df3b-4ef7-8ff8-c61451e89388",
            "ticker": "KXHIGHAUS-25JAN21-B35.5",
            "count": 2,
            "created_time": "2025-01-21T17:06:22.777923Z",
            "yes_price": 12,
            "no_price": 88,
            "taker_side": "no"
        },
        {
            "trade_id": "c9d3735c-a02b-49b7-8c81-d413d8dac8df",
            "ticker": "KXHIGHAUS-25JAN21-B35.5",
            "count": 2,
            "created_time": "2025-01-21T17:06:17.016362Z",
            "yes_price": 12,
            "no_price": 88,
            "taker_side": "no"
        },
        {
            "trade_id": "f68c826a-0b14-42a1-9815-fef95f327c58",
            "ticker": "KXHIGHAUS-25JAN21-B35.5",
            "count": 2,
            "created_time": "2025-01-21T17:06:11.274661Z",
            "yes_price": 12,
            "no_price": 88,
            "taker_side": "no"
        },
        {
            "trade_id": "08261294-8865-4e67-9256-d08a34a6de57",
            "ticker": "KXHIGHAUS-25JAN21-B35.5",
            "count": 6,
            "created_time": "2025-01-21T17:06:01.811868Z",
            "yes_price": 12,
            "no_price": 88,
            "taker_side": "yes"
        },
        {
            "trade_id": "e2561dee-71b6-45bb-a09f-fb4e86b5a0ca",
            "ticker": "KXHIGHAUS-25JAN21-B35.5",
            "count": 300,
            "created_time": "2025-01-21T16:48:51.742182Z",
            "yes_price": 12,
            "no_price": 88,
            "taker_side": "yes"
        },
        {
            "trade_id": "c452c0f9-88aa-4049-b7fa-c5cc8ba397ce",
            "ticker": "KXHIGHAUS-25JAN21-B35.5",
            "count": 20,
            "created_time": "2025-01-21T16:48:51.742182Z",
            "yes_price": 12,
            "no_price": 88,
            "taker_side": "yes"
        },
        {
            "trade_id": "2402fb71-59fa-4015-a83c-89d28ec16faf",
            "ticker": "KXHIGHAUS-25JAN21-B35.5",
            "count": 24,
            "created_time": "2025-01-21T16:48:51.742182Z",
            "yes_price": 12,
            "no_price": 88,
            "taker_side": "yes"
        },
        {
            "trade_id": "f0abd504-77a9-4d19-a357-3dcceb1db397",
            "ticker": "KXHIGHAUS-25JAN21-B35.5",
            "count": 50,
            "created_time": "2025-01-21T16:32:52.913207Z",
            "yes_price": 11,
            "no_price": 89,
            "taker_side": "no"
        },
        {
            "trade_id": "a79afeab-ca56-4688-92d8-c9fdc65fffcb",
            "ticker": "KXHIGHAUS-25JAN21-B35.5",
            "count": 50,
            "created_time": "2025-01-21T16:32:52.913207Z",
            "yes_price": 11,
            "no_price": 89,
            "taker_side": "no"
        },
        {
            "trade_id": "dd061584-2f3e-4302-a444-750f1f237aa7",
            "ticker": "KXHIGHAUS-25JAN21-B35.5",
            "count": 5,
            "created_time": "2025-01-21T16:27:57.573556Z",
            "yes_price": 11,
            "no_price": 89,
            "taker_side": "yes"
        },
        {
            "trade_id": "7bc28665-5391-4722-825a-effb95d433e0",
            "ticker": "KXHIGHAUS-25JAN21-B35.5",
            "count": 200,
            "created_time": "2025-01-21T16:27:57.573556Z",
            "yes_price": 13,
            "no_price": 87,
            "taker_side": "yes"
        },
        {
            "trade_id": "00863c2f-a5ac-43fa-b333-71dfe2e9d639",
            "ticker": "KXHIGHAUS-25JAN21-B35.5",
            "count": 15,
            "created_time": "2025-01-21T16:27:57.573556Z",
            "yes_price": 11,
            "no_price": 89,
            "taker_side": "yes"
        },
        {
            "trade_id": "71bbcb63-bfd7-4992-a023-02be3ee2b942",
            "ticker": "KXHIGHAUS-25JAN21-B35.5",
            "count": 3,
            "created_time": "2025-01-21T15:49:05.100344Z",
            "yes_price": 12,
            "no_price": 88,
            "taker_side": "yes"
        },
        {
            "trade_id": "30361016-3aa9-4045-9653-f2db76a54cbd",
            "ticker": "KXHIGHAUS-25JAN21-B35.5",
            "count": 17,
            "created_time": "2025-01-21T15:49:05.100344Z",
            "yes_price": 11,
            "no_price": 89,
            "taker_side": "yes"
        },
        {
            "trade_id": "314ae594-b6d2-42a0-8c29-7a985039f400",
            "ticker": "KXHIGHAUS-25JAN21-B35.5",
            "count": 9,
            "created_time": "2025-01-21T15:39:59.866994Z",
            "yes_price": 12,
            "no_price": 88,
            "taker_side": "yes"
        },
        {
            "trade_id": "1db080be-4099-46f9-a4bd-ff950f8ac2f1",
            "ticker": "KXHIGHAUS-25JAN21-B35.5",
            "count": 7,
            "created_time": "2025-01-21T15:39:59.866994Z",
            "yes_price": 11,
            "no_price": 89,
            "taker_side": "yes"
        },
        {
            "trade_id": "7be07d88-75ec-4c07-a85e-845c25215288",
            "ticker": "KXHIGHAUS-25JAN21-B35.5",
            "count": 13,
            "created_time": "2025-01-21T15:03:25.182821Z",
            "yes_price": 10,
            "no_price": 90,
            "taker_side": "yes"
        },
        {
            "trade_id": "e2252c65-5f30-40cd-8dae-296fdd17d77a",
            "ticker": "KXHIGHAUS-25JAN21-B35.5",
            "count": 3,
            "created_time": "2025-01-21T14:53:53.471394Z",
            "yes_price": 10,
            "no_price": 90,
            "taker_side": "yes"
        },
        {
            "trade_id": "99b2740f-887d-41c3-a6be-f07411d68042",
            "ticker": "KXHIGHAUS-25JAN21-B35.5",
            "count": 12,
            "created_time": "2025-01-21T14:53:53.471394Z",
            "yes_price": 13,
            "no_price": 87,
            "taker_side": "yes"
        },
        {
            "trade_id": "ca843995-7c9c-4bcb-b414-76ce1fe40415",
            "ticker": "KXHIGHAUS-25JAN21-B35.5",
            "count": 837,
            "created_time": "2025-01-21T14:50:23.513811Z",
            "yes_price": 10,
            "no_price": 90,
            "taker_side": "no"
        },
        {
            "trade_id": "8695dfca-b0d5-44e8-82c5-7bfd163c46c7",
            "ticker": "KXHIGHAUS-25JAN21-B35.5",
            "count": 950,
            "created_time": "2025-01-21T14:50:23.513811Z",
            "yes_price": 9,
            "no_price": 91,
            "taker_side": "no"
        },
        {
            "trade_id": "174ea05d-0026-45df-a8fa-5cc102621860",
            "ticker": "KXHIGHAUS-25JAN21-B35.5",
            "count": 110,
            "created_time": "2025-01-21T14:40:36.162235Z",
            "yes_price": 10,
            "no_price": 90,
            "taker_side": "no"
        },
        {
            "trade_id": "bf64aba6-91bc-4785-900a-4f02496e4219",
            "ticker": "KXHIGHAUS-25JAN21-B35.5",
            "count": 14,
            "created_time": "2025-01-21T14:32:57.577501Z",
            "yes_price": 13,
            "no_price": 87,
            "taker_side": "yes"
        },
        {
            "trade_id": "2eb498d1-589a-4456-93da-8dc48641744f",
            "ticker": "KXHIGHAUS-25JAN21-B35.5",
            "count": 36,
            "created_time": "2025-01-21T14:15:14.332296Z",
            "yes_price": 13,
            "no_price": 87,
            "taker_side": "yes"
        },
        {
            "trade_id": "cef05678-d73d-4df1-9eae-a2bc27ced608",
            "ticker": "KXHIGHAUS-25JAN21-B35.5",
            "count": 33,
            "created_time": "2025-01-21T14:15:03.150555Z",
            "yes_price": 13,
            "no_price": 87,
            "taker_side": "yes"
        },
        {
            "trade_id": "fc0df3de-b451-40b7-b88e-b19d9a687990",
            "ticker": "KXHIGHAUS-25JAN21-B35.5",
            "count": 93,
            "created_time": "2025-01-21T14:14:53.353464Z",
            "yes_price": 14,
            "no_price": 86,
            "taker_side": "yes"
        },
        {
            "trade_id": "7b8cafe4-9222-4db2-88ba-bf80f3a9ff48",
            "ticker": "KXHIGHAUS-25JAN21-B35.5",
            "count": 24,
            "created_time": "2025-01-21T14:14:53.353464Z",
            "yes_price": 13,
            "no_price": 87,
            "taker_side": "yes"
        },
        {
            "trade_id": "3cbe8af2-5473-45bd-a251-6e3e0c40fe2a",
            "ticker": "KXHIGHAUS-25JAN21-B35.5",
            "count": 6,
            "created_time": "2025-01-21T14:14:53.353464Z",
            "yes_price": 13,
            "no_price": 87,
            "taker_side": "yes"
        },
        {
            "trade_id": "379f0ca4-1fb2-4c9c-9b4c-044ac82a697c",
            "ticker": "KXHIGHAUS-25JAN21-B35.5",
            "count": 2,
            "created_time": "2025-01-21T14:14:53.353464Z",
            "yes_price": 13,
            "no_price": 87,
            "taker_side": "yes"
        },
        {
            "trade_id": "6e9cb2cd-90ac-4304-a691-b146be7c3a40",
            "ticker": "KXHIGHAUS-25JAN21-B35.5",
            "count": 15,
            "created_time": "2025-01-21T14:14:39.638077Z",
            "yes_price": 10,
            "no_price": 90,
            "taker_side": "no"
        },
        {
            "trade_id": "f2d1d8fc-92bd-4610-ab7c-97d90756fa53",
            "ticker": "KXHIGHAUS-25JAN21-B35.5",
            "count": 28,
            "created_time": "2025-01-21T14:08:56.739241Z",
            "yes_price": 13,
            "no_price": 87,
            "taker_side": "yes"
        },
        {
            "trade_id": "eeea0019-53fa-47c0-afc9-0f42788cb41a",
            "ticker": "KXHIGHAUS-25JAN21-B35.5",
            "count": 8,
            "created_time": "2025-01-21T14:08:56.739241Z",
            "yes_price": 13,
            "no_price": 87,
            "taker_side": "yes"
        },
        {
            "trade_id": "d1cba61a-62d7-4fb2-a3cb-78380d86a134",
            "ticker": "KXHIGHAUS-25JAN21-B35.5",
            "count": 9,
            "created_time": "2025-01-21T14:08:56.739241Z",
            "yes_price": 13,
            "no_price": 87,
            "taker_side": "yes"
        },
        {
            "trade_id": "ac319fce-01a0-4356-8e04-9b44dce3229e",
            "ticker": "KXHIGHAUS-25JAN21-B35.5",
            "count": 8,
            "created_time": "2025-01-21T14:08:56.739241Z",
            "yes_price": 15,
            "no_price": 85,
            "taker_side": "yes"
        },
        {
            "trade_id": "0af331eb-b126-47d1-8b2c-382faf8ef8e4",
            "ticker": "KXHIGHAUS-25JAN21-B35.5",
            "count": 7,
            "created_time": "2025-01-21T14:08:56.739241Z",
            "yes_price": 15,
            "no_price": 85,
            "taker_side": "yes"
        },
        {
            "trade_id": "1a175cff-d1df-48fa-94f4-b2c25c82c5d3",
            "ticker": "KXHIGHAUS-25JAN21-B35.5",
            "count": 38,
            "created_time": "2025-01-21T14:06:57.351996Z",
            "yes_price": 10,
            "no_price": 90,
            "taker_side": "no"
        },
        {
            "trade_id": "06ea161c-13a4-4276-bc40-8009ea362b7d",
            "ticker": "KXHIGHAUS-25JAN21-B35.5",
            "count": 308,
            "created_time": "2025-01-21T13:23:58.35434Z",
            "yes_price": 14,
            "no_price": 86,
            "taker_side": "no"
        },
        {
            "trade_id": "988edada-f5ff-45b4-bc6d-a555c8700270",
            "ticker": "KXHIGHAUS-25JAN21-B35.5",
            "count": 10,
            "created_time": "2025-01-21T13:16:27.812583Z",
            "yes_price": 14,
            "no_price": 86,
            "taker_side": "no"
        },
        {
            "trade_id": "1a2e9fcb-84a0-4ac4-8cd3-66bd34751fd7",
            "ticker": "KXHIGHAUS-25JAN21-B35.5",
            "count": 8,
            "created_time": "2025-01-21T13:16:06.294473Z",
            "yes_price": 14,
            "no_price": 86,
            "taker_side": "no"
        },
        {
            "trade_id": "096394eb-ab55-4d64-9ca9-cdd07da3c8f0",
            "ticker": "KXHIGHAUS-25JAN21-B35.5",
            "count": 74,
            "created_time": "2025-01-21T13:10:11.858308Z",
            "yes_price": 14,
            "no_price": 86,
            "taker_side": "no"
        },
        {
            "trade_id": "eb8c0fd4-1fdf-4a51-a9a9-0747bcf96579",
            "ticker": "KXHIGHAUS-25JAN21-B35.5",
            "count": 13,
            "created_time": "2025-01-21T07:59:43.877259Z",
            "yes_price": 20,
            "no_price": 80,
            "taker_side": "yes"
        },
        {
            "trade_id": "f8abff6f-8f80-4aba-a348-319f538825f3",
            "ticker": "KXHIGHAUS-25JAN21-B35.5",
            "count": 1,
            "created_time": "2025-01-21T07:59:12.13677Z",
            "yes_price": 18,
            "no_price": 82,
            "taker_side": "yes"
        },
        {
            "trade_id": "e019cb31-10c7-44de-8e5f-56d22f70f269",
            "ticker": "KXHIGHAUS-25JAN21-B35.5",
            "count": 15,
            "created_time": "2025-01-21T07:59:12.13677Z",
            "yes_price": 18,
            "no_price": 82,
            "taker_side": "yes"
        },
        {
            "trade_id": "15a3e7a6-abaf-43cd-b786-fef66450908f",
            "ticker": "KXHIGHAUS-25JAN21-B35.5",
            "count": 3,
            "created_time": "2025-01-21T07:18:55.439392Z",
            "yes_price": 19,
            "no_price": 81,
            "taker_side": "yes"
        },
        {
            "trade_id": "67e92554-0c0a-4f19-9965-745f841fcf70",
            "ticker": "KXHIGHAUS-25JAN21-B35.5",
            "count": 12,
            "created_time": "2025-01-21T06:48:31.887754Z",
            "yes_price": 19,
            "no_price": 81,
            "taker_side": "yes"
        },
        {
            "trade_id": "2a93bd22-4305-4df2-bd61-4afd37e2f009",
            "ticker": "KXHIGHAUS-25JAN21-B35.5",
            "count": 13,
            "created_time": "2025-01-21T06:48:31.887754Z",
            "yes_price": 19,
            "no_price": 81,
            "taker_side": "yes"
        },
        {
            "trade_id": "bc63f4ff-bffc-4f95-bcb8-b1f631faf779",
            "ticker": "KXHIGHAUS-25JAN21-B35.5",
            "count": 14,
            "created_time": "2025-01-21T06:27:30.410602Z",
            "yes_price": 17,
            "no_price": 83,
            "taker_side": "no"
        },
        {
            "trade_id": "f568d30c-6994-451e-9782-609c72d900fa",
            "ticker": "KXHIGHAUS-25JAN21-B35.5",
            "count": 2,
            "created_time": "2025-01-21T06:27:15.037112Z",
            "yes_price": 17,
            "no_price": 83,
            "taker_side": "no"
        },
        {
            "trade_id": "5376635d-80d6-47e9-a95d-1340b8487cb6",
            "ticker": "KXHIGHAUS-25JAN21-B35.5",
            "count": 83,
            "created_time": "2025-01-21T06:26:34.909719Z",
            "yes_price": 17,
            "no_price": 83,
            "taker_side": "no"
        },
        {
            "trade_id": "bb82a70d-2c14-4c3f-a27c-30d538961e29",
            "ticker": "KXHIGHAUS-25JAN21-B35.5",
            "count": 73,
            "created_time": "2025-01-21T06:24:46.771582Z",
            "yes_price": 17,
            "no_price": 83,
            "taker_side": "yes"
        },
        {
            "trade_id": "68d64558-6c9f-4896-825e-f0a3a543117a",
            "ticker": "KXHIGHAUS-25JAN21-B35.5",
            "count": 1,
            "created_time": "2025-01-21T06:24:46.771582Z",
            "yes_price": 17,
            "no_price": 83,
            "taker_side": "yes"
        },
        {
            "trade_id": "3140248b-8aee-4f7e-8c07-bcf5679f90c0",
            "ticker": "KXHIGHAUS-25JAN21-B35.5",
            "count": 10,
            "created_time": "2025-01-21T06:19:52.249201Z",
            "yes_price": 17,
            "no_price": 83,
            "taker_side": "yes"
        },
        {
            "trade_id": "b3e3edc4-5919-434e-bda9-199aaee5c6c6",
            "ticker": "KXHIGHAUS-25JAN21-B35.5",
            "count": 2,
            "created_time": "2025-01-21T06:10:48.397528Z",
            "yes_price": 17,
            "no_price": 83,
            "taker_side": "yes"
        },
        {
            "trade_id": "a17a60bc-923c-43e5-bc2e-bf2c5384ea8d",
            "ticker": "KXHIGHAUS-25JAN21-B35.5",
            "count": 55,
            "created_time": "2025-01-21T06:10:48.397528Z",
            "yes_price": 17,
            "no_price": 83,
            "taker_side": "yes"
        },
        {
            "trade_id": "9f5c0938-e317-426c-b047-a3c765162738",
            "ticker": "KXHIGHAUS-25JAN21-B35.5",
            "count": 12,
            "created_time": "2025-01-21T06:10:48.397528Z",
            "yes_price": 17,
            "no_price": 83,
            "taker_side": "yes"
        },
        {
            "trade_id": "6ac2c6e5-7349-499e-9801-f4e69fa2cc3d",
            "ticker": "KXHIGHAUS-25JAN21-B35.5",
            "count": 1,
            "created_time": "2025-01-21T06:10:48.397528Z",
            "yes_price": 17,
            "no_price": 83,
            "taker_side": "yes"
        },
        {
            "trade_id": "0d5a2a65-f4e6-4b2e-8b19-92a088d01eba",
            "ticker": "KXHIGHAUS-25JAN21-B35.5",
            "count": 10,
            "created_time": "2025-01-21T06:10:48.397528Z",
            "yes_price": 17,
            "no_price": 83,
            "taker_side": "yes"
        },
        {
            "trade_id": "feade361-73ee-4e1b-bb24-5e1490cdc7f9",
            "ticker": "KXHIGHAUS-25JAN21-B35.5",
            "count": 150,
            "created_time": "2025-01-21T05:46:11.480212Z",
            "yes_price": 15,
            "no_price": 85,
            "taker_side": "no"
        },
        {
            "trade_id": "cde88427-7ea9-433d-ba2f-ebfbc20abfd5",
            "ticker": "KXHIGHAUS-25JAN21-B35.5",
            "count": 62,
            "created_time": "2025-01-21T05:46:11.480212Z",
            "yes_price": 15,
            "no_price": 85,
            "taker_side": "no"
        },
        {
            "trade_id": "42768449-03ce-43da-ad83-9cae315863ac",
            "ticker": "KXHIGHAUS-25JAN21-B35.5",
            "count": 3,
            "created_time": "2025-01-21T05:46:11.480212Z",
            "yes_price": 15,
            "no_price": 85,
            "taker_side": "no"
        },
        {
            "trade_id": "8282a0e4-02fc-4ec3-9e96-9cacc33cb9e3",
            "ticker": "KXHIGHAUS-25JAN21-B35.5",
            "count": 78,
            "created_time": "2025-01-21T05:46:05.562435Z",
            "yes_price": 18,
            "no_price": 82,
            "taker_side": "yes"
        },
        {
            "trade_id": "759d76aa-6c7f-4f8f-978f-ad48d666d4a7",
            "ticker": "KXHIGHAUS-25JAN21-B35.5",
            "count": 2,
            "created_time": "2025-01-21T05:46:05.562435Z",
            "yes_price": 18,
            "no_price": 82,
            "taker_side": "yes"
        },
        {
            "trade_id": "061e7df9-e7e4-4cb8-b57c-1db78d45b8bf",
            "ticker": "KXHIGHAUS-25JAN21-B35.5",
            "count": 20,
            "created_time": "2025-01-21T05:46:05.562435Z",
            "yes_price": 18,
            "no_price": 82,
            "taker_side": "yes"
        },
        {
            "trade_id": "f786cb98-51e5-4ed4-9308-f8ad76a1a00a",
            "ticker": "KXHIGHAUS-25JAN21-B35.5",
            "count": 50,
            "created_time": "2025-01-21T05:14:16.061724Z",
            "yes_price": 46,
            "no_price": 54,
            "taker_side": "yes"
        },
        {
            "trade_id": "97822df7-a1ff-4899-b314-dad66d34c591",
            "ticker": "KXHIGHAUS-25JAN21-B35.5",
            "count": 240,
            "created_time": "2025-01-21T05:14:16.061724Z",
            "yes_price": 16,
            "no_price": 84,
            "taker_side": "yes"
        },
        {
            "trade_id": "8db2c54f-1a30-4a4e-8831-f7139fede7c9",
            "ticker": "KXHIGHAUS-25JAN21-B35.5",
            "count": 45,
            "created_time": "2025-01-21T05:14:16.061724Z",
            "yes_price": 29,
            "no_price": 71,
            "taker_side": "yes"
        },
        {
            "trade_id": "66b0d90c-5e70-497c-ab2f-140eeb4fcef2",
            "ticker": "KXHIGHAUS-25JAN21-B35.5",
            "count": 240,
            "created_time": "2025-01-21T05:14:16.061724Z",
            "yes_price": 18,
            "no_price": 82,
            "taker_side": "yes"
        },
        {
            "trade_id": "333a7d64-4553-45bc-a540-7ffa66f6e2ed",
            "ticker": "KXHIGHAUS-25JAN21-B35.5",
            "count": 72,
            "created_time": "2025-01-21T05:14:16.061724Z",
            "yes_price": 15,
            "no_price": 85,
            "taker_side": "yes"
        },
        {
            "trade_id": "2d1f3c03-ac08-4dee-a762-41d513c41fed",
            "ticker": "KXHIGHAUS-25JAN21-B35.5",
            "count": 13,
            "created_time": "2025-01-21T05:14:16.061724Z",
            "yes_price": 30,
            "no_price": 70,
            "taker_side": "yes"
        },
        {
            "trade_id": "2c203078-2ccd-45a4-9328-92bd40507ceb",
            "ticker": "KXHIGHAUS-25JAN21-B35.5",
            "count": 20,
            "created_time": "2025-01-21T05:14:16.061724Z",
            "yes_price": 49,
            "no_price": 51,
            "taker_side": "yes"
        },
        {
            "trade_id": "5d42b031-ecc7-43c8-8406-1bf3523c7e17",
            "ticker": "KXHIGHAUS-25JAN21-B35.5",
            "count": 156,
            "created_time": "2025-01-21T05:13:37.076825Z",
            "yes_price": 14,
            "no_price": 86,
            "taker_side": "yes"
        },
        {
            "trade_id": "528019e0-04ac-42cc-aa93-49f85091e2fa",
            "ticker": "KXHIGHAUS-25JAN21-B35.5",
            "count": 104,
            "created_time": "2025-01-21T05:13:37.076825Z",
            "yes_price": 10,
            "no_price": 90,
            "taker_side": "yes"
        },
        {
            "trade_id": "40e0c371-9810-4946-824b-a299a1a8ccd9",
            "ticker": "KXHIGHAUS-25JAN21-B35.5",
            "count": 240,
            "created_time": "2025-01-21T05:13:37.076825Z",
            "yes_price": 12,
            "no_price": 88,
            "taker_side": "yes"
        },
        {
            "trade_id": "e86a0ba1-cdc0-4508-b2d8-5a53e2883b72",
            "ticker": "KXHIGHAUS-25JAN21-B35.5",
            "count": 100,
            "created_time": "2025-01-21T05:12:04.983527Z",
            "yes_price": 25,
            "no_price": 75,
            "taker_side": "yes"
        },
        {
            "trade_id": "db6105f3-4353-4eb8-919b-8d40d6694003",
            "ticker": "KXHIGHAUS-25JAN21-B35.5",
            "count": 24,
            "created_time": "2025-01-21T05:12:04.983527Z",
            "yes_price": 24,
            "no_price": 76,
            "taker_side": "yes"
        },
        {
            "trade_id": "a18b9c70-0c3d-461d-8084-a8d5b4dbf506",
            "ticker": "KXHIGHAUS-25JAN21-B35.5",
            "count": 93,
            "created_time": "2025-01-21T05:12:04.983527Z",
            "yes_price": 10,
            "no_price": 90,
            "taker_side": "yes"
        },
        {
            "trade_id": "a0087be7-cdab-4399-91f0-30d28465cfa4",
            "ticker": "KXHIGHAUS-25JAN21-B35.5",
            "count": 10,
            "created_time": "2025-01-21T05:12:04.983527Z",
            "yes_price": 14,
            "no_price": 86,
            "taker_side": "yes"
        },
        {
            "trade_id": "93767e2a-f723-4d14-8f3e-e162ebc7ee51",
            "ticker": "KXHIGHAUS-25JAN21-B35.5",
            "count": 155,
            "created_time": "2025-01-21T05:12:04.983527Z",
            "yes_price": 29,
            "no_price": 71,
            "taker_side": "yes"
        },
        {
            "trade_id": "7788e7f2-99c8-4f5e-b197-41651f0fe739",
            "ticker": "KXHIGHAUS-25JAN21-B35.5",
            "count": 5,
            "created_time": "2025-01-21T05:12:04.983527Z",
            "yes_price": 10,
            "no_price": 90,
            "taker_side": "yes"
        },
        {
            "trade_id": "57913156-a3a6-441c-b66f-d96fed2e0185",
            "ticker": "KXHIGHAUS-25JAN21-B35.5",
            "count": 240,
            "created_time": "2025-01-21T05:12:04.983527Z",
            "yes_price": 14,
            "no_price": 86,
            "taker_side": "yes"
        },
        {
            "trade_id": "56268d79-bfa7-4c93-8f1d-80da06d48d5b",
            "ticker": "KXHIGHAUS-25JAN21-B35.5",
            "count": 240,
            "created_time": "2025-01-21T05:12:04.983527Z",
            "yes_price": 12,
            "no_price": 88,
            "taker_side": "yes"
        },
        {
            "trade_id": "c99e1952-5f06-4c0d-9d75-de281fd5309b",
            "ticker": "KXHIGHAUS-25JAN21-B35.5",
            "count": 16,
            "created_time": "2025-01-21T05:10:51.025278Z",
            "yes_price": 9,
            "no_price": 91,
            "taker_side": "yes"
        },
        {
            "trade_id": "c0693c56-25e2-40c1-b96e-6ceda26f7249",
            "ticker": "KXHIGHAUS-25JAN21-B35.5",
            "count": 4,
            "created_time": "2025-01-21T05:10:51.025278Z",
            "yes_price": 9,
            "no_price": 91,
            "taker_side": "yes"
        },
        {
            "trade_id": "7a62edb0-6b5e-4553-98af-e73a2797bf5d",
            "ticker": "KXHIGHAUS-25JAN21-B35.5",
            "count": 3,
            "created_time": "2025-01-21T05:10:51.025278Z",
            "yes_price": 9,
            "no_price": 91,
            "taker_side": "yes"
        },
        {
            "trade_id": "15680ba1-6738-499c-b3fa-330fe8277274",
            "ticker": "KXHIGHAUS-25JAN21-B35.5",
            "count": 26,
            "created_time": "2025-01-21T05:10:51.025278Z",
            "yes_price": 11,
            "no_price": 89,
            "taker_side": "yes"
        },
        {
            "trade_id": "e210e30b-894d-478d-af4d-cd6457d91f6c",
            "ticker": "KXHIGHAUS-25JAN21-B35.5",
            "count": 1,
            "created_time": "2025-01-21T04:43:18.061289Z",
            "yes_price": 7,
            "no_price": 93,
            "taker_side": "no"
        },
        {
            "trade_id": "9f58bec8-45d6-44b3-86e2-c2f6ffb46050",
            "ticker": "KXHIGHAUS-25JAN21-B35.5",
            "count": 43,
            "created_time": "2025-01-21T04:39:03.426612Z",
            "yes_price": 9,
            "no_price": 91,
            "taker_side": "yes"
        },
        {
            "trade_id": "934adc13-c05e-4fb6-a28a-ae36d7d9bff5",
            "ticker": "KXHIGHAUS-25JAN21-B35.5",
            "count": 1,
            "created_time": "2025-01-21T04:39:03.426612Z",
            "yes_price": 11,
            "no_price": 89,
            "taker_side": "yes"
        },
        {
            "trade_id": "5706dcee-9f05-4b7e-86f4-942c11a07552",
            "ticker": "KXHIGHAUS-25JAN21-B35.5",
            "count": 7,
            "created_time": "2025-01-21T04:39:03.426612Z",
            "yes_price": 9,
            "no_price": 91,
            "taker_side": "yes"
        },
        {
            "trade_id": "472f1187-73f1-452c-9929-9a0c9060f595",
            "ticker": "KXHIGHAUS-25JAN21-B35.5",
            "count": 85,
            "created_time": "2025-01-21T03:33:20.227982Z",
            "yes_price": 7,
            "no_price": 93,
            "taker_side": "yes"
        },
        {
            "trade_id": "006418da-8516-486e-bd12-018f3e424762",
            "ticker": "KXHIGHAUS-25JAN21-B35.5",
            "count": 15,
            "created_time": "2025-01-21T03:33:20.227982Z",
            "yes_price": 7,
            "no_price": 93,
            "taker_side": "yes"
        },
        {
            "trade_id": "9b0d29d2-5735-4106-a2c7-b660f63bac33",
            "ticker": "KXHIGHAUS-25JAN21-B35.5",
            "count": 46,
            "created_time": "2025-01-21T03:28:52.368591Z",
            "yes_price": 5,
            "no_price": 95,
            "taker_side": "no"
        },
        {
            "trade_id": "543609b4-2cd4-4970-9f8f-d7ab5a385235",
            "ticker": "KXHIGHAUS-25JAN21-B35.5",
            "count": 38,
            "created_time": "2025-01-21T01:45:28.340716Z",
            "yes_price": 10,
            "no_price": 90,
            "taker_side": "yes"
        },
        {
            "trade_id": "1d158eb4-82a3-4182-9c08-95136fbdc151",
            "ticker": "KXHIGHAUS-25JAN21-B35.5",
            "count": 8,
            "created_time": "2025-01-21T01:45:28.340716Z",
            "yes_price": 11,
            "no_price": 89,
            "taker_side": "yes"
        },
        {
            "trade_id": "8f37010f-8d25-470c-a342-b39918d638fb",
            "ticker": "KXHIGHAUS-25JAN21-B35.5",
            "count": 8,
            "created_time": "2025-01-20T23:47:32.441227Z",
            "yes_price": 11,
            "no_price": 89,
            "taker_side": "yes"
        },
        {
            "trade_id": "c149c1ce-5e66-42b7-8490-e27f912a088f",
            "ticker": "KXHIGHAUS-25JAN21-B35.5",
            "count": 95,
            "created_time": "2025-01-20T22:28:09.170931Z",
            "yes_price": 6,
            "no_price": 94,
            "taker_side": "no"
        },
        {
            "trade_id": "a7bd0f63-1456-42b0-919f-a0bc6b510cc0",
            "ticker": "KXHIGHAUS-25JAN21-B35.5",
            "count": 200,
            "created_time": "2025-01-20T22:28:09.170931Z",
            "yes_price": 4,
            "no_price": 96,
            "taker_side": "no"
        },
        {
            "trade_id": "5cc2b8c0-48e9-41f9-8514-95f1be63714a",
            "ticker": "KXHIGHAUS-25JAN21-B35.5",
            "count": 105,
            "created_time": "2025-01-20T22:28:09.170931Z",
            "yes_price": 4,
            "no_price": 96,
            "taker_side": "no"
        },
        {
            "trade_id": "26bac696-86b0-4127-8459-d6a83140fddd",
            "ticker": "KXHIGHAUS-25JAN21-B35.5",
            "count": 100,
            "created_time": "2025-01-20T22:18:51.936124Z",
            "yes_price": 6,
            "no_price": 94,
            "taker_side": "no"
        },
        {
            "trade_id": "9e42188e-4d02-483b-9c55-a8fb779c2c2d",
            "ticker": "KXHIGHAUS-25JAN21-B35.5",
            "count": 76,
            "created_time": "2025-01-20T21:55:31.340009Z",
            "yes_price": 6,
            "no_price": 94,
            "taker_side": "no"
        },
        {
            "trade_id": "54568a27-f3f7-4225-b73e-c5993cf9d638",
            "ticker": "KXHIGHAUS-25JAN21-B35.5",
            "count": 14,
            "created_time": "2025-01-20T21:55:31.340009Z",
            "yes_price": 6,
            "no_price": 94,
            "taker_side": "no"
        },
        {
            "trade_id": "3db51815-9908-430c-a40a-eaa505275217",
            "ticker": "KXHIGHAUS-25JAN21-B35.5",
            "count": 5,
            "created_time": "2025-01-20T21:55:31.340009Z",
            "yes_price": 6,
            "no_price": 94,
            "taker_side": "no"
        },
        {
            "trade_id": "9350886c-3c76-45cf-9d2e-b9a07f2832cf",
            "ticker": "KXHIGHAUS-25JAN21-B35.5",
            "count": 89,
            "created_time": "2025-01-20T21:33:23.31353Z",
            "yes_price": 14,
            "no_price": 86,
            "taker_side": "yes"
        },
        {
            "trade_id": "92ecb1fa-1549-4b2c-96a2-a8d16217dc12",
            "ticker": "KXHIGHAUS-25JAN21-B35.5",
            "count": 200,
            "created_time": "2025-01-20T21:33:23.31353Z",
            "yes_price": 9,
            "no_price": 91,
            "taker_side": "yes"
        },
        {
            "trade_id": "712a3e6e-9270-4d9d-9202-36b5214ee6d4",
            "ticker": "KXHIGHAUS-25JAN21-B35.5",
            "count": 240,
            "created_time": "2025-01-20T21:33:23.31353Z",
            "yes_price": 12,
            "no_price": 88,
            "taker_side": "yes"
        },
        {
            "trade_id": "1629ed76-4fdf-4737-9c8b-70ca7e525c6b",
            "ticker": "KXHIGHAUS-25JAN21-B35.5",
            "count": 66,
            "created_time": "2025-01-20T21:33:23.31353Z",
            "yes_price": 10,
            "no_price": 90,
            "taker_side": "yes"
        },
        {
            "trade_id": "d7f0bc79-ffb4-45d1-83ce-e36abd077a84",
            "ticker": "KXHIGHAUS-25JAN21-B35.5",
            "count": 11,
            "created_time": "2025-01-20T19:14:53.64634Z",
            "yes_price": 6,
            "no_price": 94,
            "taker_side": "yes"
        },
        {
            "trade_id": "d5b9694a-ea91-4813-8337-c7bdbe7ae455",
            "ticker": "KXHIGHAUS-25JAN21-B35.5",
            "count": 240,
            "created_time": "2025-01-20T19:14:53.64634Z",
            "yes_price": 8,
            "no_price": 92,
            "taker_side": "yes"
        },
        {
            "trade_id": "c6eb9d88-9bdb-475b-82a6-03629c49e8a6",
            "ticker": "KXHIGHAUS-25JAN21-B35.5",
            "count": 10,
            "created_time": "2025-01-20T19:14:53.64634Z",
            "yes_price": 12,
            "no_price": 88,
            "taker_side": "yes"
        },
        {
            "trade_id": "a26a60e4-50c6-4608-b32c-37ae4d86d679",
            "ticker": "KXHIGHAUS-25JAN21-B35.5",
            "count": 8,
            "created_time": "2025-01-20T19:14:53.64634Z",
            "yes_price": 6,
            "no_price": 94,
            "taker_side": "yes"
        },
        {
            "trade_id": "9ca2e0d7-bb58-4df0-abd2-7f1762c6b61d",
            "ticker": "KXHIGHAUS-25JAN21-B35.5",
            "count": 6,
            "created_time": "2025-01-20T19:14:53.64634Z",
            "yes_price": 22,
            "no_price": 78,
            "taker_side": "yes"
        },
        {
            "trade_id": "882ec8e0-a326-4070-9334-2216a9b3bccc",
            "ticker": "KXHIGHAUS-25JAN21-B35.5",
