{
    "KXHIGHAUS-25JAN02-T62": [
        {
            "trade_id": "61c0b145-80d3-4bb5-bcc3-e1d2dfca3fc8",
            "ticker": "KXHIGHAUS-25JAN02-T62",
            "count": 200,
            "created_time": "2025-01-02T22:01:54.232691Z",
            "yes_price": 1,
            "no_price": 99,
            "taker_side": "yes"
        },
        {
            "trade_id": "b7b1b34a-48d0-4de5-956d-2e86cb6d651d",
            "ticker": "KXHIGHAUS-25JAN02-T62",
            "count": 83,
            "created_time": "2025-01-02T20:13:19.252181Z",
            "yes_price": 1,
            "no_price": 99,
            "taker_side": "yes"
        },
        {
            "trade_id": "68a4d768-2e15-4f12-a996-cb983a47f751",
            "ticker": "KXHIGHAUS-25JAN02-T62",
            "count": 2337,
            "created_time": "2025-01-02T19:35:01.966188Z",
            "yes_price": 1,
            "no_price": 99,
            "taker_side": "yes"
        },
        {
            "trade_id": "faed0c2f-3407-4c9c-a7cb-a3d9ad2aa7d6",
            "ticker": "KXHIGHAUS-25JAN02-T62",
            "count": 100,
            "created_time": "2025-01-02T19:34:40.289837Z",
            "yes_price": 1,
            "no_price": 99,
            "taker_side": "yes"
        },
        {
            "trade_id": "78f6d4d0-07a8-46f1-a121-04f4b7a69851",
            "ticker": "KXHIGHAUS-25JAN02-T62",
            "count": 187,
            "created_time": "2025-01-02T19:32:17.800966Z",
            "yes_price": 1,
            "no_price": 99,
            "taker_side": "yes"
        },
        {
            "trade_id": "b8f4feca-d36e-4e1f-b965-2c29e3ba434b",
            "ticker": "KXHIGHAUS-25JAN02-T62",
            "count": 75,
            "created_time": "2025-01-02T18:58:14.782934Z",
            "yes_price": 1,
            "no_price": 99,
            "taker_side": "yes"
        },
        {
            "trade_id": "35c33443-ba11-4ad0-ae15-75653dffb613",
            "ticker": "KXHIGHAUS-25JAN02-T62",
            "count": 252,
            "created_time": "2025-01-02T18:20:00.015891Z",
            "yes_price": 1,
            "no_price": 99,
            "taker_side": "no"
        },
        {
            "trade_id": "fc34b0ce-216c-44be-b168-3bc69d26a24d",
            "ticker": "KXHIGHAUS-25JAN02-T62",
            "count": 1,
            "created_time": "2025-01-02T18:19:17.096337Z",
            "yes_price": 3,
            "no_price": 97,
            "taker_side": "yes"
        },
        {
            "trade_id": "1bed7756-e929-470b-b680-777b67192852",
            "ticker": "KXHIGHAUS-25JAN02-T62",
            "count": 1,
            "created_time": "2025-01-02T18:14:27.671368Z",
            "yes_price": 5,
            "no_price": 95,
            "taker_side": "yes"
        },
        {
            "trade_id": "29aba617-7f6d-4bba-8944-ee0dbd462935",
            "ticker": "KXHIGHAUS-25JAN02-T62",
            "count": 6,
            "created_time": "2025-01-02T18:13:49.884552Z",
            "yes_price": 5,
            "no_price": 95,
            "taker_side": "yes"
        },
        {
            "trade_id": "06c88e8f-7188-4272-be7e-d936c8ac98a9",
            "ticker": "KXHIGHAUS-25JAN02-T62",
            "count": 18,
            "created_time": "2025-01-02T18:13:05.634034Z",
            "yes_price": 5,
            "no_price": 95,
            "taker_side": "yes"
        },
        {
            "trade_id": "f89dd6c9-57ea-49ff-b19a-d8cda24d876c",
            "ticker": "KXHIGHAUS-25JAN02-T62",
            "count": 1,
            "created_time": "2025-01-02T18:01:01.156643Z",
            "yes_price": 6,
            "no_price": 94,
            "taker_side": "yes"
        },
        {
            "trade_id": "d676afc7-408f-4d17-8118-8424ca623847",
            "ticker": "KXHIGHAUS-25JAN02-T62",
            "count": 99,
            "created_time": "2025-01-02T18:01:01.156643Z",
            "yes_price": 7,
            "no_price": 93,
            "taker_side": "yes"
        },
        {
            "trade_id": "34c6cbde-1e34-4caf-ab11-38b2d8e8f33f",
            "ticker": "KXHIGHAUS-25JAN02-T62",
            "count": 200,
            "created_time": "2025-01-02T18:01:01.156643Z",
            "yes_price": 5,
            "no_price": 95,
            "taker_side": "yes"
        },
        {
            "trade_id": "1ab57b93-b36c-4742-99f6-dd3bdad2d81b",
            "ticker": "KXHIGHAUS-25JAN02-T62",
            "count": 450,
            "created_time": "2025-01-02T18:01:01.156643Z",
            "yes_price": 1,
            "no_price": 99,
            "taker_side": "yes"
        },
        {
            "trade_id": "fc798eb8-f60d-4286-9637-6ebe34e67dca",
            "ticker": "KXHIGHAUS-25JAN02-T62",
            "count": 44,
            "created_time": "2025-01-02T17:52:30.240396Z",
            "yes_price": 2,
            "no_price": 98,
            "taker_side": "no"
        },
        {
            "trade_id": "7213ec36-c824-4fa4-bb33-6644aee8b73c",
            "ticker": "KXHIGHAUS-25JAN02-T62",
            "count": 65,
            "created_time": "2025-01-02T17:52:30.240396Z",
            "yes_price": 1,
            "no_price": 99,
            "taker_side": "no"
        },
        {
            "trade_id": "243abef6-4b75-4e8f-bdfd-bc8e63f91194",
            "ticker": "KXHIGHAUS-25JAN02-T62",
            "count": 80,
            "created_time": "2025-01-02T17:46:52.741463Z",
            "yes_price": 3,
            "no_price": 97,
            "taker_side": "no"
        },
        {
            "trade_id": "ab02ff23-b557-46d2-9ed7-82465f8c7543",
            "ticker": "KXHIGHAUS-25JAN02-T62",
            "count": 1,
            "created_time": "2025-01-02T17:39:28.211112Z",
            "yes_price": 4,
            "no_price": 96,
            "taker_side": "no"
        },
        {
            "trade_id": "eca212e6-9366-4bc1-b9a3-56eaac2ede7b",
            "ticker": "KXHIGHAUS-25JAN02-T62",
            "count": 8,
            "created_time": "2025-01-02T17:39:13.22091Z",
            "yes_price": 4,
            "no_price": 96,
            "taker_side": "no"
        },
        {
            "trade_id": "83438be9-5b52-48e0-89cc-a568a4d531a0",
            "ticker": "KXHIGHAUS-25JAN02-T62",
            "count": 4,
            "created_time": "2025-01-02T17:38:59.626365Z",
            "yes_price": 4,
            "no_price": 96,
            "taker_side": "no"
        },
        {
            "trade_id": "74fa18f6-1d4d-4c6e-b03a-a1a52c1e828d",
            "ticker": "KXHIGHAUS-25JAN02-T62",
            "count": 83,
            "created_time": "2025-01-02T17:36:03.444994Z",
            "yes_price": 4,
            "no_price": 96,
            "taker_side": "no"
        },
        {
            "trade_id": "46dbf8c4-ab67-4d12-9b27-6b41a4ebba7d",
            "ticker": "KXHIGHAUS-25JAN02-T62",
            "count": 1,
            "created_time": "2025-01-02T17:34:40.460878Z",
            "yes_price": 4,
            "no_price": 96,
            "taker_side": "no"
        },
        {
            "trade_id": "cb9ebf94-d4fb-4bba-a6f4-dc7fc49ff914",
            "ticker": "KXHIGHAUS-25JAN02-T62",
            "count": 2,
            "created_time": "2025-01-02T17:33:56.716898Z",
            "yes_price": 4,
            "no_price": 96,
            "taker_side": "no"
        },
        {
            "trade_id": "95c25160-1e1d-4f44-969e-1266fcea7592",
            "ticker": "KXHIGHAUS-25JAN02-T62",
            "count": 1,
            "created_time": "2025-01-02T17:33:19.861994Z",
            "yes_price": 4,
            "no_price": 96,
            "taker_side": "no"
        },
        {
            "trade_id": "ab4298fc-4e86-47bc-88ae-659a51a65eb0",
            "ticker": "KXHIGHAUS-25JAN02-T62",
            "count": 1,
            "created_time": "2025-01-02T17:26:17.01784Z",
            "yes_price": 5,
            "no_price": 95,
            "taker_side": "no"
        },
        {
            "trade_id": "2db2f900-af49-4d56-9dfb-11b706d13212",
            "ticker": "KXHIGHAUS-25JAN02-T62",
            "count": 100,
            "created_time": "2025-01-02T17:26:17.01784Z",
            "yes_price": 5,
            "no_price": 95,
            "taker_side": "no"
        },
        {
            "trade_id": "279acd73-3f16-4d89-abb8-ad9745cc2df3",
            "ticker": "KXHIGHAUS-25JAN02-T62",
            "count": 86,
            "created_time": "2025-01-02T17:26:17.01784Z",
            "yes_price": 4,
            "no_price": 96,
            "taker_side": "no"
        },
        {
            "trade_id": "e2bce7ae-4e38-4bc7-a9be-89244c419ca0",
            "ticker": "KXHIGHAUS-25JAN02-T62",
            "count": 100,
            "created_time": "2025-01-02T17:24:54.746748Z",
            "yes_price": 6,
            "no_price": 94,
            "taker_side": "yes"
        },
        {
            "trade_id": "d1bec993-9111-477c-8e42-fd996b945db6",
            "ticker": "KXHIGHAUS-25JAN02-T62",
            "count": 30,
            "created_time": "2025-01-02T17:24:54.746748Z",
            "yes_price": 6,
            "no_price": 94,
            "taker_side": "yes"
        },
        {
            "trade_id": "c582bc0a-64a0-4220-b7f0-0c976c56703d",
            "ticker": "KXHIGHAUS-25JAN02-T62",
            "count": 54,
            "created_time": "2025-01-02T17:24:54.746748Z",
            "yes_price": 4,
            "no_price": 96,
            "taker_side": "yes"
        },
        {
            "trade_id": "91f5adb8-8688-4372-8340-381f17bfb350",
            "ticker": "KXHIGHAUS-25JAN02-T62",
            "count": 100,
            "created_time": "2025-01-02T17:24:54.746748Z",
            "yes_price": 6,
            "no_price": 94,
            "taker_side": "yes"
        },
        {
            "trade_id": "46cdc325-0006-47e7-b298-037247c59a34",
            "ticker": "KXHIGHAUS-25JAN02-T62",
            "count": 98,
            "created_time": "2025-01-02T17:24:54.746748Z",
            "yes_price": 6,
            "no_price": 94,
            "taker_side": "yes"
        },
        {
            "trade_id": "1955d56a-eb15-4ba9-b2de-68702b9a9fb6",
            "ticker": "KXHIGHAUS-25JAN02-T62",
            "count": 500,
            "created_time": "2025-01-02T17:24:54.746748Z",
            "yes_price": 5,
            "no_price": 95,
            "taker_side": "yes"
        },
        {
            "trade_id": "f8bc2f96-4307-4fea-b0f8-d6175083b7e4",
            "ticker": "KXHIGHAUS-25JAN02-T62",
            "count": 46,
            "created_time": "2025-01-02T17:20:35.622612Z",
            "yes_price": 4,
            "no_price": 96,
            "taker_side": "yes"
        },
        {
            "trade_id": "0c86aefa-57ad-4723-8a25-3a328949a107",
            "ticker": "KXHIGHAUS-25JAN02-T62",
            "count": 2,
            "created_time": "2025-01-02T17:12:54.030596Z",
            "yes_price": 3,
            "no_price": 97,
            "taker_side": "no"
        },
        {
            "trade_id": "41be0eed-1299-476b-b9e9-5ad8d49a813a",
            "ticker": "KXHIGHAUS-25JAN02-T62",
            "count": 2,
            "created_time": "2025-01-02T17:12:45.831128Z",
            "yes_price": 3,
            "no_price": 97,
            "taker_side": "no"
        },
        {
            "trade_id": "d1cc921c-f625-40c4-885d-8f930a4deb02",
            "ticker": "KXHIGHAUS-25JAN02-T62",
            "count": 1,
            "created_time": "2025-01-02T17:12:39.148677Z",
            "yes_price": 3,
            "no_price": 97,
            "taker_side": "yes"
        },
        {
            "trade_id": "f463a0d3-3145-4f2d-9dbd-560bfcba2e4a",
            "ticker": "KXHIGHAUS-25JAN02-T62",
            "count": 80,
            "created_time": "2025-01-02T17:10:41.117737Z",
            "yes_price": 3,
            "no_price": 97,
            "taker_side": "yes"
        },
        {
            "trade_id": "4e314bd2-bdf6-4c8e-8f8b-2902ad1b8646",
            "ticker": "KXHIGHAUS-25JAN02-T62",
            "count": 132,
            "created_time": "2025-01-02T17:10:33.839466Z",
            "yes_price": 3,
            "no_price": 97,
            "taker_side": "yes"
        },
        {
            "trade_id": "a7bf9265-11b8-481a-b698-be2511a937d3",
            "ticker": "KXHIGHAUS-25JAN02-T62",
            "count": 1,
            "created_time": "2025-01-02T16:39:54.892697Z",
            "yes_price": 2,
            "no_price": 98,
            "taker_side": "yes"
        },
        {
            "trade_id": "e9c0117a-fb24-4744-8374-6412d6477985",
            "ticker": "KXHIGHAUS-25JAN02-T62",
            "count": 49,
            "created_time": "2025-01-02T16:30:20.16465Z",
            "yes_price": 3,
            "no_price": 97,
            "taker_side": "no"
        },
        {
            "trade_id": "d62972ea-5044-4990-9460-78f733822292",
            "ticker": "KXHIGHAUS-25JAN02-T62",
            "count": 34,
            "created_time": "2025-01-02T16:30:20.16465Z",
            "yes_price": 1,
            "no_price": 99,
            "taker_side": "no"
        },
        {
            "trade_id": "113b442e-4c2a-4745-9075-9f40c495450c",
            "ticker": "KXHIGHAUS-25JAN02-T62",
            "count": 70,
            "created_time": "2025-01-02T16:30:20.16465Z",
            "yes_price": 2,
            "no_price": 98,
            "taker_side": "no"
        },
        {
            "trade_id": "1235a3cd-a744-4505-8026-d3fb35ba5cde",
            "ticker": "KXHIGHAUS-25JAN02-T62",
            "count": 7,
            "created_time": "2025-01-02T16:25:08.987353Z",
            "yes_price": 3,
            "no_price": 97,
            "taker_side": "no"
        },
        {
            "trade_id": "bb10a5ed-ebac-4eec-8051-8e0a128bc02d",
            "ticker": "KXHIGHAUS-25JAN02-T62",
            "count": 25,
            "created_time": "2025-01-02T16:24:57.130107Z",
            "yes_price": 3,
            "no_price": 97,
            "taker_side": "no"
        },
        {
            "trade_id": "e2a05e0a-ecea-435e-9e22-c31417d7c8f3",
            "ticker": "KXHIGHAUS-25JAN02-T62",
            "count": 1,
            "created_time": "2025-01-02T16:24:42.260627Z",
            "yes_price": 4,
            "no_price": 96,
            "taker_side": "yes"
        },
        {
            "trade_id": "9a78082f-cd56-45f0-94d1-be13ab628752",
            "ticker": "KXHIGHAUS-25JAN02-T62",
            "count": 5,
            "created_time": "2025-01-02T16:20:48.264375Z",
            "yes_price": 3,
            "no_price": 97,
            "taker_side": "no"
        },
        {
            "trade_id": "8300e3a4-e6d7-41f9-8f56-55f57492f2d5",
            "ticker": "KXHIGHAUS-25JAN02-T62",
            "count": 5,
            "created_time": "2025-01-02T16:20:29.854597Z",
            "yes_price": 3,
            "no_price": 97,
            "taker_side": "no"
        },
        {
            "trade_id": "80a46b99-936f-4220-9327-7b4ad8bff27c",
            "ticker": "KXHIGHAUS-25JAN02-T62",
            "count": 5,
            "created_time": "2025-01-02T16:20:07.216402Z",
            "yes_price": 3,
            "no_price": 97,
            "taker_side": "no"
        },
        {
            "trade_id": "82480a16-a594-4472-a0a4-2d369d3a6738",
            "ticker": "KXHIGHAUS-25JAN02-T62",
            "count": 7,
            "created_time": "2025-01-02T16:19:47.276892Z",
            "yes_price": 3,
            "no_price": 97,
            "taker_side": "no"
        },
        {
            "trade_id": "f6ab5bb2-c8ac-45ee-bc3b-585aac8897eb",
            "ticker": "KXHIGHAUS-25JAN02-T62",
            "count": 110,
            "created_time": "2025-01-02T16:19:30.175964Z",
            "yes_price": 2,
            "no_price": 98,
            "taker_side": "no"
        },
        {
            "trade_id": "978d71d2-3b58-4e67-a82a-eb3b46b1c349",
            "ticker": "KXHIGHAUS-25JAN02-T62",
            "count": 78,
            "created_time": "2025-01-02T16:19:00.652654Z",
            "yes_price": 3,
            "no_price": 97,
            "taker_side": "no"
        },
        {
            "trade_id": "f0c0922c-a138-4391-b271-9d37d69ed45f",
            "ticker": "KXHIGHAUS-25JAN02-T62",
            "count": 170,
            "created_time": "2025-01-02T16:14:26.15285Z",
            "yes_price": 3,
            "no_price": 97,
            "taker_side": "no"
        },
        {
            "trade_id": "be1fa5f0-8c2c-40fd-9d6d-de153fc50834",
            "ticker": "KXHIGHAUS-25JAN02-T62",
            "count": 1,
            "created_time": "2025-01-02T16:09:29.700845Z",
            "yes_price": 6,
            "no_price": 94,
            "taker_side": "yes"
        },
        {
            "trade_id": "ea076991-3e50-4302-a7d1-b57d83777556",
            "ticker": "KXHIGHAUS-25JAN02-T62",
            "count": 1,
            "created_time": "2025-01-02T15:54:16.655395Z",
            "yes_price": 6,
            "no_price": 94,
            "taker_side": "yes"
        },
        {
            "trade_id": "9bc0acae-27a0-4e80-9fa6-65fd70c426d3",
            "ticker": "KXHIGHAUS-25JAN02-T62",
            "count": 75,
            "created_time": "2025-01-02T15:44:00.149582Z",
            "yes_price": 4,
            "no_price": 96,
            "taker_side": "no"
        },
        {
            "trade_id": "2c665055-ea49-461a-9582-f71f4404a3f3",
            "ticker": "KXHIGHAUS-25JAN02-T62",
            "count": 100,
            "created_time": "2025-01-02T15:40:42.529551Z",
            "yes_price": 5,
            "no_price": 95,
            "taker_side": "no"
        },
        {
            "trade_id": "5fe7ec47-819c-4994-b538-eac9be9e838f",
            "ticker": "KXHIGHAUS-25JAN02-T62",
            "count": 300,
            "created_time": "2025-01-02T15:40:29.352276Z",
            "yes_price": 6,
            "no_price": 94,
            "taker_side": "yes"
        },
        {
            "trade_id": "1f5792f0-524f-4178-9eb5-5645f47a3428",
            "ticker": "KXHIGHAUS-25JAN02-T62",
            "count": 999,
            "created_time": "2025-01-02T15:40:29.352276Z",
            "yes_price": 6,
            "no_price": 94,
            "taker_side": "yes"
        },
        {
            "trade_id": "4d74b843-f66a-4ee6-a4b6-784a563b0d46",
            "ticker": "KXHIGHAUS-25JAN02-T62",
            "count": 1,
            "created_time": "2025-01-02T15:39:03.605561Z",
            "yes_price": 6,
            "no_price": 94,
            "taker_side": "yes"
        },
        {
            "trade_id": "46ddc0ff-132d-4cf4-a3a0-a9ed2ef16d22",
            "ticker": "KXHIGHAUS-25JAN02-T62",
            "count": 10,
            "created_time": "2025-01-02T15:33:37.00887Z",
            "yes_price": 6,
            "no_price": 94,
            "taker_side": "yes"
        },
        {
            "trade_id": "199aaf7c-f98a-4611-b516-3237ff55ff48",
            "ticker": "KXHIGHAUS-25JAN02-T62",
            "count": 12,
            "created_time": "2025-01-02T15:33:30.918553Z",
            "yes_price": 6,
            "no_price": 94,
            "taker_side": "no"
        },
        {
            "trade_id": "f09fcf38-1895-415d-a423-9a5a00b9edbb",
            "ticker": "KXHIGHAUS-25JAN02-T62",
            "count": 360,
            "created_time": "2025-01-02T15:33:28.823535Z",
            "yes_price": 8,
            "no_price": 92,
            "taker_side": "yes"
        },
        {
            "trade_id": "9ded4429-35ef-4002-913f-756b143d6298",
            "ticker": "KXHIGHAUS-25JAN02-T62",
            "count": 750,
            "created_time": "2025-01-02T15:33:28.823535Z",
            "yes_price": 7,
            "no_price": 93,
            "taker_side": "yes"
        },
        {
            "trade_id": "6c0bf5cf-5c9a-420c-8fa0-e777ccd26923",
            "ticker": "KXHIGHAUS-25JAN02-T62",
            "count": 260,
            "created_time": "2025-01-02T15:33:28.823535Z",
            "yes_price": 6,
            "no_price": 94,
            "taker_side": "yes"
        },
        {
            "trade_id": "471dd3f3-a00c-4418-a99e-3e1aaac1d142",
            "ticker": "KXHIGHAUS-25JAN02-T62",
            "count": 100,
            "created_time": "2025-01-02T15:33:28.823535Z",
            "yes_price": 6,
            "no_price": 94,
            "taker_side": "yes"
        },
        {
            "trade_id": "343be8c9-1f30-4dd9-acb5-eccf981d1b54",
            "ticker": "KXHIGHAUS-25JAN02-T62",
            "count": 236,
            "created_time": "2025-01-02T15:33:28.823535Z",
            "yes_price": 7,
            "no_price": 93,
            "taker_side": "yes"
        },
        {
            "trade_id": "2a31c3b3-0d3a-448f-ae16-cc21cdd0a6f3",
            "ticker": "KXHIGHAUS-25JAN02-T62",
            "count": 360,
            "created_time": "2025-01-02T15:33:28.823535Z",
            "yes_price": 7,
            "no_price": 93,
            "taker_side": "yes"
        },
        {
            "trade_id": "dce411e0-7b17-43d3-91ba-91990178e811",
            "ticker": "KXHIGHAUS-25JAN02-T62",
            "count": 9,
            "created_time": "2025-01-02T15:31:05.954519Z",
            "yes_price": 5,
            "no_price": 95,
            "taker_side": "yes"
        },
        {
            "trade_id": "f2ec9387-7804-493b-b115-530346f40295",
            "ticker": "KXHIGHAUS-25JAN02-T62",
            "count": 249,
            "created_time": "2025-01-02T15:29:22.833135Z",
            "yes_price": 5,
            "no_price": 95,
            "taker_side": "yes"
        },
        {
            "trade_id": "bfa3d322-f075-4e1e-8fee-11133abdb87c",
            "ticker": "KXHIGHAUS-25JAN02-T62",
            "count": 360,
            "created_time": "2025-01-02T15:29:22.833135Z",
            "yes_price": 6,
            "no_price": 94,
            "taker_side": "yes"
        },
        {
            "trade_id": "99383d2f-d57d-4cfc-ac23-7e7d6802a233",
            "ticker": "KXHIGHAUS-25JAN02-T62",
            "count": 500,
            "created_time": "2025-01-02T15:29:22.833135Z",
            "yes_price": 6,
            "no_price": 94,
            "taker_side": "yes"
        },
        {
            "trade_id": "52540aa2-f442-4016-8837-276f8e8ef862",
            "ticker": "KXHIGHAUS-25JAN02-T62",
            "count": 100,
            "created_time": "2025-01-02T15:29:22.833135Z",
            "yes_price": 5,
            "no_price": 95,
            "taker_side": "yes"
        },
        {
            "trade_id": "de6b962e-8efb-4ec8-9f20-fe85faf57c60",
            "ticker": "KXHIGHAUS-25JAN02-T62",
            "count": 20,
            "created_time": "2025-01-02T15:24:36.102323Z",
            "yes_price": 2,
            "no_price": 98,
            "taker_side": "no"
        },
        {
            "trade_id": "b81fbaf2-4bb1-4948-a74a-c7036921b747",
            "ticker": "KXHIGHAUS-25JAN02-T62",
            "count": 1,
            "created_time": "2025-01-02T15:23:48.601615Z",
            "yes_price": 5,
            "no_price": 95,
            "taker_side": "yes"
        },
        {
            "trade_id": "dfd1b63f-7892-48bf-8263-04910b9faafa",
            "ticker": "KXHIGHAUS-25JAN02-T62",
            "count": 67,
            "created_time": "2025-01-02T15:08:39.867889Z",
            "yes_price": 3,
            "no_price": 97,
            "taker_side": "yes"
        },
        {
            "trade_id": "a02a7d8d-7f7e-4ae3-909f-e430223e95b6",
            "ticker": "KXHIGHAUS-25JAN02-T62",
            "count": 200,
            "created_time": "2025-01-02T15:08:39.867889Z",
            "yes_price": 4,
            "no_price": 96,
            "taker_side": "yes"
        },
        {
            "trade_id": "91a8df5f-2199-4845-8edc-de995932016b",
            "ticker": "KXHIGHAUS-25JAN02-T62",
            "count": 83,
            "created_time": "2025-01-02T15:08:39.867889Z",
            "yes_price": 5,
            "no_price": 95,
            "taker_side": "yes"
        },
        {
            "trade_id": "332ba9a7-776a-43be-a0e4-75d92fc6f961",
            "ticker": "KXHIGHAUS-25JAN02-T62",
            "count": 150,
            "created_time": "2025-01-02T15:08:39.867889Z",
            "yes_price": 4,
            "no_price": 96,
            "taker_side": "yes"
        },
        {
            "trade_id": "bed4eeb6-d4d8-4dec-8b52-38e419b7916d",
            "ticker": "KXHIGHAUS-25JAN02-T62",
            "count": 1,
            "created_time": "2025-01-02T15:08:35.461657Z",
            "yes_price": 3,
            "no_price": 97,
            "taker_side": "yes"
        },
        {
            "trade_id": "09d9b516-7410-4d51-afbf-188626c15223",
            "ticker": "KXHIGHAUS-25JAN02-T62",
            "count": 1,
            "created_time": "2025-01-02T14:59:19.300907Z",
            "yes_price": 1,
            "no_price": 99,
            "taker_side": "no"
        },
        {
            "trade_id": "f00ed3c9-98ec-4ea0-94e1-057430f0cf1c",
            "ticker": "KXHIGHAUS-25JAN02-T62",
            "count": 5,
            "created_time": "2025-01-02T14:55:22.617176Z",
            "yes_price": 2,
            "no_price": 98,
            "taker_side": "yes"
        },
        {
            "trade_id": "6952616e-b9f6-4d31-a226-898e692c161f",
            "ticker": "KXHIGHAUS-25JAN02-T62",
            "count": 1,
            "created_time": "2025-01-02T14:53:22.688256Z",
            "yes_price": 3,
            "no_price": 97,
            "taker_side": "yes"
        },
        {
            "trade_id": "8411049c-e648-436a-8496-d063a201c7e8",
            "ticker": "KXHIGHAUS-25JAN02-T62",
            "count": 30,
            "created_time": "2025-01-02T14:39:17.584153Z",
            "yes_price": 3,
            "no_price": 97,
            "taker_side": "yes"
        },
        {
            "trade_id": "fbc81ace-ca5b-472b-a9f0-072467c29ea8",
            "ticker": "KXHIGHAUS-25JAN02-T62",
            "count": 1,
            "created_time": "2025-01-02T14:38:10.677829Z",
            "yes_price": 2,
            "no_price": 98,
            "taker_side": "yes"
        },
        {
            "trade_id": "ac0435d7-2db8-41f6-97de-2ba1589525c6",
            "ticker": "KXHIGHAUS-25JAN02-T62",
            "count": 1,
            "created_time": "2025-01-02T14:22:57.784452Z",
            "yes_price": 3,
            "no_price": 97,
            "taker_side": "yes"
        },
        {
            "trade_id": "f5025876-bdbd-4f65-96f0-65e3c298e0b2",
            "ticker": "KXHIGHAUS-25JAN02-T62",
            "count": 1,
            "created_time": "2025-01-02T14:08:28.462489Z",
            "yes_price": 3,
            "no_price": 97,
            "taker_side": "yes"
        },
        {
            "trade_id": "39bb2dc9-6976-44dd-8064-c56cfa8a9d15",
            "ticker": "KXHIGHAUS-25JAN02-T62",
            "count": 1,
            "created_time": "2025-01-02T14:07:42.338602Z",
            "yes_price": 4,
            "no_price": 96,
            "taker_side": "yes"
        },
        {
            "trade_id": "a9922891-537e-48b6-83e1-5c773ca303af",
            "ticker": "KXHIGHAUS-25JAN02-T62",
            "count": 10,
            "created_time": "2025-01-02T13:59:23.115096Z",
            "yes_price": 4,
            "no_price": 96,
            "taker_side": "yes"
        },
        {
            "trade_id": "7ed39e90-655a-4cf7-af19-c120ff164bae",
            "ticker": "KXHIGHAUS-25JAN02-T62",
            "count": 8,
            "created_time": "2025-01-02T13:59:23.115096Z",
            "yes_price": 5,
            "no_price": 95,
            "taker_side": "yes"
        },
        {
            "trade_id": "1dbe5aaa-d33e-49bd-baab-938c9c60ddb6",
            "ticker": "KXHIGHAUS-25JAN02-T62",
            "count": 22,
            "created_time": "2025-01-02T13:59:23.115096Z",
            "yes_price": 5,
            "no_price": 95,
            "taker_side": "yes"
        },
        {
            "trade_id": "4bcbe98d-3a06-48fd-b7b8-a8ef5f5491ba",
            "ticker": "KXHIGHAUS-25JAN02-T62",
            "count": 1,
            "created_time": "2025-01-02T13:52:28.656057Z",
            "yes_price": 5,
            "no_price": 95,
            "taker_side": "yes"
        },
        {
            "trade_id": "3b2deb59-2cdd-4c46-b446-cae80dd809c8",
            "ticker": "KXHIGHAUS-25JAN02-T62",
            "count": 1,
            "created_time": "2025-01-02T13:37:15.844466Z",
            "yes_price": 5,
            "no_price": 95,
            "taker_side": "yes"
        },
        {
            "trade_id": "f63bda7c-f390-4649-9efb-8bd76cb88cdf",
            "ticker": "KXHIGHAUS-25JAN02-T62",
            "count": 89,
            "created_time": "2025-01-02T13:30:07.969306Z",
            "yes_price": 5,
            "no_price": 95,
            "taker_side": "yes"
        },
        {
            "trade_id": "4d0a50a1-39bf-472b-aea2-e5a5f10cafb7",
            "ticker": "KXHIGHAUS-25JAN02-T62",
            "count": 11,
            "created_time": "2025-01-02T13:30:07.969306Z",
            "yes_price": 4,
            "no_price": 96,
            "taker_side": "yes"
        },
        {
            "trade_id": "163ae898-732c-43c8-a241-c268c69d5f90",
            "ticker": "KXHIGHAUS-25JAN02-T62",
            "count": 1,
            "created_time": "2025-01-02T13:22:03.294461Z",
            "yes_price": 4,
            "no_price": 96,
            "taker_side": "yes"
        },
        {
            "trade_id": "103a5bba-8787-43b3-bc47-1c0e48379573",
            "ticker": "KXHIGHAUS-25JAN02-T62",
            "count": 1,
            "created_time": "2025-01-02T13:06:50.020166Z",
            "yes_price": 5,
            "no_price": 95,
            "taker_side": "yes"
        },
        {
            "trade_id": "7e22c93c-3665-45d0-8350-79221bbb5928",
            "ticker": "KXHIGHAUS-25JAN02-T62",
            "count": 300,
            "created_time": "2025-01-02T13:03:59.055977Z",
            "yes_price": 5,
            "no_price": 95,
            "taker_side": "yes"
        },
        {
            "trade_id": "12c9b863-f677-4a07-b360-880fa80ec4d1",
            "ticker": "KXHIGHAUS-25JAN02-T62",
            "count": 100,
            "created_time": "2025-01-02T13:03:59.055977Z",
            "yes_price": 5,
            "no_price": 95,
            "taker_side": "yes"
        },
        {
            "trade_id": "c730e668-8a08-49a2-93e9-7b1875158654",
            "ticker": "KXHIGHAUS-25JAN02-T62",
            "count": 1,
            "created_time": "2025-01-02T07:46:23.925902Z",
            "yes_price": 4,
            "no_price": 96,
            "taker_side": "yes"
        },
        {
            "trade_id": "b3677fa6-c07f-4ffd-b4e1-f0a0e62281ca",
            "ticker": "KXHIGHAUS-25JAN02-T62",
            "count": 1,
            "created_time": "2025-01-02T07:31:10.76689Z",
            "yes_price": 4,
            "no_price": 96,
            "taker_side": "yes"
        },
        {
            "trade_id": "4866e23d-ff91-4f70-be5d-effa733f8515",
            "ticker": "KXHIGHAUS-25JAN02-T62",
            "count": 1,
            "created_time": "2025-01-02T07:15:57.507594Z",
            "yes_price": 4,
            "no_price": 96,
            "taker_side": "yes"
        },
        {
            "trade_id": "ad8cd2bc-3087-4284-be8f-fb628e774602",
            "ticker": "KXHIGHAUS-25JAN02-T62",
            "count": 1,
            "created_time": "2025-01-02T07:00:46.970609Z",
            "yes_price": 4,
            "no_price": 96,
            "taker_side": "yes"
        },
        {
            "trade_id": "185188a9-b10d-45dc-a0fc-a66138845085",
            "ticker": "KXHIGHAUS-25JAN02-T62",
            "count": 1,
            "created_time": "2025-01-02T06:45:59.267885Z",
            "yes_price": 3,
            "no_price": 97,
            "taker_side": "no"
        },
        {
            "trade_id": "14eccfb8-2768-4ce6-8061-1afe4dbd360b",
            "ticker": "KXHIGHAUS-25JAN02-T62",
            "count": 9,
            "created_time": "2025-01-02T06:45:59.267885Z",
            "yes_price": 3,
            "no_price": 97,
            "taker_side": "no"
        },
        {
            "trade_id": "9533bed8-fa0b-4d7f-bdb0-5060536f9231",
            "ticker": "KXHIGHAUS-25JAN02-T62",
            "count": 1,
            "created_time": "2025-01-02T06:45:34.655866Z",
            "yes_price": 4,
            "no_price": 96,
            "taker_side": "yes"
        },
        {
            "trade_id": "c0d62612-4219-48e0-b24d-9295b493e389",
            "ticker": "KXHIGHAUS-25JAN02-T62",
            "count": 1,
            "created_time": "2025-01-02T06:30:22.64385Z",
            "yes_price": 4,
            "no_price": 96,
            "taker_side": "yes"
        },
        {
            "trade_id": "f9f34049-df08-4ed1-b197-11991c67ef5a",
            "ticker": "KXHIGHAUS-25JAN02-T62",
            "count": 4,
            "created_time": "2025-01-02T02:27:06.639649Z",
            "yes_price": 2,
            "no_price": 98,
            "taker_side": "no"
        },
        {
            "trade_id": "768804f8-77ed-4692-a2ba-01d6b71ca49e",
            "ticker": "KXHIGHAUS-25JAN02-T62",
            "count": 4,
            "created_time": "2025-01-02T02:18:42.988633Z",
            "yes_price": 1,
            "no_price": 99,
            "taker_side": "no"
        },
        {
            "trade_id": "f6ce6fb7-6220-4ee2-a125-17be77d3af1c",
            "ticker": "KXHIGHAUS-25JAN02-T62",
            "count": 500,
            "created_time": "2025-01-01T23:39:22.903169Z",
            "yes_price": 9,
            "no_price": 91,
            "taker_side": "yes"
        }
    ],
    "KXHIGHAUS-25JAN02-B62.5": [
        {
            "trade_id": "647e1aa5-b6c5-40a0-adf9-b06c46f04757",
            "ticker": "KXHIGHAUS-25JAN02-B62.5",
            "count": 18,
            "created_time": "2025-01-03T02:53:07.393171Z",
            "yes_price": 99,
            "no_price": 1,
            "taker_side": "no"
        },
        {
            "trade_id": "bf899686-7f21-456f-844b-495dbc2ac231",
            "ticker": "KXHIGHAUS-25JAN02-B62.5",
            "count": 66,
            "created_time": "2025-01-03T01:34:44.675516Z",
            "yes_price": 98,
            "no_price": 2,
            "taker_side": "no"
        },
        {
            "trade_id": "21673ffe-17d3-4e38-a3b3-55228bc96322",
            "ticker": "KXHIGHAUS-25JAN02-B62.5",
            "count": 35,
            "created_time": "2025-01-03T01:32:49.268686Z",
            "yes_price": 98,
            "no_price": 2,
            "taker_side": "no"
        },
        {
            "trade_id": "dcfb9730-f75d-4719-a0db-93a6d83397be",
            "ticker": "KXHIGHAUS-25JAN02-B62.5",
            "count": 229,
            "created_time": "2025-01-03T01:26:28.481618Z",
            "yes_price": 98,
            "no_price": 2,
            "taker_side": "no"
        },
        {
            "trade_id": "76c7fb30-6fcb-42b3-8188-af105425d6e6",
            "ticker": "KXHIGHAUS-25JAN02-B62.5",
            "count": 1,
            "created_time": "2025-01-03T01:26:28.481618Z",
            "yes_price": 98,
            "no_price": 2,
            "taker_side": "no"
        },
        {
            "trade_id": "4e5c33c2-fb19-4594-ab31-642e6f50b382",
            "ticker": "KXHIGHAUS-25JAN02-B62.5",
            "count": 2,
            "created_time": "2025-01-03T01:26:28.481618Z",
            "yes_price": 97,
            "no_price": 3,
            "taker_side": "no"
        },
        {
            "trade_id": "ad0b8e9c-cecb-4111-82ea-abf855465dc6",
            "ticker": "KXHIGHAUS-25JAN02-B62.5",
            "count": 233,
            "created_time": "2025-01-03T01:26:11.938268Z",
            "yes_price": 98,
            "no_price": 2,
            "taker_side": "no"
        },
        {
            "trade_id": "9759ac52-3d8e-4890-b9be-4d9420a1ba6c",
            "ticker": "KXHIGHAUS-25JAN02-B62.5",
            "count": 212,
            "created_time": "2025-01-03T01:24:59.43511Z",
            "yes_price": 99,
            "no_price": 1,
            "taker_side": "no"
        },
        {
            "trade_id": "7de6ecf7-3034-4925-8986-ae0d8ca30d0e",
            "ticker": "KXHIGHAUS-25JAN02-B62.5",
            "count": 1,
            "created_time": "2025-01-03T01:24:59.43511Z",
            "yes_price": 99,
            "no_price": 1,
            "taker_side": "no"
        },
        {
            "trade_id": "2ac8394a-5a88-434e-bbcb-e130dcd99d7f",
            "ticker": "KXHIGHAUS-25JAN02-B62.5",
            "count": 41,
            "created_time": "2025-01-03T01:24:59.43511Z",
            "yes_price": 99,
            "no_price": 1,
            "taker_side": "no"
        },
        {
            "trade_id": "319b6782-44b0-43e0-bd97-4baf9aaef980",
            "ticker": "KXHIGHAUS-25JAN02-B62.5",
            "count": 467,
            "created_time": "2025-01-03T01:24:31.147746Z",
            "yes_price": 99,
            "no_price": 1,
            "taker_side": "no"
        },
        {
            "trade_id": "eccdce15-62d4-444a-a511-315444c88d55",
            "ticker": "KXHIGHAUS-25JAN02-B62.5",
            "count": 145,
            "created_time": "2025-01-03T00:08:42.63508Z",
            "yes_price": 99,
            "no_price": 1,
            "taker_side": "no"
        },
        {
            "trade_id": "0e87e474-2e4e-4cf4-8dfd-5b2fb032e507",
            "ticker": "KXHIGHAUS-25JAN02-B62.5",
            "count": 63,
            "created_time": "2025-01-03T00:04:42.940467Z",
            "yes_price": 99,
            "no_price": 1,
            "taker_side": "no"
        },
        {
            "trade_id": "1fbf2e27-f9b6-4657-80e9-7f897f804a23",
            "ticker": "KXHIGHAUS-25JAN02-B62.5",
            "count": 187,
            "created_time": "2025-01-03T00:00:29.762296Z",
            "yes_price": 99,
            "no_price": 1,
            "taker_side": "no"
        },
        {
            "trade_id": "18624252-85e3-4661-b068-925e2faac1f4",
            "ticker": "KXHIGHAUS-25JAN02-B62.5",
            "count": 187,
            "created_time": "2025-01-03T00:00:17.274248Z",
            "yes_price": 99,
            "no_price": 1,
            "taker_side": "no"
        },
        {
            "trade_id": "ca4fe58e-7f8c-47aa-847d-d99aeca80211",
            "ticker": "KXHIGHAUS-25JAN02-B62.5",
            "count": 10,
            "created_time": "2025-01-02T23:57:18.569717Z",
            "yes_price": 99,
            "no_price": 1,
            "taker_side": "no"
        },
        {
            "trade_id": "dfea0438-1922-430c-a976-bbd2d6c6a51a",
            "ticker": "KXHIGHAUS-25JAN02-B62.5",
            "count": 500,
            "created_time": "2025-01-02T23:56:16.187778Z",
            "yes_price": 97,
            "no_price": 3,
            "taker_side": "no"
        },
        {
            "trade_id": "d03f4864-1f42-48d2-ba93-c8d233e8d668",
            "ticker": "KXHIGHAUS-25JAN02-B62.5",
            "count": 100,
            "created_time": "2025-01-02T23:56:16.187778Z",
            "yes_price": 95,
            "no_price": 5,
            "taker_side": "no"
        },
        {
            "trade_id": "c3959222-4cd5-42dd-83c6-28678756dd7f",
            "ticker": "KXHIGHAUS-25JAN02-B62.5",
            "count": 17,
            "created_time": "2025-01-02T23:56:16.187778Z",
            "yes_price": 97,
            "no_price": 3,
            "taker_side": "no"
        },
        {
            "trade_id": "c0429c56-831f-4bf2-994a-b1c8934bbdf3",
            "ticker": "KXHIGHAUS-25JAN02-B62.5",
            "count": 500,
            "created_time": "2025-01-02T23:56:16.187778Z",
            "yes_price": 94,
            "no_price": 6,
            "taker_side": "no"
        },
        {
            "trade_id": "949ace16-e12e-417c-aaa8-04ff60a3ef19",
            "ticker": "KXHIGHAUS-25JAN02-B62.5",
            "count": 500,
            "created_time": "2025-01-02T23:56:16.187778Z",
            "yes_price": 96,
            "no_price": 4,
            "taker_side": "no"
        },
        {
            "trade_id": "60097136-20be-41ef-94b4-47e13365b67b",
            "ticker": "KXHIGHAUS-25JAN02-B62.5",
            "count": 500,
            "created_time": "2025-01-02T23:56:16.187778Z",
            "yes_price": 95,
            "no_price": 5,
            "taker_side": "no"
        },
        {
            "trade_id": "2fefadd6-f815-41ec-8a3d-4278972fe246",
            "ticker": "KXHIGHAUS-25JAN02-B62.5",
            "count": 112,
            "created_time": "2025-01-02T23:56:16.187778Z",
            "yes_price": 98,
            "no_price": 2,
            "taker_side": "no"
        },
        {
            "trade_id": "2c2edd35-a75c-432d-9c9b-ce9021391f7f",
            "ticker": "KXHIGHAUS-25JAN02-B62.5",
            "count": 38,
            "created_time": "2025-01-02T23:56:16.187778Z",
            "yes_price": 93,
            "no_price": 7,
            "taker_side": "no"
        },
        {
            "trade_id": "e898516c-25a9-4f33-acd1-1add1481c1f3",
            "ticker": "KXHIGHAUS-25JAN02-B62.5",
            "count": 2590,
            "created_time": "2025-01-02T23:52:16.514442Z",
            "yes_price": 99,
            "no_price": 1,
            "taker_side": "yes"
        },
        {
            "trade_id": "be8bf2a3-15b1-4a73-bae9-64db3a295fb6",
            "ticker": "KXHIGHAUS-25JAN02-B62.5",
            "count": 80,
            "created_time": "2025-01-02T23:52:16.514442Z",
            "yes_price": 99,
            "no_price": 1,
            "taker_side": "yes"
        },
        {
            "trade_id": "5a95e1ea-8bad-49b4-8d96-f436fe7ae1d3",
            "ticker": "KXHIGHAUS-25JAN02-B62.5",
            "count": 500,
            "created_time": "2025-01-02T23:52:16.514442Z",
            "yes_price": 99,
            "no_price": 1,
            "taker_side": "yes"
        },
        {
            "trade_id": "d7fa1acb-f876-4a60-a784-cd025c944604",
            "ticker": "KXHIGHAUS-25JAN02-B62.5",
            "count": 19,
            "created_time": "2025-01-02T23:50:03.204786Z",
            "yes_price": 98,
            "no_price": 2,
            "taker_side": "no"
        },
        {
            "trade_id": "79bce6fa-9fe0-4ea7-9138-65949f7b9782",
            "ticker": "KXHIGHAUS-25JAN02-B62.5",
            "count": 10,
            "created_time": "2025-01-02T23:49:27.076963Z",
            "yes_price": 98,
            "no_price": 2,
            "taker_side": "no"
        },
        {
            "trade_id": "459acb6d-41c5-41c9-8058-5b85b16900c1",
            "ticker": "KXHIGHAUS-25JAN02-B62.5",
            "count": 10,
            "created_time": "2025-01-02T23:49:00.036257Z",
            "yes_price": 99,
            "no_price": 1,
            "taker_side": "yes"
        },
        {
            "trade_id": "89d51e8d-f034-4944-9732-11e3e96518db",
            "ticker": "KXHIGHAUS-25JAN02-B62.5",
            "count": 33,
            "created_time": "2025-01-02T23:48:24.041734Z",
            "yes_price": 98,
            "no_price": 2,
            "taker_side": "no"
        },
        {
            "trade_id": "ee9b03a6-4040-4c4d-9912-e54d25d62bcb",
            "ticker": "KXHIGHAUS-25JAN02-B62.5",
            "count": 93,
            "created_time": "2025-01-02T23:46:53.571935Z",
            "yes_price": 98,
            "no_price": 2,
            "taker_side": "no"
        },
        {
            "trade_id": "9e6ca7bb-7c00-4c24-a0ad-31afef74bdba",
            "ticker": "KXHIGHAUS-25JAN02-B62.5",
            "count": 30,
            "created_time": "2025-01-02T23:45:58.335822Z",
            "yes_price": 98,
            "no_price": 2,
            "taker_side": "no"
        },
        {
            "trade_id": "3d8511b4-7b81-4917-9246-fd4b8f906882",
            "ticker": "KXHIGHAUS-25JAN02-B62.5",
            "count": 1,
            "created_time": "2025-01-02T23:44:39.462589Z",
            "yes_price": 98,
            "no_price": 2,
            "taker_side": "no"
        },
        {
            "trade_id": "2bea89d2-c090-48fc-9d72-cc46c65904a7",
            "ticker": "KXHIGHAUS-25JAN02-B62.5",
            "count": 1,
            "created_time": "2025-01-02T23:44:26.517025Z",
            "yes_price": 98,
            "no_price": 2,
            "taker_side": "no"
        },
        {
            "trade_id": "bbe57d7d-fe72-401f-a0ac-4bcbe5671726",
            "ticker": "KXHIGHAUS-25JAN02-B62.5",
            "count": 1,
            "created_time": "2025-01-02T23:44:11.775501Z",
            "yes_price": 98,
            "no_price": 2,
            "taker_side": "no"
        },
        {
            "trade_id": "940ad75c-d710-4862-94f6-ea16c33a6da2",
            "ticker": "KXHIGHAUS-25JAN02-B62.5",
            "count": 2,
            "created_time": "2025-01-02T23:43:59.041332Z",
            "yes_price": 98,
            "no_price": 2,
            "taker_side": "no"
        },
        {
            "trade_id": "9ec8fde6-bc05-4597-a518-ef2e1236525e",
            "ticker": "KXHIGHAUS-25JAN02-B62.5",
            "count": 101,
            "created_time": "2025-01-02T23:41:36.123646Z",
            "yes_price": 98,
            "no_price": 2,
            "taker_side": "no"
        },
        {
            "trade_id": "362ed6ac-eff1-4626-8f5f-e606e0bb2a96",
            "ticker": "KXHIGHAUS-25JAN02-B62.5",
            "count": 99,
            "created_time": "2025-01-02T23:41:36.123646Z",
            "yes_price": 98,
            "no_price": 2,
            "taker_side": "no"
        },
        {
            "trade_id": "1fe7d336-4b80-422d-987d-a3361a23fcf9",
            "ticker": "KXHIGHAUS-25JAN02-B62.5",
            "count": 32,
            "created_time": "2025-01-02T23:39:19.071828Z",
            "yes_price": 98,
            "no_price": 2,
            "taker_side": "no"
        },
        {
            "trade_id": "c683f4df-c2a1-42f4-9b39-019bb6f2e703",
            "ticker": "KXHIGHAUS-25JAN02-B62.5",
            "count": 20,
            "created_time": "2025-01-02T23:39:14.278298Z",
            "yes_price": 99,
            "no_price": 1,
            "taker_side": "yes"
        },
        {
            "trade_id": "3376cc52-9299-4007-8760-3857597ccc9c",
            "ticker": "KXHIGHAUS-25JAN02-B62.5",
            "count": 38,
            "created_time": "2025-01-02T23:34:01.578885Z",
            "yes_price": 98,
            "no_price": 2,
            "taker_side": "no"
        },
        {
            "trade_id": "26036767-7e43-4a14-9c00-199f40445431",
            "ticker": "KXHIGHAUS-25JAN02-B62.5",
            "count": 460,
            "created_time": "2025-01-02T23:33:27.939202Z",
            "yes_price": 99,
            "no_price": 1,
            "taker_side": "yes"
        },
        {
            "trade_id": "9e8e082d-6315-4111-9e7e-470c9cc9e80f",
            "ticker": "KXHIGHAUS-25JAN02-B62.5",
            "count": 2,
            "created_time": "2025-01-02T23:28:31.540573Z",
            "yes_price": 98,
            "no_price": 2,
            "taker_side": "no"
        },
        {
            "trade_id": "9cf7e92a-fae0-4366-9cfd-2bad7660ca92",
            "ticker": "KXHIGHAUS-25JAN02-B62.5",
            "count": 271,
            "created_time": "2025-01-02T23:28:09.40424Z",
            "yes_price": 98,
            "no_price": 2,
            "taker_side": "yes"
        },
        {
            "trade_id": "8abcc07b-8b67-4952-8ceb-bfd863f1dfc7",
            "ticker": "KXHIGHAUS-25JAN02-B62.5",
            "count": 35,
            "created_time": "2025-01-02T23:27:19.773611Z",
            "yes_price": 97,
            "no_price": 3,
            "taker_side": "no"
        },
        {
            "trade_id": "34f22fe8-1149-441e-9d73-a3cc63c0a09b",
            "ticker": "KXHIGHAUS-25JAN02-B62.5",
            "count": 1,
            "created_time": "2025-01-02T23:27:16.365396Z",
            "yes_price": 97,
            "no_price": 3,
            "taker_side": "no"
        },
        {
            "trade_id": "b6e36a9e-613a-42db-89df-9b6b358e9bc0",
            "ticker": "KXHIGHAUS-25JAN02-B62.5",
            "count": 1,
            "created_time": "2025-01-02T23:27:09.082449Z",
            "yes_price": 97,
            "no_price": 3,
            "taker_side": "no"
        },
        {
            "trade_id": "ba8db297-82ff-44f3-be57-ceb5b6dbeb1b",
            "ticker": "KXHIGHAUS-25JAN02-B62.5",
            "count": 1,
            "created_time": "2025-01-02T23:26:55.001839Z",
            "yes_price": 97,
            "no_price": 3,
            "taker_side": "no"
        },
        {
            "trade_id": "cca7426d-c13e-450a-b4a3-551fe2422247",
            "ticker": "KXHIGHAUS-25JAN02-B62.5",
            "count": 1,
            "created_time": "2025-01-02T23:26:48.102323Z",
            "yes_price": 97,
            "no_price": 3,
            "taker_side": "no"
        },
        {
            "trade_id": "431f54b8-86fd-4da3-b95a-cd428988688c",
            "ticker": "KXHIGHAUS-25JAN02-B62.5",
            "count": 1,
            "created_time": "2025-01-02T23:26:34.397313Z",
            "yes_price": 97,
            "no_price": 3,
            "taker_side": "no"
        },
        {
            "trade_id": "8b03b8f0-0965-4d88-837e-029a22eb9eec",
            "ticker": "KXHIGHAUS-25JAN02-B62.5",
            "count": 1,
            "created_time": "2025-01-02T23:26:27.191322Z",
            "yes_price": 97,
            "no_price": 3,
            "taker_side": "no"
        },
        {
            "trade_id": "3e62c319-492c-41e3-8c4e-63a019e8b3a5",
            "ticker": "KXHIGHAUS-25JAN02-B62.5",
            "count": 1,
            "created_time": "2025-01-02T23:26:11.289255Z",
            "yes_price": 97,
            "no_price": 3,
            "taker_side": "no"
        },
        {
            "trade_id": "69f154f5-6212-44c3-9bd9-55aa8fa079eb",
            "ticker": "KXHIGHAUS-25JAN02-B62.5",
            "count": 2,
            "created_time": "2025-01-02T23:26:04.162484Z",
            "yes_price": 97,
            "no_price": 3,
            "taker_side": "no"
        },
        {
            "trade_id": "c3acdcb2-52d4-4091-960e-3a2974cabe14",
            "ticker": "KXHIGHAUS-25JAN02-B62.5",
            "count": 2,
            "created_time": "2025-01-02T23:25:50.058354Z",
            "yes_price": 97,
            "no_price": 3,
            "taker_side": "no"
        },
        {
            "trade_id": "21d0fe33-267f-4376-8da5-4ebc6d369d8d",
            "ticker": "KXHIGHAUS-25JAN02-B62.5",
            "count": 2,
            "created_time": "2025-01-02T23:25:42.907967Z",
            "yes_price": 97,
            "no_price": 3,
            "taker_side": "no"
        },
        {
            "trade_id": "b0337911-05b2-42eb-b4e0-3ed79376b432",
            "ticker": "KXHIGHAUS-25JAN02-B62.5",
            "count": 1,
            "created_time": "2025-01-02T23:25:31.433208Z",
            "yes_price": 97,
            "no_price": 3,
            "taker_side": "yes"
        },
        {
            "trade_id": "85a641b8-597c-495f-bd82-c7d1736cc598",
            "ticker": "KXHIGHAUS-25JAN02-B62.5",
            "count": 97,
            "created_time": "2025-01-02T23:16:16.557725Z",
            "yes_price": 89,
            "no_price": 11,
            "taker_side": "no"
        },
        {
            "trade_id": "0bd345f7-962d-4af7-b3ac-d6f127c795ea",
            "ticker": "KXHIGHAUS-25JAN02-B62.5",
            "count": 363,
            "created_time": "2025-01-02T23:16:16.557725Z",
            "yes_price": 90,
            "no_price": 10,
            "taker_side": "no"
        },
        {
            "trade_id": "305442d0-fe97-4b1f-b77d-5298567dcb6c",
            "ticker": "KXHIGHAUS-25JAN02-B62.5",
            "count": 566,
            "created_time": "2025-01-02T23:16:02.475114Z",
            "yes_price": 95,
            "no_price": 5,
            "taker_side": "no"
        },
        {
            "trade_id": "a81699f9-5149-46ec-8b36-95323f5966cd",
            "ticker": "KXHIGHAUS-25JAN02-B62.5",
            "count": 5,
            "created_time": "2025-01-02T23:12:26.000385Z",
            "yes_price": 98,
            "no_price": 2,
            "taker_side": "yes"
        },
        {
            "trade_id": "695029bd-7f66-4339-a859-d151866d4767",
            "ticker": "KXHIGHAUS-25JAN02-B62.5",
            "count": 52,
            "created_time": "2025-01-02T23:12:26.000385Z",
            "yes_price": 98,
            "no_price": 2,
            "taker_side": "yes"
        },
        {
            "trade_id": "eb297cb0-0522-4a77-b9bf-e80a9c227a69",
            "ticker": "KXHIGHAUS-25JAN02-B62.5",
            "count": 108,
            "created_time": "2025-01-02T23:12:14.990403Z",
            "yes_price": 98,
            "no_price": 2,
            "taker_side": "yes"
        },
        {
            "trade_id": "d43b96f7-c6b2-4f8e-90f0-07c293fa0f55",
            "ticker": "KXHIGHAUS-25JAN02-B62.5",
            "count": 2,
            "created_time": "2025-01-02T23:12:14.990403Z",
            "yes_price": 97,
            "no_price": 3,
            "taker_side": "yes"
        },
        {
            "trade_id": "c6cfb3a6-93fc-4963-a091-85dfd155d435",
            "ticker": "KXHIGHAUS-25JAN02-B62.5",
            "count": 2,
            "created_time": "2025-01-02T23:07:41.553992Z",
            "yes_price": 97,
            "no_price": 3,
            "taker_side": "yes"
        },
        {
            "trade_id": "6c19373e-d91e-49f2-b79b-a45cebe6b9cb",
            "ticker": "KXHIGHAUS-25JAN02-B62.5",
            "count": 9,
            "created_time": "2025-01-02T23:07:41.553992Z",
            "yes_price": 98,
            "no_price": 2,
            "taker_side": "yes"
        },
        {
            "trade_id": "d46291ae-c6b7-4179-815b-cfce73a35f31",
            "ticker": "KXHIGHAUS-25JAN02-B62.5",
            "count": 17,
            "created_time": "2025-01-02T23:04:46.290823Z",
            "yes_price": 97,
            "no_price": 3,
            "taker_side": "no"
        },
        {
            "trade_id": "968b05ae-8df4-4507-8def-a4666a0e02ea",
            "ticker": "KXHIGHAUS-25JAN02-B62.5",
            "count": 32,
            "created_time": "2025-01-02T23:04:46.290823Z",
            "yes_price": 96,
            "no_price": 4,
            "taker_side": "no"
        },
        {
            "trade_id": "33b391f2-5e9b-44f3-b974-9d175626efda",
            "ticker": "KXHIGHAUS-25JAN02-B62.5",
            "count": 2,
            "created_time": "2025-01-02T23:04:40.033281Z",
            "yes_price": 97,
            "no_price": 3,
            "taker_side": "no"
        },
        {
            "trade_id": "a5b2ca09-d667-43e3-95fd-351a12fe377a",
            "ticker": "KXHIGHAUS-25JAN02-B62.5",
            "count": 2,
            "created_time": "2025-01-02T23:04:25.440774Z",
            "yes_price": 97,
            "no_price": 3,
            "taker_side": "no"
        },
        {
            "trade_id": "25059841-38a8-457e-ad69-f7cb651079eb",
            "ticker": "KXHIGHAUS-25JAN02-B62.5",
            "count": 2,
            "created_time": "2025-01-02T23:04:15.517157Z",
            "yes_price": 97,
            "no_price": 3,
            "taker_side": "no"
        },
        {
            "trade_id": "d2989a85-5c20-4a8d-b324-65cd5bb1d0a7",
            "ticker": "KXHIGHAUS-25JAN02-B62.5",
            "count": 2,
            "created_time": "2025-01-02T23:04:07.625924Z",
            "yes_price": 97,
            "no_price": 3,
            "taker_side": "no"
        },
        {
            "trade_id": "b7ec0f32-7bc6-420d-9336-639ca04ff800",
            "ticker": "KXHIGHAUS-25JAN02-B62.5",
            "count": 3,
            "created_time": "2025-01-02T23:03:52.891113Z",
            "yes_price": 97,
            "no_price": 3,
            "taker_side": "no"
        },
        {
            "trade_id": "abc6ccc1-2172-4e69-af25-ddd2997ee68f",
            "ticker": "KXHIGHAUS-25JAN02-B62.5",
            "count": 2,
            "created_time": "2025-01-02T23:03:37.58829Z",
            "yes_price": 97,
            "no_price": 3,
            "taker_side": "no"
        },
        {
            "trade_id": "e39f636d-472d-4be3-bfef-a2899bcf8cee",
            "ticker": "KXHIGHAUS-25JAN02-B62.5",
            "count": 5,
            "created_time": "2025-01-02T23:03:30.06717Z",
            "yes_price": 97,
            "no_price": 3,
            "taker_side": "no"
        },
        {
            "trade_id": "75cb61e5-c484-44ad-b24e-48e3335a7e3c",
            "ticker": "KXHIGHAUS-25JAN02-B62.5",
            "count": 2,
            "created_time": "2025-01-02T23:03:21.737504Z",
            "yes_price": 97,
            "no_price": 3,
            "taker_side": "no"
        },
        {
            "trade_id": "68be3e84-9599-461a-9fc7-a4c67fb9d722",
            "ticker": "KXHIGHAUS-25JAN02-B62.5",
            "count": 2,
            "created_time": "2025-01-02T23:02:37.553924Z",
            "yes_price": 97,
            "no_price": 3,
            "taker_side": "no"
        },
        {
            "trade_id": "af34db41-0bee-4b99-9f9a-7bf04352a075",
            "ticker": "KXHIGHAUS-25JAN02-B62.5",
            "count": 6,
            "created_time": "2025-01-02T23:02:28.371937Z",
            "yes_price": 98,
            "no_price": 2,
            "taker_side": "no"
        },
        {
            "trade_id": "88570cea-70b0-4c77-bbe2-e53cf063a9d0",
            "ticker": "KXHIGHAUS-25JAN02-B62.5",
            "count": 4,
            "created_time": "2025-01-02T23:02:27.497252Z",
            "yes_price": 98,
            "no_price": 2,
            "taker_side": "no"
        },
        {
            "trade_id": "ce2c55e1-b972-4c89-accd-6f6255f0448d",
            "ticker": "KXHIGHAUS-25JAN02-B62.5",
            "count": 1,
            "created_time": "2025-01-02T23:02:07.704151Z",
            "yes_price": 98,
            "no_price": 2,
            "taker_side": "no"
        },
        {
            "trade_id": "d0a0b349-2deb-4ae8-ae27-df40fcc820d1",
            "ticker": "KXHIGHAUS-25JAN02-B62.5",
            "count": 1,
            "created_time": "2025-01-02T23:01:41.655743Z",
            "yes_price": 98,
            "no_price": 2,
            "taker_side": "no"
        },
        {
            "trade_id": "0c0f67a0-3b23-4f16-8ead-ea1f252f2636",
            "ticker": "KXHIGHAUS-25JAN02-B62.5",
            "count": 4,
            "created_time": "2025-01-02T23:01:15.143102Z",
            "yes_price": 98,
            "no_price": 2,
            "taker_side": "no"
        },
        {
            "trade_id": "2a14748e-30ff-4902-9a77-f7c60654f8de",
            "ticker": "KXHIGHAUS-25JAN02-B62.5",
            "count": 4,
            "created_time": "2025-01-02T23:00:30.722865Z",
            "yes_price": 98,
            "no_price": 2,
            "taker_side": "yes"
        },
        {
            "trade_id": "8fdb58bb-58d9-44fc-a062-73de935a72b8",
            "ticker": "KXHIGHAUS-25JAN02-B62.5",
            "count": 19,
            "created_time": "2025-01-02T23:00:20.508095Z",
            "yes_price": 97,
            "no_price": 3,
            "taker_side": "yes"
        },
        {
            "trade_id": "6d882748-ba96-4cee-bb7c-c5e9dcfbc972",
            "ticker": "KXHIGHAUS-25JAN02-B62.5",
            "count": 20,
            "created_time": "2025-01-02T22:59:59.355677Z",
            "yes_price": 95,
            "no_price": 5,
            "taker_side": "no"
        },
        {
            "trade_id": "1bc75032-4054-4231-82e0-b152a9a0dcbf",
            "ticker": "KXHIGHAUS-25JAN02-B62.5",
            "count": 1,
            "created_time": "2025-01-02T22:59:55.267395Z",
            "yes_price": 95,
            "no_price": 5,
            "taker_side": "no"
        },
        {
            "trade_id": "c0fa9161-ea6b-4025-8d82-cd814eaeeb96",
            "ticker": "KXHIGHAUS-25JAN02-B62.5",
            "count": 1,
            "created_time": "2025-01-02T22:59:30.954139Z",
            "yes_price": 95,
            "no_price": 5,
            "taker_side": "no"
        },
        {
            "trade_id": "6d3da180-1b35-4cfb-a740-892ea8cd2fa8",
            "ticker": "KXHIGHAUS-25JAN02-B62.5",
            "count": 1,
            "created_time": "2025-01-02T22:59:17.004347Z",
            "yes_price": 95,
            "no_price": 5,
            "taker_side": "no"
        },
        {
            "trade_id": "e1b04098-a7ac-4ff4-badb-bae914c59330",
            "ticker": "KXHIGHAUS-25JAN02-B62.5",
            "count": 1,
            "created_time": "2025-01-02T22:58:00.970545Z",
            "yes_price": 94,
            "no_price": 6,
            "taker_side": "yes"
        },
        {
            "trade_id": "c1eca257-29b7-49c4-9cb9-c5b82b7752da",
            "ticker": "KXHIGHAUS-25JAN02-B62.5",
            "count": 50,
            "created_time": "2025-01-02T22:58:00.970545Z",
            "yes_price": 95,
            "no_price": 5,
            "taker_side": "yes"
        },
        {
            "trade_id": "b2e3f83c-4a5b-417a-86ba-dbee4f4df2bf",
            "ticker": "KXHIGHAUS-25JAN02-B62.5",
            "count": 19,
            "created_time": "2025-01-02T22:58:00.970545Z",
            "yes_price": 95,
            "no_price": 5,
            "taker_side": "yes"
        },
        {
            "trade_id": "5f11b2f2-2a79-4294-861f-5af8c39af6c2",
            "ticker": "KXHIGHAUS-25JAN02-B62.5",
            "count": 100,
            "created_time": "2025-01-02T22:58:00.970545Z",
            "yes_price": 98,
            "no_price": 2,
            "taker_side": "yes"
        },
        {
            "trade_id": "4f46b92a-513b-42c7-a38d-c86dc9674d1c",
            "ticker": "KXHIGHAUS-25JAN02-B62.5",
            "count": 193,
            "created_time": "2025-01-02T22:58:00.970545Z",
            "yes_price": 95,
            "no_price": 5,
            "taker_side": "yes"
        },
        {
            "trade_id": "221a991c-3a86-40cd-bc96-504d1af6c6ab",
            "ticker": "KXHIGHAUS-25JAN02-B62.5",
            "count": 106,
            "created_time": "2025-01-02T22:58:00.970545Z",
            "yes_price": 98,
            "no_price": 2,
            "taker_side": "yes"
        },
        {
            "trade_id": "159c7771-39f5-456a-af9b-26a010bb2ab7",
            "ticker": "KXHIGHAUS-25JAN02-B62.5",
            "count": 10,
            "created_time": "2025-01-02T22:58:00.970545Z",
            "yes_price": 99,
            "no_price": 1,
            "taker_side": "yes"
        },
        {
            "trade_id": "0672976f-7418-4bc3-881e-45769b5ce991",
            "ticker": "KXHIGHAUS-25JAN02-B62.5",
            "count": 50,
            "created_time": "2025-01-02T22:58:00.970545Z",
            "yes_price": 98,
            "no_price": 2,
            "taker_side": "yes"
        },
        {
            "trade_id": "49f12fec-1b2b-437a-ab34-2ae5ec248e61",
            "ticker": "KXHIGHAUS-25JAN02-B62.5",
            "count": 2,
            "created_time": "2025-01-02T22:57:57.628077Z",
            "yes_price": 94,
            "no_price": 6,
            "taker_side": "yes"
        },
        {
            "trade_id": "cec17d2a-169c-47a7-8012-872fb9c296de",
            "ticker": "KXHIGHAUS-25JAN02-B62.5",
            "count": 24,
            "created_time": "2025-01-02T22:57:18.369154Z",
            "yes_price": 95,
            "no_price": 5,
            "taker_side": "yes"
        },
        {
            "trade_id": "8349f4b8-9df3-439e-ae31-90c390c94357",
            "ticker": "KXHIGHAUS-25JAN02-B62.5",
            "count": 1,
            "created_time": "2025-01-02T22:57:18.369154Z",
            "yes_price": 93,
            "no_price": 7,
            "taker_side": "yes"
        },
        {
            "trade_id": "7c7a0b60-480d-44ba-a982-2783a5e7420e",
            "ticker": "KXHIGHAUS-25JAN02-B62.5",
            "count": 79,
            "created_time": "2025-01-02T22:56:39.530489Z",
            "yes_price": 94,
            "no_price": 6,
            "taker_side": "yes"
        },
        {
            "trade_id": "6b58d342-a75e-43d2-bf7c-98ad49944cd8",
            "ticker": "KXHIGHAUS-25JAN02-B62.5",
            "count": 21,
            "created_time": "2025-01-02T22:56:39.530489Z",
            "yes_price": 94,
            "no_price": 6,
            "taker_side": "yes"
        },
        {
            "trade_id": "9ea0b305-3ebc-4296-9dd0-f0b5a7defbe0",
            "ticker": "KXHIGHAUS-25JAN02-B62.5",
            "count": 28,
            "created_time": "2025-01-02T22:56:19.990378Z",
            "yes_price": 90,
            "no_price": 10,
            "taker_side": "no"
        },
        {
            "trade_id": "244ae6ba-928d-4fce-b89c-3139e531350d",
            "ticker": "KXHIGHAUS-25JAN02-B62.5",
            "count": 7,
            "created_time": "2025-01-02T22:56:15.602434Z",
            "yes_price": 90,
            "no_price": 10,
            "taker_side": "no"
        },
        {
            "trade_id": "5748ad29-9cdb-4037-9866-50289841e8ba",
            "ticker": "KXHIGHAUS-25JAN02-B62.5",
            "count": 19,
            "created_time": "2025-01-02T22:56:14.621595Z",
            "yes_price": 91,
            "no_price": 9,
            "taker_side": "yes"
        },
        {
            "trade_id": "cd511510-a06d-4ff8-abb9-0931fedb3872",
            "ticker": "KXHIGHAUS-25JAN02-B62.5",
            "count": 2,
            "created_time": "2025-01-02T22:56:00.681273Z",
            "yes_price": 86,
            "no_price": 14,
            "taker_side": "no"
        },
        {
            "trade_id": "b8f6087a-1833-4652-9528-05e7898e92b3",
            "ticker": "KXHIGHAUS-25JAN02-B62.5",
            "count": 70,
            "created_time": "2025-01-02T22:55:46.674464Z",
            "yes_price": 86,
            "no_price": 14,
            "taker_side": "yes"
        },
        {
            "trade_id": "04e67ce7-467b-4fa0-98c1-150b0c65a8fe",
            "ticker": "KXHIGHAUS-25JAN02-B62.5",
            "count": 32,
            "created_time": "2025-01-02T22:55:46.674464Z",
            "yes_price": 81,
            "no_price": 19,
            "taker_side": "yes"
        },
        {
            "trade_id": "08d45c82-3333-4a1c-82aa-e69c30b04695",
            "ticker": "KXHIGHAUS-25JAN02-B62.5",
            "count": 3,
            "created_time": "2025-01-02T22:55:45.229147Z",
            "yes_price": 81,
            "no_price": 19,
            "taker_side": "yes"
        },
        {
            "trade_id": "58bde1b0-af93-415b-a921-fed7cb59eb24",
            "ticker": "KXHIGHAUS-25JAN02-B62.5",
            "count": 1,
            "created_time": "2025-01-02T22:55:38.805734Z",
            "yes_price": 80,
            "no_price": 20,
            "taker_side": "no"
        },
        {
            "trade_id": "665a34cf-6d0a-4425-b301-6cc5e1370cb0",
            "ticker": "KXHIGHAUS-25JAN02-B62.5",
            "count": 1,
            "created_time": "2025-01-02T22:55:31.305919Z",
            "yes_price": 80,
            "no_price": 20,
            "taker_side": "no"
        },
        {
            "trade_id": "3f32161f-cac4-4316-8577-cb1885c1b147",
            "ticker": "KXHIGHAUS-25JAN02-B62.5",
            "count": 1,
            "created_time": "2025-01-02T22:55:22.450669Z",
            "yes_price": 80,
            "no_price": 20,
            "taker_side": "no"
        },
        {
            "trade_id": "ab178195-32c8-4c4d-bc44-9d08ef8ae7ae",
            "ticker": "KXHIGHAUS-25JAN02-B62.5",
            "count": 17,
            "created_time": "2025-01-02T22:55:05.27312Z",
            "yes_price": 81,
            "no_price": 19,
            "taker_side": "no"
        },
        {
            "trade_id": "6cf5bbb6-3fd1-49de-beb4-d0c29380702d",
            "ticker": "KXHIGHAUS-25JAN02-B62.5",
            "count": 18,
            "created_time": "2025-01-02T22:54:55.74285Z",
            "yes_price": 81,
            "no_price": 19,
            "taker_side": "no"
        },
        {
            "trade_id": "322919d3-968c-47cc-bd58-db0f184625fc",
            "ticker": "KXHIGHAUS-25JAN02-B62.5",
            "count": 10,
            "created_time": "2025-01-02T22:54:38.776571Z",
            "yes_price": 81,
            "no_price": 19,
            "taker_side": "no"
        },
        {
            "trade_id": "5575890c-e9b2-4f10-b9c1-1c686e11482a",
            "ticker": "KXHIGHAUS-25JAN02-B62.5",
            "count": 2,
            "created_time": "2025-01-02T22:52:48.387825Z",
            "yes_price": 88,
            "no_price": 12,
            "taker_side": "yes"
        },
        {
            "trade_id": "343a9b14-7017-41eb-8496-2da1dd9f43e1",
            "ticker": "KXHIGHAUS-25JAN02-B62.5",
            "count": 171,
            "created_time": "2025-01-02T22:51:49.349428Z",
            "yes_price": 81,
            "no_price": 19,
            "taker_side": "no"
        },
        {
            "trade_id": "88cb4583-bd02-4b40-92ac-04afcfe27b24",
            "ticker": "KXHIGHAUS-25JAN02-B62.5",
            "count": 1,
            "created_time": "2025-01-02T22:50:19.278314Z",
            "yes_price": 89,
            "no_price": 11,
            "taker_side": "yes"
        },
        {
            "trade_id": "c86e4e28-a7aa-40fc-9cc5-8cb9e35734df",
            "ticker": "KXHIGHAUS-25JAN02-B62.5",
            "count": 34,
            "created_time": "2025-01-02T22:49:30.547346Z",
            "yes_price": 85,
            "no_price": 15,
            "taker_side": "no"
        },
        {
            "trade_id": "e35f3865-a540-451c-a881-b905d05867c9",
            "ticker": "KXHIGHAUS-25JAN02-B62.5",
            "count": 1,
            "created_time": "2025-01-02T22:49:28.97879Z",
            "yes_price": 85,
            "no_price": 15,
            "taker_side": "no"
        },
        {
            "trade_id": "427acbc0-20cc-4131-9900-4946eb019674",
            "ticker": "KXHIGHAUS-25JAN02-B62.5",
            "count": 34,
            "created_time": "2025-01-02T22:49:28.97879Z",
            "yes_price": 84,
            "no_price": 16,
            "taker_side": "no"
        },
        {
            "trade_id": "9aec0df4-c15e-4b05-a2ef-810b401465d2",
            "ticker": "KXHIGHAUS-25JAN02-B62.5",
            "count": 35,
            "created_time": "2025-01-02T22:49:11.250415Z",
            "yes_price": 86,
            "no_price": 14,
            "taker_side": "no"
        },
        {
            "trade_id": "7e9a3f12-9ea9-4002-85e9-f1decac13e08",
            "ticker": "KXHIGHAUS-25JAN02-B62.5",
            "count": 198,
            "created_time": "2025-01-02T22:49:11.250415Z",
            "yes_price": 85,
            "no_price": 15,
            "taker_side": "no"
        },
        {
            "trade_id": "5cd3154e-a359-47ce-8666-90cfcfe246e4",
            "ticker": "KXHIGHAUS-25JAN02-B62.5",
            "count": 1,
            "created_time": "2025-01-02T22:49:11.250415Z",
            "yes_price": 87,
            "no_price": 13,
            "taker_side": "no"
        },
        {
            "trade_id": "43e8e6bf-b12e-4f13-bdac-85007a0058f6",
            "ticker": "KXHIGHAUS-25JAN02-B62.5",
            "count": 9,
            "created_time": "2025-01-02T22:49:11.250415Z",
            "yes_price": 86,
            "no_price": 14,
            "taker_side": "no"
        },
        {
            "trade_id": "4ec94085-b131-49dc-a833-f549b354a5c4",
            "ticker": "KXHIGHAUS-25JAN02-B62.5",
            "count": 1,
            "created_time": "2025-01-02T22:48:31.809466Z",
            "yes_price": 88,
            "no_price": 12,
            "taker_side": "yes"
        },
        {
            "trade_id": "3c665294-d315-4fda-bf07-50105420b4a9",
            "ticker": "KXHIGHAUS-25JAN02-B62.5",
            "count": 204,
            "created_time": "2025-01-02T22:48:31.809466Z",
            "yes_price": 88,
            "no_price": 12,
            "taker_side": "yes"
        },
        {
            "trade_id": "09063bd2-d426-49c5-875c-e4a553064e40",
            "ticker": "KXHIGHAUS-25JAN02-B62.5",
            "count": 6,
            "created_time": "2025-01-02T22:48:31.809466Z",
            "yes_price": 88,
            "no_price": 12,
            "taker_side": "yes"
        },
        {
            "trade_id": "dbf0c80a-5b1e-43d4-ac29-8212de010b44",
            "ticker": "KXHIGHAUS-25JAN02-B62.5",
            "count": 200,
            "created_time": "2025-01-02T22:45:48.238836Z",
            "yes_price": 88,
            "no_price": 12,
            "taker_side": "yes"
        },
        {
            "trade_id": "f62b979c-fd29-43b3-a840-8dd629b2f668",
            "ticker": "KXHIGHAUS-25JAN02-B62.5",
            "count": 2,
            "created_time": "2025-01-02T22:45:39.579097Z",
            "yes_price": 86,
            "no_price": 14,
            "taker_side": "no"
        },
        {
            "trade_id": "646e9b4a-c921-4b7a-be9e-3ba440d323b5",
            "ticker": "KXHIGHAUS-25JAN02-B62.5",
            "count": 100,
            "created_time": "2025-01-02T22:45:30.76043Z",
            "yes_price": 88,
            "no_price": 12,
            "taker_side": "yes"
        },
        {
            "trade_id": "fcb90c13-b7bf-43b4-b84b-c01a56c5bc97",
            "ticker": "KXHIGHAUS-25JAN02-B62.5",
            "count": 1,
            "created_time": "2025-01-02T22:45:27.758287Z",
            "yes_price": 87,
            "no_price": 13,
            "taker_side": "yes"
        },
        {
            "trade_id": "4ba0c6e4-12e7-4518-8e77-87ff1af89e12",
            "ticker": "KXHIGHAUS-25JAN02-B62.5",
            "count": 499,
            "created_time": "2025-01-02T22:45:27.758287Z",
            "yes_price": 88,
            "no_price": 12,
            "taker_side": "yes"
        },
        {
            "trade_id": "bff22525-0132-4330-9bce-763d567d0d31",
            "ticker": "KXHIGHAUS-25JAN02-B62.5",
            "count": 49,
            "created_time": "2025-01-02T22:44:58.523076Z",
            "yes_price": 87,
            "no_price": 13,
            "taker_side": "yes"
        },
        {
            "trade_id": "8990e16d-4a21-4eb4-bad0-fc8f1600e2b2",
            "ticker": "KXHIGHAUS-25JAN02-B62.5",
            "count": 1,
            "created_time": "2025-01-02T22:44:34.379438Z",
            "yes_price": 87,
            "no_price": 13,
            "taker_side": "yes"
        },
        {
            "trade_id": "5ce0790d-87c3-4fed-b1c7-d2323bbe8672",
            "ticker": "KXHIGHAUS-25JAN02-B62.5",
            "count": 80,
            "created_time": "2025-01-02T22:44:19.547833Z",
            "yes_price": 87,
            "no_price": 13,
            "taker_side": "yes"
        },
        {
            "trade_id": "228a2886-0bc3-44d1-ada5-9955c01c2f62",
            "ticker": "KXHIGHAUS-25JAN02-B62.5",
            "count": 3,
            "created_time": "2025-01-02T22:44:15.808698Z",
            "yes_price": 87,
            "no_price": 13,
            "taker_side": "yes"
        },
        {
            "trade_id": "8f4ed7e9-a022-416d-be0f-aa619ccf5804",
            "ticker": "KXHIGHAUS-25JAN02-B62.5",
            "count": 13,
            "created_time": "2025-01-02T22:43:57.72312Z",
            "yes_price": 87,
            "no_price": 13,
            "taker_side": "yes"
        },
        {
            "trade_id": "53577f81-2713-46bc-b10a-f64c4c00912d",
            "ticker": "KXHIGHAUS-25JAN02-B62.5",
            "count": 2,
            "created_time": "2025-01-02T22:43:41.037488Z",
            "yes_price": 86,
            "no_price": 14,
            "taker_side": "no"
        },
        {
            "trade_id": "a73372f1-4f37-4be3-8362-fba00ebb7ebb",
            "ticker": "KXHIGHAUS-25JAN02-B62.5",
            "count": 3,
            "created_time": "2025-01-02T22:43:25.341513Z",
            "yes_price": 86,
            "no_price": 14,
            "taker_side": "no"
        },
        {
            "trade_id": "4fc73bf5-8b27-44bf-9745-0c6c863494ea",
            "ticker": "KXHIGHAUS-25JAN02-B62.5",
            "count": 1,
            "created_time": "2025-01-02T22:43:22.893903Z",
            "yes_price": 87,
            "no_price": 13,
            "taker_side": "yes"
        },
        {
            "trade_id": "aa1cd99d-ed05-4571-a68a-8f572616eae9",
            "ticker": "KXHIGHAUS-25JAN02-B62.5",
            "count": 2,
            "created_time": "2025-01-02T22:43:16.873249Z",
            "yes_price": 86,
            "no_price": 14,
            "taker_side": "no"
        },
        {
            "trade_id": "d6651355-074d-472c-84dd-e8d44b627fc9",
            "ticker": "KXHIGHAUS-25JAN02-B62.5",
            "count": 1,
            "created_time": "2025-01-02T22:43:09.669042Z",
            "yes_price": 86,
            "no_price": 14,
            "taker_side": "no"
        },
        {
            "trade_id": "4014ac7e-a488-4a5f-ad48-c0a56e39c576",
            "ticker": "KXHIGHAUS-25JAN02-B62.5",
            "count": 1,
            "created_time": "2025-01-02T22:43:02.324395Z",
            "yes_price": 86,
            "no_price": 14,
            "taker_side": "no"
        },
        {
            "trade_id": "6e3b12d8-c6dc-4478-b4ee-f840fff4651a",
            "ticker": "KXHIGHAUS-25JAN02-B62.5",
            "count": 2,
            "created_time": "2025-01-02T22:42:48.22373Z",
            "yes_price": 86,
            "no_price": 14,
            "taker_side": "no"
        },
        {
            "trade_id": "918929cb-1e9a-42c9-8622-e27ad8d3a0ff",
            "ticker": "KXHIGHAUS-25JAN02-B62.5",
            "count": 3,
            "created_time": "2025-01-02T22:42:35.186052Z",
            "yes_price": 86,
            "no_price": 14,
            "taker_side": "no"
        },
        {
            "trade_id": "7e10d2a9-31a1-4e65-b469-2e792a5a390c",
            "ticker": "KXHIGHAUS-25JAN02-B62.5",
            "count": 100,
            "created_time": "2025-01-02T22:42:33.442272Z",
            "yes_price": 87,
            "no_price": 13,
            "taker_side": "yes"
        },
        {
            "trade_id": "1947278b-f0ba-4018-9bee-27af03a6e761",
            "ticker": "KXHIGHAUS-25JAN02-B62.5",
            "count": 29,
            "created_time": "2025-01-02T22:42:29.127365Z",
            "yes_price": 86,
            "no_price": 14,
            "taker_side": "no"
        },
        {
            "trade_id": "e05ee607-752f-4bdb-b768-fb5c87d0c260",
            "ticker": "KXHIGHAUS-25JAN02-B62.5",
            "count": 22,
            "created_time": "2025-01-02T22:42:22.254207Z",
            "yes_price": 86,
            "no_price": 14,
            "taker_side": "yes"
        },
        {
            "trade_id": "60b56051-0109-45e8-a4bb-de9a2b75d875",
            "ticker": "KXHIGHAUS-25JAN02-B62.5",
            "count": 21,
            "created_time": "2025-01-02T22:42:22.254207Z",
            "yes_price": 86,
            "no_price": 14,
            "taker_side": "yes"
        },
        {
            "trade_id": "1e9bcf20-0591-456a-808d-1bfc006087b2",
            "ticker": "KXHIGHAUS-25JAN02-B62.5",
            "count": 3,
            "created_time": "2025-01-02T22:42:22.254207Z",
            "yes_price": 85,
            "no_price": 15,
            "taker_side": "yes"
        },
        {
            "trade_id": "efa9bb15-aa34-4c36-9175-0af5cca66ed1",
            "ticker": "KXHIGHAUS-25JAN02-B62.5",
            "count": 16,
            "created_time": "2025-01-02T22:42:10.827345Z",
            "yes_price": 80,
            "no_price": 20,
            "taker_side": "yes"
        },
        {
            "trade_id": "aeece024-2c7e-4aa2-ad3f-b191ab4a1183",
            "ticker": "KXHIGHAUS-25JAN02-B62.5",
            "count": 7,
            "created_time": "2025-01-02T22:42:09.320416Z",
            "yes_price": 80,
            "no_price": 20,
            "taker_side": "yes"
        },
        {
            "trade_id": "f640f8a2-5619-4b3e-b48d-f8986ad215f0",
            "ticker": "KXHIGHAUS-25JAN02-B62.5",
            "count": 75,
            "created_time": "2025-01-02T22:42:08.393034Z",
            "yes_price": 80,
            "no_price": 20,
            "taker_side": "yes"
        },
        {
            "trade_id": "b82ad4c6-5329-4d81-a21d-0d84a7b41cbd",
            "ticker": "KXHIGHAUS-25JAN02-B62.5",
            "count": 400,
            "created_time": "2025-01-02T22:41:54.299258Z",
            "yes_price": 80,
            "no_price": 20,
            "taker_side": "yes"
        },
        {
            "trade_id": "bd747f64-ba94-4a7f-9afb-62e9f793ef6f",
            "ticker": "KXHIGHAUS-25JAN02-B62.5",
            "count": 2,
            "created_time": "2025-01-02T22:41:54.233746Z",
            "yes_price": 80,
            "no_price": 20,
            "taker_side": "yes"
        },
        {
            "trade_id": "6119b4aa-1d1f-4fd8-89b0-e2a1583f07d0",
            "ticker": "KXHIGHAUS-25JAN02-B62.5",
            "count": 100,
            "created_time": "2025-01-02T22:41:06.98768Z",
            "yes_price": 74,
            "no_price": 26,
            "taker_side": "no"
        },
        {
            "trade_id": "d31e4a83-6118-43d2-8163-e3865c0e387b",
            "ticker": "KXHIGHAUS-25JAN02-B62.5",
            "count": 208,
            "created_time": "2025-01-02T22:39:54.950441Z",
            "yes_price": 72,
            "no_price": 28,
            "taker_side": "no"
        },
        {
            "trade_id": "7ef3e41b-8c4a-457a-8248-69a7f962d10e",
            "ticker": "KXHIGHAUS-25JAN02-B62.5",
            "count": 40,
            "created_time": "2025-01-02T22:39:54.950441Z",
            "yes_price": 73,
            "no_price": 27,
            "taker_side": "no"
        },
        {
            "trade_id": "3c56b9ea-0647-49ac-ac88-6e76235d37bd",
            "ticker": "KXHIGHAUS-25JAN02-B62.5",
            "count": 52,
            "created_time": "2025-01-02T22:39:54.950441Z",
            "yes_price": 74,
            "no_price": 26,
            "taker_side": "no"
        },
        {
            "trade_id": "41643daa-769d-4c7c-9129-a7069ba09ea9",
            "ticker": "KXHIGHAUS-25JAN02-B62.5",
            "count": 88,
            "created_time": "2025-01-02T22:38:35.308902Z",
            "yes_price": 86,
            "no_price": 14,
            "taker_side": "yes"
        },
        {
            "trade_id": "520b6194-9473-4387-bd54-7943268f0812",
            "ticker": "KXHIGHAUS-25JAN02-B62.5",
            "count": 91,
            "created_time": "2025-01-02T22:36:28.602447Z",
            "yes_price": 87,
            "no_price": 13,
            "taker_side": "yes"
        },
        {
            "trade_id": "3e47bfd9-64f0-4d39-b397-b208b332d7cc",
            "ticker": "KXHIGHAUS-25JAN02-B62.5",
            "count": 67,
            "created_time": "2025-01-02T22:36:07.693465Z",
            "yes_price": 85,
            "no_price": 15,
            "taker_side": "yes"
        },
        {
            "trade_id": "33afb4b2-0a30-4ccd-b8f8-b46f6a57631e",
            "ticker": "KXHIGHAUS-25JAN02-B62.5",
            "count": 49,
            "created_time": "2025-01-02T22:36:03.077968Z",
            "yes_price": 85,
            "no_price": 15,
            "taker_side": "no"
        },
        {
            "trade_id": "eaf43d18-6201-44ec-9ce7-c8b8436577f6",
            "ticker": "KXHIGHAUS-25JAN02-B62.5",
            "count": 50,
            "created_time": "2025-01-02T22:35:53.179373Z",
            "yes_price": 85,
            "no_price": 15,
            "taker_side": "yes"
        },
        {
            "trade_id": "7dd3e49e-848f-4f7c-bf32-1d4a4062a0df",
            "ticker": "KXHIGHAUS-25JAN02-B62.5",
            "count": 5,
            "created_time": "2025-01-02T22:35:53.179373Z",
            "yes_price": 85,
            "no_price": 15,
            "taker_side": "yes"
        },
        {
            "trade_id": "fec2dc61-944e-497d-a491-f962524ddddb",
            "ticker": "KXHIGHAUS-25JAN02-B62.5",
            "count": 24,
            "created_time": "2025-01-02T22:35:47.388565Z",
            "yes_price": 83,
            "no_price": 17,
            "taker_side": "yes"
        },
        {
            "trade_id": "b87c48d2-b572-41f3-aade-93b696c4f0a8",
            "ticker": "KXHIGHAUS-25JAN02-B62.5",
            "count": 34,
            "created_time": "2025-01-02T22:35:47.388565Z",
            "yes_price": 86,
            "no_price": 14,
            "taker_side": "yes"
        },
        {
            "trade_id": "7fc49b38-f6da-4f02-86a0-af5db4042d7b",
            "ticker": "KXHIGHAUS-25JAN02-B62.5",
            "count": 17,
            "created_time": "2025-01-02T22:35:47.388565Z",
            "yes_price": 84,
            "no_price": 16,
            "taker_side": "yes"
        },
        {
            "trade_id": "76548b7e-2225-4775-bf76-2dea109cbb9a",
            "ticker": "KXHIGHAUS-25JAN02-B62.5",
            "count": 50,
            "created_time": "2025-01-02T22:35:47.388565Z",
            "yes_price": 83,
            "no_price": 17,
            "taker_side": "yes"
        },
        {
            "trade_id": "e0fe640e-f75f-4886-aa54-6c81f81f9499",
            "ticker": "KXHIGHAUS-25JAN02-B62.5",
            "count": 24,
            "created_time": "2025-01-02T22:35:35.394918Z",
            "yes_price": 83,
            "no_price": 17,
            "taker_side": "no"
        },
        {
            "trade_id": "acdfed4c-22cc-4a9a-9758-020b5332f9d6",
            "ticker": "KXHIGHAUS-25JAN02-B62.5",
            "count": 29,
            "created_time": "2025-01-02T22:34:32.312909Z",
            "yes_price": 83,
            "no_price": 17,
            "taker_side": "yes"
        },
        {
            "trade_id": "bd2e8bcf-9546-4aa0-9e05-b7d2ea49a1f2",
            "ticker": "KXHIGHAUS-25JAN02-B62.5",
            "count": 300,
            "created_time": "2025-01-02T22:34:26.987341Z",
            "yes_price": 78,
            "no_price": 22,
            "taker_side": "yes"
        },
        {
            "trade_id": "2cb53f0f-eed2-4572-8f04-073c71e60561",
            "ticker": "KXHIGHAUS-25JAN02-B62.5",
            "count": 200,
            "created_time": "2025-01-02T22:34:26.987341Z",
            "yes_price": 79,
            "no_price": 21,
            "taker_side": "yes"
        },
        {
            "trade_id": "c071cbd8-eded-41d9-947f-d8a06bfbb8aa",
            "ticker": "KXHIGHAUS-25JAN02-B62.5",
            "count": 43,
            "created_time": "2025-01-02T22:30:40.931079Z",
            "yes_price": 84,
            "no_price": 16,
            "taker_side": "yes"
        },
        {
            "trade_id": "b9e10b7f-4e7a-4032-aa56-6136e8f0766a",
            "ticker": "KXHIGHAUS-25JAN02-B62.5",
            "count": 43,
            "created_time": "2025-01-02T22:30:40.931079Z",
            "yes_price": 78,
            "no_price": 22,
            "taker_side": "yes"
        },
        {
            "trade_id": "a432b3de-678d-4c5d-897f-8afb5d1715f4",
            "ticker": "KXHIGHAUS-25JAN02-B62.5",
            "count": 10,
            "created_time": "2025-01-02T22:30:40.931079Z",
            "yes_price": 80,
            "no_price": 20,
            "taker_side": "yes"
        },
        {
            "trade_id": "1379c3d8-06eb-4ba1-90b5-4311b102a9a5",
            "ticker": "KXHIGHAUS-25JAN02-B62.5",
            "count": 25,
            "created_time": "2025-01-02T22:30:40.931079Z",
            "yes_price": 81,
            "no_price": 19,
            "taker_side": "yes"
        },
        {
            "trade_id": "e1483c15-4089-45f3-aab3-0c8e20a8e080",
            "ticker": "KXHIGHAUS-25JAN02-B62.5",
            "count": 81,
            "created_time": "2025-01-02T22:28:59.439077Z",
            "yes_price": 57,
            "no_price": 43,
            "taker_side": "yes"
        },
        {
            "trade_id": "cf288076-908e-4e7a-8e57-36db048bbb43",
            "ticker": "KXHIGHAUS-25JAN02-B62.5",
            "count": 71,
            "created_time": "2025-01-02T22:28:57.426419Z",
            "yes_price": 59,
            "no_price": 41,
            "taker_side": "no"
        },
        {
            "trade_id": "78f17482-6c22-435a-a133-261a9e3971a0",
            "ticker": "KXHIGHAUS-25JAN02-B62.5",
            "count": 42,
            "created_time": "2025-01-02T22:28:11.071052Z",
            "yes_price": 76,
            "no_price": 24,
            "taker_side": "yes"
        },
        {
            "trade_id": "69c6f622-3b76-4706-9fcb-9f58c0686db9",
            "ticker": "KXHIGHAUS-25JAN02-B62.5",
            "count": 216,
            "created_time": "2025-01-02T22:28:11.071052Z",
            "yes_price": 76,
            "no_price": 24,
            "taker_side": "yes"
        },
        {
            "trade_id": "c45b64a3-da2b-4f74-ba16-358f60c18cb4",
            "ticker": "KXHIGHAUS-25JAN02-B62.5",
            "count": 30,
            "created_time": "2025-01-02T22:26:32.211402Z",
            "yes_price": 78,
            "no_price": 22,
            "taker_side": "yes"
        },
        {
            "trade_id": "376b7e8b-dbc2-443c-9cbc-92b00b27d0e4",
            "ticker": "KXHIGHAUS-25JAN02-B62.5",
            "count": 5,
            "created_time": "2025-01-02T22:26:32.211402Z",
            "yes_price": 78,
            "no_price": 22,
            "taker_side": "yes"
        },
        {
            "trade_id": "0b97fa08-9ac0-43e5-bd4f-5345bdb7d81d",
            "ticker": "KXHIGHAUS-25JAN02-B62.5",
            "count": 10,
            "created_time": "2025-01-02T22:26:32.211402Z",
            "yes_price": 77,
            "no_price": 23,
            "taker_side": "yes"
        },
        {
            "trade_id": "1d08b39d-0f49-41b3-83ae-441e62f05b84",
            "ticker": "KXHIGHAUS-25JAN02-B62.5",
            "count": 26,
            "created_time": "2025-01-02T22:25:54.099276Z",
            "yes_price": 73,
            "no_price": 27,
            "taker_side": "yes"
        },
        {
            "trade_id": "b8af18cd-89f7-4354-b451-00da22e709cb",
            "ticker": "KXHIGHAUS-25JAN02-B62.5",
            "count": 36,
            "created_time": "2025-01-02T22:24:15.095993Z",
            "yes_price": 55,
            "no_price": 45,
            "taker_side": "no"
        },
        {
            "trade_id": "6d1c034d-6fb4-4fee-91fe-e1e20539332a",
            "ticker": "KXHIGHAUS-25JAN02-B62.5",
            "count": 40,
            "created_time": "2025-01-02T22:24:15.095993Z",
            "yes_price": 53,
            "no_price": 47,
            "taker_side": "no"
        },
        {
            "trade_id": "2d83bdfc-6acc-4993-822d-5db66f05f5a7",
            "ticker": "KXHIGHAUS-25JAN02-B62.5",
            "count": 30,
            "created_time": "2025-01-02T22:21:24.50462Z",
            "yes_price": 51,
            "no_price": 49,
            "taker_side": "no"
        },
        {
            "trade_id": "f39dc0f7-a24b-4ddd-ad12-f0a286ad95a2",
            "ticker": "KXHIGHAUS-25JAN02-B62.5",
            "count": 47,
            "created_time": "2025-01-02T22:19:52.800511Z",
            "yes_price": 67,
            "no_price": 33,
            "taker_side": "no"
        },
        {
            "trade_id": "c78d6164-f12f-41b3-a25e-5bbd498df6d4",
            "ticker": "KXHIGHAUS-25JAN02-B62.5",
            "count": 15,
            "created_time": "2025-01-02T22:19:52.800511Z",
            "yes_price": 65,
            "no_price": 35,
            "taker_side": "no"
        },
        {
            "trade_id": "322c1a77-0740-48d9-85c2-d27f399f8248",
            "ticker": "KXHIGHAUS-25JAN02-B62.5",
            "count": 38,
            "created_time": "2025-01-02T22:19:52.800511Z",
            "yes_price": 66,
            "no_price": 34,
            "taker_side": "no"
        },
        {
            "trade_id": "ddb1dd30-f687-4899-9a22-5c6f05b0b32a",
            "ticker": "KXHIGHAUS-25JAN02-B62.5",
            "count": 2,
            "created_time": "2025-01-02T22:19:19.875079Z",
            "yes_price": 66,
            "no_price": 34,
            "taker_side": "no"
        },
        {
            "trade_id": "64eb2f58-b0d7-4217-bb1c-b93c624021ae",
            "ticker": "KXHIGHAUS-25JAN02-B62.5",
            "count": 3,
            "created_time": "2025-01-02T22:18:30.830202Z",
            "yes_price": 58,
            "no_price": 42,
            "taker_side": "no"
        },
        {
            "trade_id": "e3c83cae-57f7-4322-8568-ce9650ff9eaa",
            "ticker": "KXHIGHAUS-25JAN02-B62.5",
            "count": 210,
            "created_time": "2025-01-02T22:17:13.071139Z",
            "yes_price": 72,
            "no_price": 28,
            "taker_side": "yes"
        },
        {
            "trade_id": "cad61e4f-68e8-49cf-8a3f-117ad9722043",
            "ticker": "KXHIGHAUS-25JAN02-B62.5",
            "count": 1,
            "created_time": "2025-01-02T22:17:13.071139Z",
            "yes_price": 82,
            "no_price": 18,
            "taker_side": "yes"
        },
        {
            "trade_id": "c660af25-a7bf-4570-ab6f-604ebe249037",
            "ticker": "KXHIGHAUS-25JAN02-B62.5",
            "count": 50,
            "created_time": "2025-01-02T22:17:13.071139Z",
            "yes_price": 70,
            "no_price": 30,
            "taker_side": "yes"
        },
        {
            "trade_id": "a83aff8d-d29f-46ae-8f26-eb6869bc61c6",
            "ticker": "KXHIGHAUS-25JAN02-B62.5",
            "count": 27,
            "created_time": "2025-01-02T22:17:13.071139Z",
            "yes_price": 65,
            "no_price": 35,
            "taker_side": "yes"
        },
        {
            "trade_id": "8b206544-6aca-4c82-9ff2-572514bdff32",
            "ticker": "KXHIGHAUS-25JAN02-B62.5",
            "count": 93,
            "created_time": "2025-01-02T22:17:13.071139Z",
            "yes_price": 90,
            "no_price": 10,
            "taker_side": "yes"
        },
        {
            "trade_id": "74999032-d9bc-4518-a7bc-06d5dba72740",
            "ticker": "KXHIGHAUS-25JAN02-B62.5",
            "count": 26,
            "created_time": "2025-01-02T22:17:13.071139Z",
            "yes_price": 73,
            "no_price": 27,
            "taker_side": "yes"
        },
        {
            "trade_id": "54af93ce-361f-4591-b19a-69344823c4b0",
            "ticker": "KXHIGHAUS-25JAN02-B62.5",
            "count": 30,
            "created_time": "2025-01-02T22:17:13.071139Z",
            "yes_price": 74,
            "no_price": 26,
            "taker_side": "yes"
        },
        {
            "trade_id": "4f310a13-481d-417e-9d98-711097483e7c",
            "ticker": "KXHIGHAUS-25JAN02-B62.5",
            "count": 40,
            "created_time": "2025-01-02T22:17:13.071139Z",
            "yes_price": 67,
            "no_price": 33,
            "taker_side": "yes"
        },
        {
            "trade_id": "2fd01851-0f45-4002-9403-d27083e75be1",
            "ticker": "KXHIGHAUS-25JAN02-B62.5",
            "count": 50,
            "created_time": "2025-01-02T22:17:13.071139Z",
            "yes_price": 90,
            "no_price": 10,
            "taker_side": "yes"
        },
        {
            "trade_id": "1c2a5364-daaa-4681-b84e-f1bc77f78107",
            "ticker": "KXHIGHAUS-25JAN02-B62.5",
            "count": 50,
            "created_time": "2025-01-02T22:17:13.071139Z",
            "yes_price": 90,
            "no_price": 10,
            "taker_side": "yes"
        },
        {
            "trade_id": "17d039a4-e86d-4f8c-8102-5c683e7f0c07",
            "ticker": "KXHIGHAUS-25JAN02-B62.5",
            "count": 100,
            "created_time": "2025-01-02T22:17:13.071139Z",
            "yes_price": 75,
            "no_price": 25,
            "taker_side": "yes"
        },
        {
            "trade_id": "0ccd6f85-b6d9-4c61-9299-1b0a9bf4ed00",
            "ticker": "KXHIGHAUS-25JAN02-B62.5",
            "count": 58,
            "created_time": "2025-01-02T22:17:13.071139Z",
            "yes_price": 68,
            "no_price": 32,
            "taker_side": "yes"
        },
        {
            "trade_id": "0c1d6b70-4640-4ce4-9758-114f1d7f6091",
            "ticker": "KXHIGHAUS-25JAN02-B62.5",
            "count": 51,
            "created_time": "2025-01-02T22:17:13.071139Z",
            "yes_price": 64,
            "no_price": 36,
            "taker_side": "yes"
        },
        {
            "trade_id": "089ab9d0-956c-4932-a827-ec7b418c53de",
            "ticker": "KXHIGHAUS-25JAN02-B62.5",
            "count": 500,
            "created_time": "2025-01-02T22:17:13.071139Z",
            "yes_price": 74,
            "no_price": 26,
            "taker_side": "yes"
        },
        {
            "trade_id": "65f16985-72cf-4a0b-b055-d4cfcc0e9f60",
            "ticker": "KXHIGHAUS-25JAN02-B62.5",
            "count": 9,
            "created_time": "2025-01-02T22:12:13.293598Z",
            "yes_price": 65,
            "no_price": 35,
            "taker_side": "no"
        },
        {
            "trade_id": "10fbfb79-ad56-4d27-844e-e2b205afefdd",
            "ticker": "KXHIGHAUS-25JAN02-B62.5",
            "count": 9,
            "created_time": "2025-01-02T22:12:13.147693Z",
            "yes_price": 65,
            "no_price": 35,
            "taker_side": "no"
        },
        {
            "trade_id": "aa9f554e-c578-4692-b04b-e72769f3fe89",
            "ticker": "KXHIGHAUS-25JAN02-B62.5",
            "count": 9,
            "created_time": "2025-01-02T22:12:13.142786Z",
            "yes_price": 65,
            "no_price": 35,
            "taker_side": "no"
        },
        {
            "trade_id": "e0852f01-eef5-4a15-ac9b-946bfa4c5aa1",
            "ticker": "KXHIGHAUS-25JAN02-B62.5",
            "count": 13,
            "created_time": "2025-01-02T22:12:13.082697Z",
            "yes_price": 51,
            "no_price": 49,
            "taker_side": "yes"
        },
        {
            "trade_id": "b5d57cce-1a91-4c28-a73d-fb1dd6076338",
            "ticker": "KXHIGHAUS-25JAN02-B62.5",
            "count": 500,
            "created_time": "2025-01-02T22:12:13.082697Z",
            "yes_price": 65,
            "no_price": 35,
            "taker_side": "yes"
        },
        {
            "trade_id": "5f0f7897-b247-4324-86f6-c20e44bfe65c",
            "ticker": "KXHIGHAUS-25JAN02-B62.5",
            "count": 30,
            "created_time": "2025-01-02T22:12:13.082697Z",
            "yes_price": 54,
            "no_price": 46,
            "taker_side": "yes"
        },
        {
            "trade_id": "538259e1-8061-46cb-9028-a3e1b5216778",
            "ticker": "KXHIGHAUS-25JAN02-B62.5",
            "count": 429,
            "created_time": "2025-01-02T22:11:42.114453Z",
            "yes_price": 50,
            "no_price": 50,
            "taker_side": "no"
        },
        {
            "trade_id": "03c51b88-bdcb-4770-ad80-e6d2c0b00a2a",
            "ticker": "KXHIGHAUS-25JAN02-B62.5",
            "count": 13,
            "created_time": "2025-01-02T22:11:41.995574Z",
            "yes_price": 51,
            "no_price": 49,
            "taker_side": "no"
        },
        {
            "trade_id": "b82753f0-9c65-42fa-b47a-b92c80c5fe43",
            "ticker": "KXHIGHAUS-25JAN02-B62.5",
            "count": 1,
            "created_time": "2025-01-02T22:11:35.009111Z",
            "yes_price": 50,
            "no_price": 50,
            "taker_side": "no"
        },
        {
            "trade_id": "f67eba6b-e86e-4589-a09c-80584ebf0bce",
            "ticker": "KXHIGHAUS-25JAN02-B62.5",
            "count": 1,
            "created_time": "2025-01-02T22:11:26.609306Z",
