{
    "KXHIGHAUS-25APR12-T86": [
        {
            "trade_id": "6cf07d6a-124f-42b8-8c06-e98bfcb9f176",
            "ticker": "KXHIGHAUS-25APR12-T86",
            "count": 5,
            "created_time": "2025-04-12T12:10:30.091553Z",
            "yes_price": 2,
            "no_price": 98,
            "taker_side": "yes"
        },
        {
            "trade_id": "1028284f-63be-4237-b3c7-b633147c3cc7",
            "ticker": "KXHIGHAUS-25APR12-T86",
            "count": 88,
            "created_time": "2025-04-12T12:10:30.091553Z",
            "yes_price": 2,
            "no_price": 98,
            "taker_side": "yes"
        },
        {
            "trade_id": "77eec401-80ba-41bd-bebe-a93d66f116fa",
            "ticker": "KXHIGHAUS-25APR12-T86",
            "count": 5,
            "created_time": "2025-04-12T02:25:07.402752Z",
            "yes_price": 1,
            "no_price": 99,
            "taker_side": "no"
        },
        {
            "trade_id": "367510a9-846d-4458-8e01-0d1f07f6e0ea",
            "ticker": "KXHIGHAUS-25APR12-T86",
            "count": 45,
            "created_time": "2025-04-12T02:25:07.402752Z",
            "yes_price": 1,
            "no_price": 99,
            "taker_side": "no"
        },
        {
            "trade_id": "aaf95f07-50ba-4ecb-bf44-e4c850ffe4b3",
            "ticker": "KXHIGHAUS-25APR12-T86",
            "count": 5,
            "created_time": "2025-04-12T01:23:54.177664Z",
            "yes_price": 1,
            "no_price": 99,
            "taker_side": "no"
        },
        {
            "trade_id": "db490c61-1c06-45ed-b08f-43ffcb3ab0e2",
            "ticker": "KXHIGHAUS-25APR12-T86",
            "count": 15,
            "created_time": "2025-04-12T00:21:23.162481Z",
            "yes_price": 3,
            "no_price": 97,
            "taker_side": "yes"
        },
        {
            "trade_id": "0682371c-90cd-41f2-b440-84af269e45e2",
            "ticker": "KXHIGHAUS-25APR12-T86",
            "count": 30,
            "created_time": "2025-04-11T22:18:45.932307Z",
            "yes_price": 3,
            "no_price": 97,
            "taker_side": "yes"
        }
    ],
    "KXHIGHAUS-25APR12-B86.5": [
        {
            "trade_id": "db070821-f134-4029-ad70-985956a263af",
            "ticker": "KXHIGHAUS-25APR12-B86.5",
            "count": 4,
            "created_time": "2025-04-12T22:54:20.55864Z",
            "yes_price": 1,
            "no_price": 99,
            "taker_side": "yes"
        },
        {
            "trade_id": "8dfa5dcc-e30f-491b-b1db-f1d2489894b1",
            "ticker": "KXHIGHAUS-25APR12-B86.5",
            "count": 350,
            "created_time": "2025-04-12T19:59:55.83433Z",
            "yes_price": 1,
            "no_price": 99,
            "taker_side": "no"
        },
        {
            "trade_id": "7628ec89-207d-4814-aa85-689ba6f3257b",
            "ticker": "KXHIGHAUS-25APR12-B86.5",
            "count": 20,
            "created_time": "2025-04-12T19:59:55.83433Z",
            "yes_price": 1,
            "no_price": 99,
            "taker_side": "no"
        },
        {
            "trade_id": "254d2972-d78a-4e94-a749-09403db0c4bc",
            "ticker": "KXHIGHAUS-25APR12-B86.5",
            "count": 27,
            "created_time": "2025-04-12T19:59:55.83433Z",
            "yes_price": 1,
            "no_price": 99,
            "taker_side": "no"
        },
        {
            "trade_id": "119c50fd-a6b6-4019-8948-b7069751f6b9",
            "ticker": "KXHIGHAUS-25APR12-B86.5",
            "count": 18,
            "created_time": "2025-04-12T19:46:44.239394Z",
            "yes_price": 1,
            "no_price": 99,
            "taker_side": "no"
        },
        {
            "trade_id": "729471b6-8c92-4079-b869-244c4e14ebd9",
            "ticker": "KXHIGHAUS-25APR12-B86.5",
            "count": 20,
            "created_time": "2025-04-12T19:32:01.284649Z",
            "yes_price": 2,
            "no_price": 98,
            "taker_side": "no"
        },
        {
            "trade_id": "11df886c-c268-48a0-9355-9f74a07edfd8",
            "ticker": "KXHIGHAUS-25APR12-B86.5",
            "count": 80,
            "created_time": "2025-04-12T19:32:01.284649Z",
            "yes_price": 1,
            "no_price": 99,
            "taker_side": "no"
        },
        {
            "trade_id": "cf50e45e-5410-4fe1-a553-e429d840365c",
            "ticker": "KXHIGHAUS-25APR12-B86.5",
            "count": 23,
            "created_time": "2025-04-12T19:19:17.130115Z",
            "yes_price": 4,
            "no_price": 96,
            "taker_side": "yes"
        },
        {
            "trade_id": "e6bf8f1d-0285-4eda-8da8-41cd5f7e7811",
            "ticker": "KXHIGHAUS-25APR12-B86.5",
            "count": 52,
            "created_time": "2025-04-12T19:00:05.796786Z",
            "yes_price": 1,
            "no_price": 99,
            "taker_side": "no"
        },
        {
            "trade_id": "e64007c3-7204-456b-950a-ebfd6be10e21",
            "ticker": "KXHIGHAUS-25APR12-B86.5",
            "count": 50,
            "created_time": "2025-04-12T19:00:05.796786Z",
            "yes_price": 2,
            "no_price": 98,
            "taker_side": "no"
        },
        {
            "trade_id": "92140c58-7e32-4b28-bb47-adf27e504a8c",
            "ticker": "KXHIGHAUS-25APR12-B86.5",
            "count": 5,
            "created_time": "2025-04-12T18:02:38.217231Z",
            "yes_price": 5,
            "no_price": 95,
            "taker_side": "yes"
        },
        {
            "trade_id": "6b836268-abfe-462a-8fe3-eb7241bf1717",
            "ticker": "KXHIGHAUS-25APR12-B86.5",
            "count": 3,
            "created_time": "2025-04-12T17:59:23.950352Z",
            "yes_price": 4,
            "no_price": 96,
            "taker_side": "no"
        },
        {
            "trade_id": "e67a8963-b243-438e-807c-48210a8d72e4",
            "ticker": "KXHIGHAUS-25APR12-B86.5",
            "count": 50,
            "created_time": "2025-04-12T17:59:23.840617Z",
            "yes_price": 4,
            "no_price": 96,
            "taker_side": "no"
        },
        {
            "trade_id": "7d354fee-a3e1-444b-8e38-66a733fb6ba3",
            "ticker": "KXHIGHAUS-25APR12-B86.5",
            "count": 1,
            "created_time": "2025-04-12T17:59:00.08778Z",
            "yes_price": 5,
            "no_price": 95,
            "taker_side": "yes"
        },
        {
            "trade_id": "40391644-b534-4dbd-b2b0-9750d78fac92",
            "ticker": "KXHIGHAUS-25APR12-B86.5",
            "count": 1,
            "created_time": "2025-04-12T17:57:56.491697Z",
            "yes_price": 5,
            "no_price": 95,
            "taker_side": "yes"
        },
        {
            "trade_id": "c843f70e-e9f6-4e85-ad20-27ede7798b63",
            "ticker": "KXHIGHAUS-25APR12-B86.5",
            "count": 97,
            "created_time": "2025-04-12T17:56:48.234989Z",
            "yes_price": 4,
            "no_price": 96,
            "taker_side": "yes"
        },
        {
            "trade_id": "58e73727-437b-4fd1-840e-a80e32a392ae",
            "ticker": "KXHIGHAUS-25APR12-B86.5",
            "count": 125,
            "created_time": "2025-04-12T17:56:48.234989Z",
            "yes_price": 4,
            "no_price": 96,
            "taker_side": "yes"
        },
        {
            "trade_id": "75a51c0c-916f-40e3-a0f3-0a3a8b01ddc7",
            "ticker": "KXHIGHAUS-25APR12-B86.5",
            "count": 7,
            "created_time": "2025-04-12T17:56:20.277084Z",
            "yes_price": 4,
            "no_price": 96,
            "taker_side": "yes"
        },
        {
            "trade_id": "d8106478-59eb-4ad7-84fe-b883b41f1630",
            "ticker": "KXHIGHAUS-25APR12-B86.5",
            "count": 50,
            "created_time": "2025-04-12T17:55:50.289475Z",
            "yes_price": 3,
            "no_price": 97,
            "taker_side": "yes"
        },
        {
            "trade_id": "aaa92f35-08ee-42c7-9931-f6434348eafa",
            "ticker": "KXHIGHAUS-25APR12-B86.5",
            "count": 94,
            "created_time": "2025-04-12T17:55:50.289475Z",
            "yes_price": 4,
            "no_price": 96,
            "taker_side": "yes"
        },
        {
            "trade_id": "85482315-cb30-49da-bd83-6cb9be75d5e0",
            "ticker": "KXHIGHAUS-25APR12-B86.5",
            "count": 50,
            "created_time": "2025-04-12T17:55:50.289475Z",
            "yes_price": 3,
            "no_price": 97,
            "taker_side": "yes"
        },
        {
            "trade_id": "639e163a-5102-418f-8227-8b2c0743dac3",
            "ticker": "KXHIGHAUS-25APR12-B86.5",
            "count": 6,
            "created_time": "2025-04-12T17:55:50.289475Z",
            "yes_price": 3,
            "no_price": 97,
            "taker_side": "yes"
        },
        {
            "trade_id": "806cf015-cb07-496f-bb4a-6c8c0dc681d6",
            "ticker": "KXHIGHAUS-25APR12-B86.5",
            "count": 9,
            "created_time": "2025-04-12T17:53:34.216708Z",
            "yes_price": 3,
            "no_price": 97,
            "taker_side": "yes"
        },
        {
            "trade_id": "f5772082-d6da-455d-bd9c-725daed13571",
            "ticker": "KXHIGHAUS-25APR12-B86.5",
            "count": 124,
            "created_time": "2025-04-12T17:41:07.395257Z",
            "yes_price": 4,
            "no_price": 96,
            "taker_side": "yes"
        },
        {
            "trade_id": "b68978bd-17de-4249-b037-662d9b399e11",
            "ticker": "KXHIGHAUS-25APR12-B86.5",
            "count": 18,
            "created_time": "2025-04-12T17:41:07.395257Z",
            "yes_price": 2,
            "no_price": 98,
            "taker_side": "yes"
        },
        {
            "trade_id": "65cfcf05-969c-4eb2-b036-b80589b4f782",
            "ticker": "KXHIGHAUS-25APR12-B86.5",
            "count": 50,
            "created_time": "2025-04-12T17:41:07.395257Z",
            "yes_price": 3,
            "no_price": 97,
            "taker_side": "yes"
        },
        {
            "trade_id": "f35c41e8-caf9-4cd4-9c34-b1add57d4d26",
            "ticker": "KXHIGHAUS-25APR12-B86.5",
            "count": 2,
            "created_time": "2025-04-12T17:20:40.136308Z",
            "yes_price": 2,
            "no_price": 98,
            "taker_side": "no"
        },
        {
            "trade_id": "a1f462aa-d54a-4a22-aa1e-3217bb0900d3",
            "ticker": "KXHIGHAUS-25APR12-B86.5",
            "count": 25,
            "created_time": "2025-04-12T17:20:40.136308Z",
            "yes_price": 2,
            "no_price": 98,
            "taker_side": "no"
        },
        {
            "trade_id": "f713a543-b0a3-40e3-84c1-cb207c9c1d76",
            "ticker": "KXHIGHAUS-25APR12-B86.5",
            "count": 130,
            "created_time": "2025-04-12T16:09:08.648235Z",
            "yes_price": 1,
            "no_price": 99,
            "taker_side": "no"
        },
        {
            "trade_id": "264417f7-0efd-481f-9514-36d29c96b3b4",
            "ticker": "KXHIGHAUS-25APR12-B86.5",
            "count": 41,
            "created_time": "2025-04-12T16:09:08.648235Z",
            "yes_price": 2,
            "no_price": 98,
            "taker_side": "no"
        },
        {
            "trade_id": "05e7a74b-8c38-478d-9ab4-3103e1e2c69c",
            "ticker": "KXHIGHAUS-25APR12-B86.5",
            "count": 29,
            "created_time": "2025-04-12T16:09:08.648235Z",
            "yes_price": 2,
            "no_price": 98,
            "taker_side": "no"
        },
        {
            "trade_id": "b565a9cc-e6c0-433f-baa4-69640af4026b",
            "ticker": "KXHIGHAUS-25APR12-B86.5",
            "count": 20,
            "created_time": "2025-04-12T15:44:26.057965Z",
            "yes_price": 2,
            "no_price": 98,
            "taker_side": "no"
        },
        {
            "trade_id": "1246c8f6-a5ba-4da1-bc05-5cd59620c946",
            "ticker": "KXHIGHAUS-25APR12-B86.5",
            "count": 1,
            "created_time": "2025-04-12T15:27:03.67247Z",
            "yes_price": 2,
            "no_price": 98,
            "taker_side": "no"
        },
        {
            "trade_id": "ed919a27-18e9-4fc8-8dce-c48fdfaba8a1",
            "ticker": "KXHIGHAUS-25APR12-B86.5",
            "count": 42,
            "created_time": "2025-04-12T15:21:44.18837Z",
            "yes_price": 2,
            "no_price": 98,
            "taker_side": "no"
        },
        {
            "trade_id": "eb71a905-6e39-4907-9a31-2bed3a0af360",
            "ticker": "KXHIGHAUS-25APR12-B86.5",
            "count": 212,
            "created_time": "2025-04-12T15:21:44.18837Z",
            "yes_price": 3,
            "no_price": 97,
            "taker_side": "no"
        },
        {
            "trade_id": "a5dffc6b-6482-4d6d-94c7-ea6190003b82",
            "ticker": "KXHIGHAUS-25APR12-B86.5",
            "count": 2,
            "created_time": "2025-04-12T15:21:44.18837Z",
            "yes_price": 3,
            "no_price": 97,
            "taker_side": "no"
        },
        {
            "trade_id": "34a3d2ee-e2a6-4b5f-ac17-288026eae2e9",
            "ticker": "KXHIGHAUS-25APR12-B86.5",
            "count": 3,
            "created_time": "2025-04-12T15:21:44.18837Z",
            "yes_price": 3,
            "no_price": 97,
            "taker_side": "no"
        },
        {
            "trade_id": "1760b3da-3c68-4715-b57f-9e46a402c32b",
            "ticker": "KXHIGHAUS-25APR12-B86.5",
            "count": 14,
            "created_time": "2025-04-12T15:21:44.18837Z",
            "yes_price": 3,
            "no_price": 97,
            "taker_side": "no"
        },
        {
            "trade_id": "6a71c30a-76db-4ee8-8868-5fe27feb03b8",
            "ticker": "KXHIGHAUS-25APR12-B86.5",
            "count": 300,
            "created_time": "2025-04-12T14:58:21.116495Z",
            "yes_price": 3,
            "no_price": 97,
            "taker_side": "no"
        },
        {
            "trade_id": "2446b716-40d5-4706-babf-64592ef6917b",
            "ticker": "KXHIGHAUS-25APR12-B86.5",
            "count": 5,
            "created_time": "2025-04-12T14:46:52.860606Z",
            "yes_price": 5,
            "no_price": 95,
            "taker_side": "yes"
        },
        {
            "trade_id": "8ca4a3ce-674a-4eac-b9a6-5e6b513b3da9",
            "ticker": "KXHIGHAUS-25APR12-B86.5",
            "count": 1,
            "created_time": "2025-04-12T14:28:45.310645Z",
            "yes_price": 6,
            "no_price": 94,
            "taker_side": "yes"
        },
        {
            "trade_id": "06f25833-3341-47be-9e97-d17a912d6193",
            "ticker": "KXHIGHAUS-25APR12-B86.5",
            "count": 36,
            "created_time": "2025-04-12T14:28:45.310645Z",
            "yes_price": 5,
            "no_price": 95,
            "taker_side": "yes"
        },
        {
            "trade_id": "81e38e93-80af-426e-af25-9182777f926d",
            "ticker": "KXHIGHAUS-25APR12-B86.5",
            "count": 14,
            "created_time": "2025-04-12T14:21:22.487935Z",
            "yes_price": 5,
            "no_price": 95,
            "taker_side": "yes"
        },
        {
            "trade_id": "3d309f25-902b-4257-b1ec-b2fd55c3efb3",
            "ticker": "KXHIGHAUS-25APR12-B86.5",
            "count": 42,
            "created_time": "2025-04-12T14:21:22.487935Z",
            "yes_price": 5,
            "no_price": 95,
            "taker_side": "yes"
        },
        {
            "trade_id": "d4263b5e-979f-4bff-bbe5-fdbafd90b543",
            "ticker": "KXHIGHAUS-25APR12-B86.5",
            "count": 9,
            "created_time": "2025-04-12T14:06:58.081723Z",
            "yes_price": 5,
            "no_price": 95,
            "taker_side": "yes"
        },
        {
            "trade_id": "4f4753c1-91fa-43c9-8510-32a8f6d38c65",
            "ticker": "KXHIGHAUS-25APR12-B86.5",
            "count": 1,
            "created_time": "2025-04-12T14:04:31.650298Z",
            "yes_price": 5,
            "no_price": 95,
            "taker_side": "yes"
        },
        {
            "trade_id": "f388c16c-1f36-4865-9bca-198b60243079",
            "ticker": "KXHIGHAUS-25APR12-B86.5",
            "count": 15,
            "created_time": "2025-04-12T13:59:45.358841Z",
            "yes_price": 4,
            "no_price": 96,
            "taker_side": "no"
        },
        {
            "trade_id": "de8a4125-c0d6-4fa2-a5c0-e27c38b40e6a",
            "ticker": "KXHIGHAUS-25APR12-B86.5",
            "count": 40,
            "created_time": "2025-04-12T13:59:45.358841Z",
            "yes_price": 4,
            "no_price": 96,
            "taker_side": "no"
        },
        {
            "trade_id": "7c4f74ae-ee2c-4590-b461-cdd3e6761df1",
            "ticker": "KXHIGHAUS-25APR12-B86.5",
            "count": 300,
            "created_time": "2025-04-12T13:59:45.358841Z",
            "yes_price": 4,
            "no_price": 96,
            "taker_side": "no"
        },
        {
            "trade_id": "48fd2447-54d3-492d-956e-b0db208e01da",
            "ticker": "KXHIGHAUS-25APR12-B86.5",
            "count": 50,
            "created_time": "2025-04-12T13:59:45.358841Z",
            "yes_price": 4,
            "no_price": 96,
            "taker_side": "no"
        },
        {
            "trade_id": "363da53e-4d42-4b0c-805b-2a0259d96023",
            "ticker": "KXHIGHAUS-25APR12-B86.5",
            "count": 11,
            "created_time": "2025-04-12T13:59:45.358841Z",
            "yes_price": 4,
            "no_price": 96,
            "taker_side": "no"
        },
        {
            "trade_id": "6452733b-5e08-4549-bf3a-d4486980c256",
            "ticker": "KXHIGHAUS-25APR12-B86.5",
            "count": 8,
            "created_time": "2025-04-12T13:30:24.672284Z",
            "yes_price": 4,
            "no_price": 96,
            "taker_side": "no"
        },
        {
            "trade_id": "0391216a-6faa-4c6f-bf2e-fbc33ae793c2",
            "ticker": "KXHIGHAUS-25APR12-B86.5",
            "count": 5,
            "created_time": "2025-04-12T13:30:24.639395Z",
            "yes_price": 4,
            "no_price": 96,
            "taker_side": "no"
        },
        {
            "trade_id": "2ef6633a-f69d-4310-a16a-259fe11d88fe",
            "ticker": "KXHIGHAUS-25APR12-B86.5",
            "count": 5,
            "created_time": "2025-04-12T13:10:20.32179Z",
            "yes_price": 4,
            "no_price": 96,
            "taker_side": "no"
        },
        {
            "trade_id": "c8ba39e8-40fa-4d73-b435-e478b33d60ff",
            "ticker": "KXHIGHAUS-25APR12-B86.5",
            "count": 1,
            "created_time": "2025-04-12T13:10:20.319509Z",
            "yes_price": 4,
            "no_price": 96,
            "taker_side": "no"
        },
        {
            "trade_id": "081a139d-4609-4030-95d6-0d5ae9065bcf",
            "ticker": "KXHIGHAUS-25APR12-B86.5",
            "count": 50,
            "created_time": "2025-04-12T13:09:28.001473Z",
            "yes_price": 5,
            "no_price": 95,
            "taker_side": "no"
        },
        {
            "trade_id": "5435e479-c2d1-4fa9-b2f4-9a62a6f83619",
            "ticker": "KXHIGHAUS-25APR12-B86.5",
            "count": 6,
            "created_time": "2025-04-12T12:11:50.152397Z",
            "yes_price": 5,
            "no_price": 95,
            "taker_side": "yes"
        },
        {
            "trade_id": "22d84fb9-b508-4f43-b03f-2a09f09f29e0",
            "ticker": "KXHIGHAUS-25APR12-B86.5",
            "count": 14,
            "created_time": "2025-04-12T12:11:50.152397Z",
            "yes_price": 5,
            "no_price": 95,
            "taker_side": "yes"
        },
        {
            "trade_id": "779b502b-3acb-40e1-a460-ea6b0b1c6ea3",
            "ticker": "KXHIGHAUS-25APR12-B86.5",
            "count": 20,
            "created_time": "2025-04-12T12:06:30.614163Z",
            "yes_price": 4,
            "no_price": 96,
            "taker_side": "no"
        },
        {
            "trade_id": "60231fff-84b9-478a-9de1-5d3aca800a1b",
            "ticker": "KXHIGHAUS-25APR12-B86.5",
            "count": 19,
            "created_time": "2025-04-12T12:00:21.91935Z",
            "yes_price": 5,
            "no_price": 95,
            "taker_side": "yes"
        },
        {
            "trade_id": "0c4e0a11-0341-4383-be3d-209e91c2d901",
            "ticker": "KXHIGHAUS-25APR12-B86.5",
            "count": 31,
            "created_time": "2025-04-12T12:00:21.91935Z",
            "yes_price": 7,
            "no_price": 93,
            "taker_side": "yes"
        },
        {
            "trade_id": "fe95160b-522c-43ce-8146-2ded4647e4b9",
            "ticker": "KXHIGHAUS-25APR12-B86.5",
            "count": 1,
            "created_time": "2025-04-12T12:00:20.351522Z",
            "yes_price": 12,
            "no_price": 88,
            "taker_side": "no"
        },
        {
            "trade_id": "77e4cead-0e62-4d44-a2b5-c026951354e2",
            "ticker": "KXHIGHAUS-25APR12-B86.5",
            "count": 2,
            "created_time": "2025-04-12T12:00:20.351522Z",
            "yes_price": 5,
            "no_price": 95,
            "taker_side": "no"
        },
        {
            "trade_id": "54e75dc3-3d57-43d7-b229-d631525541dc",
            "ticker": "KXHIGHAUS-25APR12-B86.5",
            "count": 28,
            "created_time": "2025-04-12T12:00:20.351522Z",
            "yes_price": 9,
            "no_price": 91,
            "taker_side": "no"
        },
        {
            "trade_id": "f7043690-c10f-4f65-80dd-3a8fd2048a1e",
            "ticker": "KXHIGHAUS-25APR12-B86.5",
            "count": 37,
            "created_time": "2025-04-12T06:44:32.729988Z",
            "yes_price": 14,
            "no_price": 86,
            "taker_side": "no"
        },
        {
            "trade_id": "26bcc053-f037-41f5-a29e-d7e3c716e513",
            "ticker": "KXHIGHAUS-25APR12-B86.5",
            "count": 14,
            "created_time": "2025-04-12T06:44:32.729988Z",
            "yes_price": 14,
            "no_price": 86,
            "taker_side": "no"
        },
        {
            "trade_id": "11ab06fc-e5f5-46de-821e-ba207c0959cc",
            "ticker": "KXHIGHAUS-25APR12-B86.5",
            "count": 1,
            "created_time": "2025-04-12T06:44:32.729988Z",
            "yes_price": 14,
            "no_price": 86,
            "taker_side": "no"
        },
        {
            "trade_id": "a5f9d161-b481-40b1-b332-ec2950925fa3",
            "ticker": "KXHIGHAUS-25APR12-B86.5",
            "count": 3,
            "created_time": "2025-04-12T06:09:15.422394Z",
            "yes_price": 15,
            "no_price": 85,
            "taker_side": "yes"
        },
        {
            "trade_id": "fe19bd35-9a49-455f-b64f-ed4f279bce4c",
            "ticker": "KXHIGHAUS-25APR12-B86.5",
            "count": 12,
            "created_time": "2025-04-12T06:06:23.192909Z",
            "yes_price": 15,
            "no_price": 85,
            "taker_side": "yes"
        },
        {
            "trade_id": "c7d5177b-e3dd-408a-af53-0bf39bfdbbaf",
            "ticker": "KXHIGHAUS-25APR12-B86.5",
            "count": 23,
            "created_time": "2025-04-12T06:03:14.002859Z",
            "yes_price": 15,
            "no_price": 85,
            "taker_side": "yes"
        },
        {
            "trade_id": "e56b4439-8830-40ff-b145-4c5a04a91a51",
            "ticker": "KXHIGHAUS-25APR12-B86.5",
            "count": 13,
            "created_time": "2025-04-12T05:57:19.931704Z",
            "yes_price": 13,
            "no_price": 87,
            "taker_side": "yes"
        },
        {
            "trade_id": "5239ff91-c8a5-4360-aaa0-b95ae25c0c78",
            "ticker": "KXHIGHAUS-25APR12-B86.5",
            "count": 94,
            "created_time": "2025-04-12T05:57:19.931704Z",
            "yes_price": 13,
            "no_price": 87,
            "taker_side": "yes"
        },
        {
            "trade_id": "2ea80370-c87c-43d8-b4b1-2a363b7d43c1",
            "ticker": "KXHIGHAUS-25APR12-B86.5",
            "count": 2,
            "created_time": "2025-04-12T05:57:19.931704Z",
            "yes_price": 13,
            "no_price": 87,
            "taker_side": "yes"
        },
        {
            "trade_id": "9dea48a8-ac1c-494b-8649-88067f84df7b",
            "ticker": "KXHIGHAUS-25APR12-B86.5",
            "count": 118,
            "created_time": "2025-04-12T05:57:16.543224Z",
            "yes_price": 13,
            "no_price": 87,
            "taker_side": "yes"
        },
        {
            "trade_id": "35826645-f0fb-4f6c-81a2-deae28872441",
            "ticker": "KXHIGHAUS-25APR12-B86.5",
            "count": 1,
            "created_time": "2025-04-12T05:54:20.62462Z",
            "yes_price": 12,
            "no_price": 88,
            "taker_side": "no"
        },
        {
            "trade_id": "03ac1dd0-bdb3-4375-83b9-956081b31be0",
            "ticker": "KXHIGHAUS-25APR12-B86.5",
            "count": 88,
            "created_time": "2025-04-12T05:54:19.741675Z",
            "yes_price": 13,
            "no_price": 87,
            "taker_side": "yes"
        },
        {
            "trade_id": "99d1265e-cc03-4a04-bcca-5f41298e04d1",
            "ticker": "KXHIGHAUS-25APR12-B86.5",
            "count": 16,
            "created_time": "2025-04-12T05:32:04.509324Z",
            "yes_price": 15,
            "no_price": 85,
            "taker_side": "yes"
        },
        {
            "trade_id": "cc0f2d4c-fbf0-4935-a141-e8e3cea7733b",
            "ticker": "KXHIGHAUS-25APR12-B86.5",
            "count": 16,
            "created_time": "2025-04-12T05:30:27.967537Z",
            "yes_price": 15,
            "no_price": 85,
            "taker_side": "yes"
        },
        {
            "trade_id": "9291f180-6fa6-479c-b7c1-84384266e0d2",
            "ticker": "KXHIGHAUS-25APR12-B86.5",
            "count": 4,
            "created_time": "2025-04-12T04:17:03.889383Z",
            "yes_price": 13,
            "no_price": 87,
            "taker_side": "no"
        },
        {
            "trade_id": "8c8ccf58-067a-46c7-a57c-a4368768d0a7",
            "ticker": "KXHIGHAUS-25APR12-B86.5",
            "count": 1,
            "created_time": "2025-04-12T04:14:19.451087Z",
            "yes_price": 13,
            "no_price": 87,
            "taker_side": "no"
        },
        {
            "trade_id": "0472bf6c-9f93-491e-bb54-343b49c2b315",
            "ticker": "KXHIGHAUS-25APR12-B86.5",
            "count": 29,
            "created_time": "2025-04-12T04:14:19.451087Z",
            "yes_price": 13,
            "no_price": 87,
            "taker_side": "no"
        },
        {
            "trade_id": "305ba7da-a477-476e-bafb-9d7ae926ef6b",
            "ticker": "KXHIGHAUS-25APR12-B86.5",
            "count": 14,
            "created_time": "2025-04-12T04:12:36.478152Z",
            "yes_price": 14,
            "no_price": 86,
            "taker_side": "no"
        },
        {
            "trade_id": "172a1939-d0d9-43ac-af58-5ffd95c0ffb7",
            "ticker": "KXHIGHAUS-25APR12-B86.5",
            "count": 20,
            "created_time": "2025-04-12T03:53:46.305117Z",
            "yes_price": 16,
            "no_price": 84,
            "taker_side": "yes"
        },
        {
            "trade_id": "776399d4-efa1-49f5-8849-c68e22395855",
            "ticker": "KXHIGHAUS-25APR12-B86.5",
            "count": 5,
            "created_time": "2025-04-12T03:32:33.763109Z",
            "yes_price": 16,
            "no_price": 84,
            "taker_side": "yes"
        },
        {
            "trade_id": "e3a1c714-cfbc-4e36-b597-291d1483a824",
            "ticker": "KXHIGHAUS-25APR12-B86.5",
            "count": 5,
            "created_time": "2025-04-12T03:22:11.956486Z",
            "yes_price": 15,
            "no_price": 85,
            "taker_side": "yes"
        },
        {
            "trade_id": "9189c15f-8a2c-4df5-9a67-a3a0ff9ef0be",
            "ticker": "KXHIGHAUS-25APR12-B86.5",
            "count": 190,
            "created_time": "2025-04-12T03:22:11.956486Z",
            "yes_price": 16,
            "no_price": 84,
            "taker_side": "yes"
        },
        {
            "trade_id": "90060587-d797-4475-bcff-56d344499f84",
            "ticker": "KXHIGHAUS-25APR12-B86.5",
            "count": 5,
            "created_time": "2025-04-12T03:22:11.956486Z",
            "yes_price": 14,
            "no_price": 86,
            "taker_side": "yes"
        },
        {
            "trade_id": "ea54a9e4-4d56-4b49-969b-4d9a3bcfe512",
            "ticker": "KXHIGHAUS-25APR12-B86.5",
            "count": 5,
            "created_time": "2025-04-12T01:23:54.176411Z",
            "yes_price": 18,
            "no_price": 82,
            "taker_side": "no"
        },
        {
            "trade_id": "95bc1d1e-0d99-41e1-b91d-98f5a58f6e35",
            "ticker": "KXHIGHAUS-25APR12-B86.5",
            "count": 2,
            "created_time": "2025-04-12T00:51:23.392264Z",
            "yes_price": 17,
            "no_price": 83,
            "taker_side": "yes"
        },
        {
            "trade_id": "671b6f1a-4909-4522-8fe8-961689e6dbe8",
            "ticker": "KXHIGHAUS-25APR12-B86.5",
            "count": 10,
            "created_time": "2025-04-12T00:51:23.392264Z",
            "yes_price": 17,
            "no_price": 83,
            "taker_side": "yes"
        },
        {
            "trade_id": "c060e3be-d466-406a-8e81-fd34db6be360",
            "ticker": "KXHIGHAUS-25APR12-B86.5",
            "count": 240,
            "created_time": "2025-04-11T23:52:33.076457Z",
            "yes_price": 17,
            "no_price": 83,
            "taker_side": "no"
        },
        {
            "trade_id": "696f0a71-8104-4629-989d-f7ca1107adea",
            "ticker": "KXHIGHAUS-25APR12-B86.5",
            "count": 5,
            "created_time": "2025-04-11T23:52:33.076457Z",
            "yes_price": 20,
            "no_price": 80,
            "taker_side": "no"
        },
        {
            "trade_id": "619f8a17-b96e-436c-8a23-8c31f82ec6fe",
            "ticker": "KXHIGHAUS-25APR12-B86.5",
            "count": 76,
            "created_time": "2025-04-11T23:52:33.076457Z",
            "yes_price": 19,
            "no_price": 81,
            "taker_side": "no"
        },
        {
            "trade_id": "4e253029-54fd-4369-b15e-3756d57ddeea",
            "ticker": "KXHIGHAUS-25APR12-B86.5",
            "count": 23,
            "created_time": "2025-04-11T23:52:33.076457Z",
            "yes_price": 12,
            "no_price": 88,
            "taker_side": "no"
        },
        {
            "trade_id": "29ea34b0-3c95-4e8c-a957-b8c7b8e67bb1",
            "ticker": "KXHIGHAUS-25APR12-B86.5",
            "count": 240,
            "created_time": "2025-04-11T23:52:33.076457Z",
            "yes_price": 15,
            "no_price": 85,
            "taker_side": "no"
        },
        {
            "trade_id": "0531e0de-2b28-4451-b594-fcdfb570773b",
            "ticker": "KXHIGHAUS-25APR12-B86.5",
            "count": 6,
            "created_time": "2025-04-11T23:52:33.076457Z",
            "yes_price": 19,
            "no_price": 81,
            "taker_side": "no"
        },
        {
            "trade_id": "ec07590d-8ad9-44a9-88ce-06c9be44c80e",
            "ticker": "KXHIGHAUS-25APR12-B86.5",
            "count": 2,
            "created_time": "2025-04-11T22:39:41.686485Z",
            "yes_price": 24,
            "no_price": 76,
            "taker_side": "yes"
        },
        {
            "trade_id": "9530196b-699e-439c-a696-7832001bdc73",
            "ticker": "KXHIGHAUS-25APR12-B86.5",
            "count": 127,
            "created_time": "2025-04-11T22:39:41.686485Z",
            "yes_price": 26,
            "no_price": 74,
            "taker_side": "yes"
        },
        {
            "trade_id": "26d49043-4231-406f-b3f4-4f5db5951fe6",
            "ticker": "KXHIGHAUS-25APR12-B86.5",
            "count": 58,
            "created_time": "2025-04-11T22:39:41.686485Z",
            "yes_price": 24,
            "no_price": 76,
            "taker_side": "yes"
        },
        {
            "trade_id": "1a548acf-3a6f-4565-97d4-e31884f900ac",
            "ticker": "KXHIGHAUS-25APR12-B86.5",
            "count": 4,
            "created_time": "2025-04-11T22:17:38.290858Z",
            "yes_price": 25,
            "no_price": 75,
            "taker_side": "yes"
        },
        {
            "trade_id": "0e0eab82-f3ef-4c22-b37e-7bf608c41b3e",
            "ticker": "KXHIGHAUS-25APR12-B86.5",
            "count": 15,
            "created_time": "2025-04-11T22:17:38.290858Z",
            "yes_price": 25,
            "no_price": 75,
            "taker_side": "yes"
        },
        {
            "trade_id": "08c5234a-4211-48db-be47-6719c536b147",
            "ticker": "KXHIGHAUS-25APR12-B86.5",
            "count": 8,
            "created_time": "2025-04-11T21:49:02.829103Z",
            "yes_price": 22,
            "no_price": 78,
            "taker_side": "no"
        },
        {
            "trade_id": "c2d33a9f-2bf8-46ed-aefa-679652f7c6ed",
            "ticker": "KXHIGHAUS-25APR12-B86.5",
            "count": 15,
            "created_time": "2025-04-11T20:44:07.374301Z",
            "yes_price": 22,
            "no_price": 78,
            "taker_side": "no"
        },
        {
            "trade_id": "599438b3-4dcb-4f41-9510-2fe893073f6c",
            "ticker": "KXHIGHAUS-25APR12-B86.5",
            "count": 26,
            "created_time": "2025-04-11T19:45:56.535683Z",
            "yes_price": 23,
            "no_price": 77,
            "taker_side": "no"
        },
        {
            "trade_id": "192688a6-191f-485f-9d07-7e8382804ad6",
            "ticker": "KXHIGHAUS-25APR12-B86.5",
            "count": 240,
            "created_time": "2025-04-11T19:45:24.759325Z",
            "yes_price": 23,
            "no_price": 77,
            "taker_side": "no"
        },
        {
            "trade_id": "643599ae-d53c-46d9-b96c-deb9f1fc6085",
            "ticker": "KXHIGHAUS-25APR12-B86.5",
            "count": 29,
            "created_time": "2025-04-11T19:45:10.053081Z",
            "yes_price": 25,
            "no_price": 75,
            "taker_side": "no"
        },
        {
            "trade_id": "3d6af9f9-5f4a-4f6c-a86e-52ca6d055f30",
            "ticker": "KXHIGHAUS-25APR12-B86.5",
            "count": 2,
            "created_time": "2025-04-11T19:45:10.053081Z",
            "yes_price": 25,
            "no_price": 75,
            "taker_side": "no"
        },
        {
            "trade_id": "443443da-bcdd-441d-bf7e-196453257b77",
            "ticker": "KXHIGHAUS-25APR12-B86.5",
            "count": 2,
            "created_time": "2025-04-11T16:57:54.686817Z",
            "yes_price": 30,
            "no_price": 70,
            "taker_side": "yes"
        },
        {
            "trade_id": "9f98f955-b640-4ddc-8951-ceea09980d81",
            "ticker": "KXHIGHAUS-25APR12-B86.5",
            "count": 30,
            "created_time": "2025-04-11T15:07:41.744648Z",
            "yes_price": 28,
            "no_price": 72,
            "taker_side": "no"
        },
        {
            "trade_id": "73a7f88e-44f6-4072-9a50-08658e603b39",
            "ticker": "KXHIGHAUS-25APR12-B86.5",
            "count": 103,
            "created_time": "2025-04-11T15:07:41.744648Z",
            "yes_price": 27,
            "no_price": 73,
            "taker_side": "no"
        },
        {
            "trade_id": "d116d012-4175-4bba-a347-9e24f6082418",
            "ticker": "KXHIGHAUS-25APR12-B86.5",
            "count": 9,
            "created_time": "2025-04-11T15:04:03.377603Z",
            "yes_price": 28,
            "no_price": 72,
            "taker_side": "no"
        },
        {
            "trade_id": "8a81bde7-d931-4461-a8eb-140375bd50bf",
            "ticker": "KXHIGHAUS-25APR12-B86.5",
            "count": 6,
            "created_time": "2025-04-11T15:04:03.377603Z",
            "yes_price": 26,
            "no_price": 74,
            "taker_side": "no"
        },
        {
            "trade_id": "8a69b894-b9e5-48c4-97e7-6cdf0e9c4fa7",
            "ticker": "KXHIGHAUS-25APR12-B86.5",
            "count": 32,
            "created_time": "2025-04-11T15:04:03.377603Z",
            "yes_price": 27,
            "no_price": 73,
            "taker_side": "no"
        },
        {
            "trade_id": "4f365649-b76f-4c93-80fe-6446fce50d4b",
            "ticker": "KXHIGHAUS-25APR12-B86.5",
            "count": 6,
            "created_time": "2025-04-11T15:04:03.377603Z",
            "yes_price": 28,
            "no_price": 72,
            "taker_side": "no"
        },
        {
            "trade_id": "c16c9690-d681-4321-8007-15e1e4ed49f5",
            "ticker": "KXHIGHAUS-25APR12-B86.5",
            "count": 61,
            "created_time": "2025-04-11T14:38:59.54002Z",
            "yes_price": 28,
            "no_price": 72,
            "taker_side": "no"
        },
        {
            "trade_id": "c0dfd0c1-fb99-49f9-a432-5c76c31d141f",
            "ticker": "KXHIGHAUS-25APR12-B86.5",
            "count": 54,
            "created_time": "2025-04-11T14:38:59.54002Z",
            "yes_price": 28,
            "no_price": 72,
            "taker_side": "no"
        },
        {
            "trade_id": "0bf956a8-3b8c-44a7-aaca-42977409690e",
            "ticker": "KXHIGHAUS-25APR12-B86.5",
            "count": 21,
            "created_time": "2025-04-11T14:38:59.54002Z",
            "yes_price": 28,
            "no_price": 72,
            "taker_side": "no"
        },
        {
            "trade_id": "2bf1e759-7639-4f54-b49c-955486a8abb1",
            "ticker": "KXHIGHAUS-25APR12-B86.5",
            "count": 2,
            "created_time": "2025-04-11T14:33:12.606618Z",
            "yes_price": 30,
            "no_price": 70,
            "taker_side": "yes"
        },
        {
            "trade_id": "3e6be35e-cac7-439a-9af0-e1e6a333178a",
            "ticker": "KXHIGHAUS-25APR12-B86.5",
            "count": 30,
            "created_time": "2025-04-11T14:33:04.984646Z",
            "yes_price": 32,
            "no_price": 68,
            "taker_side": "yes"
        },
        {
            "trade_id": "8d9820a2-aee7-48a7-bf90-8bf1d90d1405",
            "ticker": "KXHIGHAUS-25APR12-B86.5",
            "count": 30,
            "created_time": "2025-04-11T14:32:59.840931Z",
            "yes_price": 31,
            "no_price": 69,
            "taker_side": "yes"
        },
        {
            "trade_id": "066cc940-af74-462e-a8ad-9b0c8bbbccc1",
            "ticker": "KXHIGHAUS-25APR12-B86.5",
            "count": 9,
            "created_time": "2025-04-11T14:32:59.840931Z",
            "yes_price": 32,
            "no_price": 68,
            "taker_side": "yes"
        },
        {
            "trade_id": "bf05e5c2-a4c0-4973-8d76-e510043e5494",
            "ticker": "KXHIGHAUS-25APR12-B86.5",
            "count": 28,
            "created_time": "2025-04-11T14:32:53.552493Z",
            "yes_price": 31,
            "no_price": 69,
            "taker_side": "yes"
        },
        {
            "trade_id": "bbfd979d-a272-44b1-a61f-ab688ffd9907",
            "ticker": "KXHIGHAUS-25APR12-B86.5",
            "count": 17,
            "created_time": "2025-04-11T14:32:46.354594Z",
            "yes_price": 32,
            "no_price": 68,
            "taker_side": "yes"
        },
        {
            "trade_id": "44f2250c-5cf3-4b84-bb10-1c818cce85a7",
            "ticker": "KXHIGHAUS-25APR12-B86.5",
            "count": 14,
            "created_time": "2025-04-11T14:32:42.053836Z",
            "yes_price": 31,
            "no_price": 69,
            "taker_side": "yes"
        },
        {
            "trade_id": "33f2fa29-9b17-4d73-bdb5-a024d09473c4",
            "ticker": "KXHIGHAUS-25APR12-B86.5",
            "count": 23,
            "created_time": "2025-04-11T14:31:24.79031Z",
            "yes_price": 32,
            "no_price": 68,
            "taker_side": "yes"
        },
        {
            "trade_id": "87c0e47f-f90e-4f0c-9ca6-55b5ee0b6d51",
            "ticker": "KXHIGHAUS-25APR12-B86.5",
            "count": 80,
            "created_time": "2025-04-11T14:31:20.43606Z",
            "yes_price": 32,
            "no_price": 68,
            "taker_side": "yes"
        },
        {
            "trade_id": "524d747e-02a0-4f08-a991-ac50920e72d4",
            "ticker": "KXHIGHAUS-25APR12-B86.5",
            "count": 19,
            "created_time": "2025-04-11T14:31:15.035759Z",
            "yes_price": 30,
            "no_price": 70,
            "taker_side": "yes"
        },
        {
            "trade_id": "b9a1e797-bfed-46cd-b6fd-db87c9128972",
            "ticker": "KXHIGHAUS-25APR12-B86.5",
            "count": 39,
            "created_time": "2025-04-11T14:30:10.642306Z",
            "yes_price": 35,
            "no_price": 65,
            "taker_side": "no"
        },
        {
            "trade_id": "b2356ad5-624c-4503-b142-029f7ba70b11",
            "ticker": "KXHIGHAUS-25APR12-B86.5",
            "count": 118,
            "created_time": "2025-04-11T14:30:05.052165Z",
            "yes_price": 34,
            "no_price": 66,
            "taker_side": "no"
        },
        {
            "trade_id": "2b7a777f-7b40-4be7-90a9-b4bf31a3170a",
            "ticker": "KXHIGHAUS-25APR12-B86.5",
            "count": 117,
            "created_time": "2025-04-11T14:30:02.649763Z",
            "yes_price": 34,
            "no_price": 66,
            "taker_side": "no"
        },
        {
            "trade_id": "0cf7582d-715b-4c37-8aa5-2d440eba2a46",
            "ticker": "KXHIGHAUS-25APR12-B86.5",
            "count": 118,
            "created_time": "2025-04-11T14:29:55.138706Z",
            "yes_price": 32,
            "no_price": 68,
            "taker_side": "yes"
        },
        {
            "trade_id": "8a2aa87b-9f8f-472f-aecb-7e0694c79247",
            "ticker": "KXHIGHAUS-25APR12-B86.5",
            "count": 118,
            "created_time": "2025-04-11T14:29:48.791844Z",
            "yes_price": 31,
            "no_price": 69,
            "taker_side": "no"
        },
        {
            "trade_id": "8d9dda1f-88e0-4c32-ad0b-e5f31f75e130",
            "ticker": "KXHIGHAUS-25APR12-B86.5",
            "count": 118,
            "created_time": "2025-04-11T14:29:45.750212Z",
            "yes_price": 30,
            "no_price": 70,
            "taker_side": "yes"
        },
        {
            "trade_id": "d0668d86-6494-4194-9e9e-a88e015f5332",
            "ticker": "KXHIGHAUS-25APR12-B86.5",
            "count": 4,
            "created_time": "2025-04-11T14:29:39.73562Z",
            "yes_price": 29,
            "no_price": 71,
            "taker_side": "yes"
        },
        {
            "trade_id": "23186cfe-9cdf-4a7a-8154-46adfbdbe67b",
            "ticker": "KXHIGHAUS-25APR12-B86.5",
            "count": 44,
            "created_time": "2025-04-11T14:29:39.73562Z",
            "yes_price": 29,
            "no_price": 71,
            "taker_side": "yes"
        },
        {
            "trade_id": "1c66ec29-e224-48d4-b64f-ff1d2345ba64",
            "ticker": "KXHIGHAUS-25APR12-B86.5",
            "count": 29,
            "created_time": "2025-04-11T14:24:19.303629Z",
            "yes_price": 31,
            "no_price": 69,
            "taker_side": "no"
        },
        {
            "trade_id": "5d54f153-af42-4d37-b79e-b41d7b1824f2",
            "ticker": "KXHIGHAUS-25APR12-B86.5",
            "count": 44,
            "created_time": "2025-04-11T14:24:19.255477Z",
            "yes_price": 34,
            "no_price": 66,
            "taker_side": "no"
        },
        {
            "trade_id": "968b94a4-20c9-4c9b-87a4-1b34f1856530",
            "ticker": "KXHIGHAUS-25APR12-B86.5",
            "count": 36,
            "created_time": "2025-04-11T14:24:19.193316Z",
            "yes_price": 34,
            "no_price": 66,
            "taker_side": "no"
        },
        {
            "trade_id": "0de913d5-f3cc-4b23-9ed6-87fd4b8f24e9",
            "ticker": "KXHIGHAUS-25APR12-B86.5",
            "count": 41,
            "created_time": "2025-04-11T14:22:32.217543Z",
            "yes_price": 46,
            "no_price": 54,
            "taker_side": "yes"
        },
        {
            "trade_id": "3d2c1423-5d8a-420a-acb2-4fa0cff5162c",
            "ticker": "KXHIGHAUS-25APR12-B86.5",
            "count": 27,
            "created_time": "2025-04-11T14:22:26.533051Z",
            "yes_price": 41,
            "no_price": 59,
            "taker_side": "yes"
        },
        {
            "trade_id": "75bda02c-e187-45d6-a9db-03756db625cf",
            "ticker": "KXHIGHAUS-25APR12-B86.5",
            "count": 15,
            "created_time": "2025-04-11T14:22:19.805696Z",
            "yes_price": 34,
            "no_price": 66,
            "taker_side": "yes"
        },
        {
            "trade_id": "7ebcc135-9b98-4592-98c9-f1c192ed68c8",
            "ticker": "KXHIGHAUS-25APR12-B86.5",
            "count": 14,
            "created_time": "2025-04-11T14:22:14.649948Z",
            "yes_price": 32,
            "no_price": 68,
            "taker_side": "yes"
        },
        {
            "trade_id": "5124a8d3-96ea-4cd9-a988-2c2cb22330ba",
            "ticker": "KXHIGHAUS-25APR12-B86.5",
            "count": 80,
            "created_time": "2025-04-11T14:22:14.649948Z",
            "yes_price": 32,
            "no_price": 68,
            "taker_side": "yes"
        },
        {
            "trade_id": "ff7073ed-bac2-4f8a-bb1c-d23fb49ff7f9",
            "ticker": "KXHIGHAUS-25APR12-B86.5",
            "count": 13,
            "created_time": "2025-04-11T14:22:08.08636Z",
            "yes_price": 30,
            "no_price": 70,
            "taker_side": "yes"
        },
        {
            "trade_id": "23207a65-0962-45d7-8cd7-1d193cf92e1d",
            "ticker": "KXHIGHAUS-25APR12-B86.5",
            "count": 102,
            "created_time": "2025-04-11T14:21:53.238141Z",
            "yes_price": 26,
            "no_price": 74,
            "taker_side": "yes"
        },
        {
            "trade_id": "e988e1d7-be21-4bcd-baf1-1b52cdd2e583",
            "ticker": "KXHIGHAUS-25APR12-B86.5",
            "count": 225,
            "created_time": "2025-04-11T14:21:47.266369Z",
            "yes_price": 27,
            "no_price": 73,
            "taker_side": "yes"
        },
        {
            "trade_id": "4c7cb52c-7e82-45d3-b5bb-d9a0eb4b990e",
            "ticker": "KXHIGHAUS-25APR12-B86.5",
            "count": 15,
            "created_time": "2025-04-11T14:21:42.703763Z",
            "yes_price": 27,
            "no_price": 73,
            "taker_side": "yes"
        },
        {
            "trade_id": "defcad75-cb5b-4e53-a58a-33e627786378",
            "ticker": "KXHIGHAUS-25APR12-B86.5",
            "count": 106,
            "created_time": "2025-04-11T14:21:42.403289Z",
            "yes_price": 25,
            "no_price": 75,
            "taker_side": "no"
        },
        {
            "trade_id": "906d6580-6265-4c87-a47d-70ef86f108f4",
            "ticker": "KXHIGHAUS-25APR12-B86.5",
            "count": 12,
            "created_time": "2025-04-11T14:21:42.403289Z",
            "yes_price": 26,
            "no_price": 74,
            "taker_side": "no"
        },
        {
            "trade_id": "a18e9015-862f-461e-8853-8722585e4e90",
            "ticker": "KXHIGHAUS-25APR12-B86.5",
            "count": 118,
            "created_time": "2025-04-11T14:21:39.842534Z",
            "yes_price": 25,
            "no_price": 75,
            "taker_side": "no"
        },
        {
            "trade_id": "f8b47ee4-3c26-489a-94f6-515ca5a88bb8",
            "ticker": "KXHIGHAUS-25APR12-B86.5",
            "count": 118,
            "created_time": "2025-04-11T14:21:34.453969Z",
            "yes_price": 23,
            "no_price": 77,
            "taker_side": "yes"
        },
        {
            "trade_id": "a579f638-ff7b-4c24-a7fd-230c2a2c7ec2",
            "ticker": "KXHIGHAUS-25APR12-B86.5",
            "count": 80,
            "created_time": "2025-04-11T14:21:29.438248Z",
            "yes_price": 22,
            "no_price": 78,
            "taker_side": "yes"
        },
        {
            "trade_id": "526a94b0-a7f3-461b-bcb5-f9fb726eecea",
            "ticker": "KXHIGHAUS-25APR12-B86.5",
            "count": 26,
            "created_time": "2025-04-11T14:05:45.101762Z",
            "yes_price": 35,
            "no_price": 65,
            "taker_side": "yes"
        },
        {
            "trade_id": "09670b1e-dfb0-4b92-982c-a6efa6c19cec",
            "ticker": "KXHIGHAUS-25APR12-B86.5",
            "count": 12,
            "created_time": "2025-04-11T14:05:39.445367Z",
            "yes_price": 27,
            "no_price": 73,
            "taker_side": "yes"
        },
        {
            "trade_id": "fcb9a565-6500-4fe4-849c-dfeae258ba9c",
            "ticker": "KXHIGHAUS-25APR12-B86.5",
            "count": 159,
            "created_time": "2025-04-11T14:04:10.112499Z",
            "yes_price": 46,
            "no_price": 54,
            "taker_side": "yes"
        },
        {
            "trade_id": "fcd5623f-1988-4f84-af8b-776476132af0",
            "ticker": "KXHIGHAUS-25APR12-B86.5",
            "count": 5,
            "created_time": "2025-04-11T14:04:01.045857Z",
            "yes_price": 45,
            "no_price": 55,
            "taker_side": "yes"
        },
        {
            "trade_id": "c0321b86-e6b6-494d-8001-cd66077ffbf0",
            "ticker": "KXHIGHAUS-25APR12-B86.5",
            "count": 26,
            "created_time": "2025-04-11T14:03:19.555955Z",
            "yes_price": 27,
            "no_price": 73,
            "taker_side": "yes"
        },
        {
            "trade_id": "264c2ba1-1532-487b-ae15-039fdd5e9a6e",
            "ticker": "KXHIGHAUS-25APR12-B86.5",
            "count": 10,
            "created_time": "2025-04-11T14:03:10.750989Z",
            "yes_price": 17,
            "no_price": 83,
            "taker_side": "yes"
        }
    ],
    "KXHIGHAUS-25APR12-B88.5": [
        {
            "trade_id": "a945c587-1a93-41da-a861-68649f4624a7",
            "ticker": "KXHIGHAUS-25APR12-B88.5",
            "count": 1,
            "created_time": "2025-04-13T03:34:57.701804Z",
            "yes_price": 99,
            "no_price": 1,
            "taker_side": "no"
        },
        {
            "trade_id": "1dc04068-d122-46af-8eaf-c73e0ddf8877",
            "ticker": "KXHIGHAUS-25APR12-B88.5",
            "count": 10,
            "created_time": "2025-04-13T02:41:16.089991Z",
            "yes_price": 99,
            "no_price": 1,
            "taker_side": "no"
        },
        {
            "trade_id": "139912ab-14f0-47ad-a4f7-c602b22b7052",
            "ticker": "KXHIGHAUS-25APR12-B88.5",
            "count": 24,
            "created_time": "2025-04-13T02:32:52.731619Z",
            "yes_price": 99,
            "no_price": 1,
            "taker_side": "no"
        },
        {
            "trade_id": "f6c2831e-f29a-4b4c-a9fb-43e53a938595",
            "ticker": "KXHIGHAUS-25APR12-B88.5",
            "count": 77,
            "created_time": "2025-04-13T01:36:02.849054Z",
            "yes_price": 99,
            "no_price": 1,
            "taker_side": "no"
        },
        {
            "trade_id": "4e21de2d-d450-459c-9b6b-6a9cd766dcd5",
            "ticker": "KXHIGHAUS-25APR12-B88.5",
            "count": 423,
            "created_time": "2025-04-13T01:36:02.849054Z",
            "yes_price": 99,
            "no_price": 1,
            "taker_side": "no"
        },
        {
            "trade_id": "b124f96a-61bd-4e90-a45e-8388e9857562",
            "ticker": "KXHIGHAUS-25APR12-B88.5",
            "count": 199,
            "created_time": "2025-04-13T01:21:39.182492Z",
            "yes_price": 99,
            "no_price": 1,
            "taker_side": "no"
        },
        {
            "trade_id": "c6199ba5-6b1f-44f5-81fa-13af62446460",
            "ticker": "KXHIGHAUS-25APR12-B88.5",
            "count": 176,
            "created_time": "2025-04-13T01:20:48.96702Z",
            "yes_price": 99,
            "no_price": 1,
            "taker_side": "no"
        },
        {
            "trade_id": "b1aac80d-e49d-4eae-8622-a5489777a47c",
            "ticker": "KXHIGHAUS-25APR12-B88.5",
            "count": 824,
            "created_time": "2025-04-13T01:20:48.96702Z",
            "yes_price": 99,
            "no_price": 1,
            "taker_side": "no"
        },
        {
            "trade_id": "6ac24c19-76a3-445f-8684-2ab76e1130ba",
            "ticker": "KXHIGHAUS-25APR12-B88.5",
            "count": 4,
            "created_time": "2025-04-13T01:09:56.697198Z",
            "yes_price": 99,
            "no_price": 1,
            "taker_side": "no"
        },
        {
            "trade_id": "75129eed-8ab7-409c-abc3-cf68a1798cbc",
            "ticker": "KXHIGHAUS-25APR12-B88.5",
            "count": 129,
            "created_time": "2025-04-13T00:08:56.305067Z",
            "yes_price": 99,
            "no_price": 1,
            "taker_side": "no"
        },
        {
            "trade_id": "25ca2f05-8c8d-4cdb-b672-50eaaebb979e",
            "ticker": "KXHIGHAUS-25APR12-B88.5",
            "count": 10,
            "created_time": "2025-04-12T23:26:10.175699Z",
            "yes_price": 99,
            "no_price": 1,
            "taker_side": "no"
        },
        {
            "trade_id": "ec7e9ae9-7fba-4625-a2fc-f21629dd300f",
            "ticker": "KXHIGHAUS-25APR12-B88.5",
            "count": 48,
            "created_time": "2025-04-12T23:25:30.279409Z",
            "yes_price": 99,
            "no_price": 1,
            "taker_side": "no"
        },
        {
            "trade_id": "121b61f1-bb0a-4eae-bc15-b06f8ecfcfa3",
            "ticker": "KXHIGHAUS-25APR12-B88.5",
            "count": 73,
            "created_time": "2025-04-12T23:13:30.85865Z",
            "yes_price": 99,
            "no_price": 1,
            "taker_side": "no"
        },
        {
            "trade_id": "28368889-1abd-40e3-889b-2cd8f29f19d2",
            "ticker": "KXHIGHAUS-25APR12-B88.5",
            "count": 320,
            "created_time": "2025-04-12T23:09:26.45912Z",
            "yes_price": 99,
            "no_price": 1,
            "taker_side": "no"
        },
        {
            "trade_id": "2ee36df2-7e5c-434b-a213-b8a0e86e4013",
            "ticker": "KXHIGHAUS-25APR12-B88.5",
            "count": 6,
            "created_time": "2025-04-12T23:07:42.386464Z",
            "yes_price": 99,
            "no_price": 1,
            "taker_side": "no"
        },
        {
            "trade_id": "9db66e05-539d-4131-91c8-020912a5b584",
            "ticker": "KXHIGHAUS-25APR12-B88.5",
            "count": 22,
            "created_time": "2025-04-12T23:04:18.59208Z",
            "yes_price": 99,
            "no_price": 1,
            "taker_side": "no"
        },
        {
            "trade_id": "8037434d-177d-4172-aff3-6c92e160a530",
            "ticker": "KXHIGHAUS-25APR12-B88.5",
            "count": 255,
            "created_time": "2025-04-12T23:03:35.729066Z",
            "yes_price": 99,
            "no_price": 1,
            "taker_side": "no"
        },
        {
            "trade_id": "1a6b8ece-1024-415a-826b-1994a5a903b6",
            "ticker": "KXHIGHAUS-25APR12-B88.5",
            "count": 13,
            "created_time": "2025-04-12T23:00:05.824681Z",
            "yes_price": 99,
            "no_price": 1,
            "taker_side": "no"
        },
        {
            "trade_id": "aa0c0390-36c3-47d0-a9ea-de0f7d02acbc",
            "ticker": "KXHIGHAUS-25APR12-B88.5",
            "count": 100,
            "created_time": "2025-04-12T22:59:59.419726Z",
            "yes_price": 99,
            "no_price": 1,
            "taker_side": "no"
        },
        {
            "trade_id": "4914ba91-b5f5-4526-8e69-95e66b675723",
            "ticker": "KXHIGHAUS-25APR12-B88.5",
            "count": 544,
            "created_time": "2025-04-12T22:59:59.361303Z",
            "yes_price": 99,
            "no_price": 1,
            "taker_side": "yes"
        },
        {
            "trade_id": "3b370710-0575-4623-9103-dfbc25c3f0d0",
            "ticker": "KXHIGHAUS-25APR12-B88.5",
            "count": 200,
            "created_time": "2025-04-12T22:59:59.361303Z",
            "yes_price": 99,
            "no_price": 1,
            "taker_side": "yes"
        },
        {
            "trade_id": "719e3264-df8e-446c-a326-c473459e6713",
            "ticker": "KXHIGHAUS-25APR12-B88.5",
            "count": 456,
            "created_time": "2025-04-12T22:56:33.958677Z",
            "yes_price": 99,
            "no_price": 1,
            "taker_side": "yes"
        },
        {
            "trade_id": "85c86a95-9e4c-41db-b85d-3e07b6d381c3",
            "ticker": "KXHIGHAUS-25APR12-B88.5",
            "count": 6,
            "created_time": "2025-04-12T22:36:26.026867Z",
            "yes_price": 90,
            "no_price": 10,
            "taker_side": "no"
        },
        {
            "trade_id": "4a357cb6-6a9c-4808-a599-c846c22c64b5",
            "ticker": "KXHIGHAUS-25APR12-B88.5",
            "count": 1,
            "created_time": "2025-04-12T22:36:26.026867Z",
            "yes_price": 92,
            "no_price": 8,
            "taker_side": "no"
        },
        {
            "trade_id": "f89c7638-8228-4bc1-bf78-51c13cde605c",
            "ticker": "KXHIGHAUS-25APR12-B88.5",
            "count": 60,
            "created_time": "2025-04-12T22:30:28.279684Z",
            "yes_price": 92,
            "no_price": 8,
            "taker_side": "no"
        },
        {
            "trade_id": "0d60f9d7-a919-43cf-bcde-accced2e1b52",
            "ticker": "KXHIGHAUS-25APR12-B88.5",
            "count": 40,
            "created_time": "2025-04-12T22:30:28.279684Z",
            "yes_price": 93,
            "no_price": 7,
            "taker_side": "no"
        },
        {
            "trade_id": "97335e8b-6b27-4300-aa11-40098276bec2",
            "ticker": "KXHIGHAUS-25APR12-B88.5",
            "count": 5,
            "created_time": "2025-04-12T22:16:43.364475Z",
            "yes_price": 92,
            "no_price": 8,
            "taker_side": "no"
        },
        {
            "trade_id": "d76c7f1e-c95e-4532-a8aa-7e2d1f3a4802",
            "ticker": "KXHIGHAUS-25APR12-B88.5",
            "count": 5,
            "created_time": "2025-04-12T22:16:06.569119Z",
            "yes_price": 92,
            "no_price": 8,
            "taker_side": "no"
        },
        {
            "trade_id": "a1ce5eaa-3c3e-4e4f-aa75-60a175b1963b",
            "ticker": "KXHIGHAUS-25APR12-B88.5",
            "count": 9,
            "created_time": "2025-04-12T22:15:34.418653Z",
            "yes_price": 93,
            "no_price": 7,
            "taker_side": "no"
        },
        {
            "trade_id": "04c76fa9-2101-4654-9821-561b069f1f62",
            "ticker": "KXHIGHAUS-25APR12-B88.5",
            "count": 5,
            "created_time": "2025-04-12T22:15:15.712108Z",
            "yes_price": 93,
            "no_price": 7,
            "taker_side": "no"
        },
        {
            "trade_id": "f7e3fc9c-5e4b-4226-81ca-2b9526b7b4b6",
            "ticker": "KXHIGHAUS-25APR12-B88.5",
            "count": 100,
            "created_time": "2025-04-12T22:13:37.757424Z",
            "yes_price": 95,
            "no_price": 5,
            "taker_side": "no"
        },
        {
            "trade_id": "e5d412e0-7f26-42fc-aca6-88853449f758",
            "ticker": "KXHIGHAUS-25APR12-B88.5",
            "count": 46,
            "created_time": "2025-04-12T22:13:37.757424Z",
            "yes_price": 95,
            "no_price": 5,
            "taker_side": "no"
        },
        {
            "trade_id": "d42cbc92-ea8f-4424-8c6f-1bef28ac34ad",
            "ticker": "KXHIGHAUS-25APR12-B88.5",
            "count": 72,
            "created_time": "2025-04-12T22:13:37.757424Z",
            "yes_price": 94,
            "no_price": 6,
            "taker_side": "no"
        },
        {
            "trade_id": "859c49fc-1765-4c5a-94a1-511307ed1d82",
            "ticker": "KXHIGHAUS-25APR12-B88.5",
            "count": 122,
            "created_time": "2025-04-12T22:13:37.757424Z",
            "yes_price": 96,
            "no_price": 4,
            "taker_side": "no"
        },
        {
            "trade_id": "77c7d36f-0afd-4daf-a8d3-e269a4a73bd1",
            "ticker": "KXHIGHAUS-25APR12-B88.5",
            "count": 114,
            "created_time": "2025-04-12T22:09:44.830924Z",
            "yes_price": 97,
            "no_price": 3,
            "taker_side": "no"
        },
        {
            "trade_id": "46754261-d9b3-4ad7-b79c-b414aeea691e",
            "ticker": "KXHIGHAUS-25APR12-B88.5",
            "count": 4,
            "created_time": "2025-04-12T22:09:44.830924Z",
            "yes_price": 95,
            "no_price": 5,
            "taker_side": "no"
        },
        {
            "trade_id": "83266bd4-9bf3-474e-9ecd-d8bd7b7aaa95",
            "ticker": "KXHIGHAUS-25APR12-B88.5",
            "count": 100,
            "created_time": "2025-04-12T22:00:52.961901Z",
            "yes_price": 97,
            "no_price": 3,
            "taker_side": "yes"
        },
        {
            "trade_id": "692b91c5-ffea-4ce4-9b60-6dc5f961aa4e",
            "ticker": "KXHIGHAUS-25APR12-B88.5",
            "count": 100,
            "created_time": "2025-04-12T22:00:52.961901Z",
            "yes_price": 98,
            "no_price": 2,
            "taker_side": "yes"
        },
        {
            "trade_id": "f8e4c3e3-9c26-4eb0-a356-19b0b068b2d1",
            "ticker": "KXHIGHAUS-25APR12-B88.5",
            "count": 10,
            "created_time": "2025-04-12T21:57:57.734448Z",
            "yes_price": 91,
            "no_price": 9,
            "taker_side": "no"
        },
        {
            "trade_id": "44e27735-d8a3-45ed-b43e-73c394b3ae04",
            "ticker": "KXHIGHAUS-25APR12-B88.5",
            "count": 95,
            "created_time": "2025-04-12T21:57:45.524905Z",
            "yes_price": 91,
            "no_price": 9,
            "taker_side": "no"
        },
        {
            "trade_id": "74eec1cb-78c4-4b5c-92fb-49d8a27b9522",
            "ticker": "KXHIGHAUS-25APR12-B88.5",
            "count": 10,
            "created_time": "2025-04-12T21:57:30.637279Z",
            "yes_price": 91,
            "no_price": 9,
            "taker_side": "no"
        },
        {
            "trade_id": "9b847816-f5d5-4aba-9814-283242227a04",
            "ticker": "KXHIGHAUS-25APR12-B88.5",
            "count": 5,
            "created_time": "2025-04-12T21:56:34.88888Z",
            "yes_price": 96,
            "no_price": 4,
            "taker_side": "no"
        },
        {
            "trade_id": "9317ef02-d5d3-449f-8d40-0114b8aba296",
            "ticker": "KXHIGHAUS-25APR12-B88.5",
            "count": 12,
            "created_time": "2025-04-12T21:56:34.042985Z",
            "yes_price": 95,
            "no_price": 5,
            "taker_side": "no"
        },
        {
            "trade_id": "ddd05591-5e77-43e4-a772-c522eaabb3f3",
            "ticker": "KXHIGHAUS-25APR12-B88.5",
            "count": 25,
            "created_time": "2025-04-12T21:56:33.984801Z",
            "yes_price": 95,
            "no_price": 5,
            "taker_side": "yes"
        },
        {
            "trade_id": "d489c370-20d1-483d-95d6-7762058ed6bb",
            "ticker": "KXHIGHAUS-25APR12-B88.5",
            "count": 10,
            "created_time": "2025-04-12T21:56:33.984801Z",
            "yes_price": 95,
            "no_price": 5,
            "taker_side": "yes"
        },
        {
            "trade_id": "774bb28b-19eb-4ea8-b7de-bca27030dfd1",
            "ticker": "KXHIGHAUS-25APR12-B88.5",
            "count": 25,
            "created_time": "2025-04-12T21:56:33.984801Z",
            "yes_price": 95,
            "no_price": 5,
            "taker_side": "yes"
        },
        {
            "trade_id": "cb3ead20-41e8-4481-ad32-7db1aa639310",
            "ticker": "KXHIGHAUS-25APR12-B88.5",
            "count": 280,
            "created_time": "2025-04-12T21:55:45.077259Z",
            "yes_price": 93,
            "no_price": 7,
            "taker_side": "yes"
        },
        {
            "trade_id": "c1e22852-76e6-429b-8026-b917a8e07c35",
            "ticker": "KXHIGHAUS-25APR12-B88.5",
            "count": 50,
            "created_time": "2025-04-12T21:55:45.077259Z",
            "yes_price": 92,
            "no_price": 8,
            "taker_side": "yes"
        },
        {
            "trade_id": "af72e0a9-1edc-43bc-80dd-5a688ac73d9c",
            "ticker": "KXHIGHAUS-25APR12-B88.5",
            "count": 5,
            "created_time": "2025-04-12T21:55:45.077259Z",
            "yes_price": 93,
            "no_price": 7,
            "taker_side": "yes"
        },
        {
            "trade_id": "8d365ab7-c34b-4984-93c6-57c8f03d57f4",
            "ticker": "KXHIGHAUS-25APR12-B88.5",
            "count": 3,
            "created_time": "2025-04-12T21:55:45.077259Z",
            "yes_price": 92,
            "no_price": 8,
            "taker_side": "yes"
        },
        {
            "trade_id": "9bd38205-8f5a-4fe3-ba8d-4d0340f75ae5",
            "ticker": "KXHIGHAUS-25APR12-B88.5",
            "count": 33,
            "created_time": "2025-04-12T21:48:58.226154Z",
            "yes_price": 90,
            "no_price": 10,
            "taker_side": "yes"
        },
        {
            "trade_id": "b3e37ed6-97ed-4bb5-a97c-2d898d736204",
            "ticker": "KXHIGHAUS-25APR12-B88.5",
            "count": 25,
            "created_time": "2025-04-12T21:48:39.876903Z",
            "yes_price": 91,
            "no_price": 9,
            "taker_side": "no"
        },
        {
            "trade_id": "7e2da0a3-6961-4e50-946a-f6b8e2dbb3a1",
            "ticker": "KXHIGHAUS-25APR12-B88.5",
            "count": 50,
            "created_time": "2025-04-12T21:48:39.876903Z",
            "yes_price": 91,
            "no_price": 9,
            "taker_side": "no"
        },
        {
            "trade_id": "101e885f-ef86-4597-8687-7a410c876246",
            "ticker": "KXHIGHAUS-25APR12-B88.5",
            "count": 15,
            "created_time": "2025-04-12T21:48:39.876903Z",
            "yes_price": 91,
            "no_price": 9,
            "taker_side": "no"
        },
        {
            "trade_id": "edb1340e-40b4-413a-9558-fe2525329da9",
            "ticker": "KXHIGHAUS-25APR12-B88.5",
            "count": 19,
            "created_time": "2025-04-12T21:26:08.242462Z",
            "yes_price": 77,
            "no_price": 23,
            "taker_side": "yes"
        },
        {
            "trade_id": "c8b7864e-0d49-4bb6-8809-b62691796371",
            "ticker": "KXHIGHAUS-25APR12-B88.5",
            "count": 3,
            "created_time": "2025-04-12T21:26:08.242462Z",
            "yes_price": 77,
            "no_price": 23,
            "taker_side": "yes"
        },
        {
            "trade_id": "7f811482-3634-47fb-aa7d-8aeddfc2e503",
            "ticker": "KXHIGHAUS-25APR12-B88.5",
            "count": 5,
            "created_time": "2025-04-12T21:26:08.242462Z",
            "yes_price": 77,
            "no_price": 23,
            "taker_side": "yes"
        },
        {
            "trade_id": "0233460a-25fc-482c-8455-120862d5ec26",
            "ticker": "KXHIGHAUS-25APR12-B88.5",
            "count": 25,
            "created_time": "2025-04-12T21:26:08.242462Z",
            "yes_price": 77,
            "no_price": 23,
            "taker_side": "yes"
        },
        {
            "trade_id": "d853d45a-e6e8-4d35-8627-3a3f9b25fcec",
            "ticker": "KXHIGHAUS-25APR12-B88.5",
            "count": 12,
            "created_time": "2025-04-12T21:25:56.488797Z",
            "yes_price": 77,
            "no_price": 23,
            "taker_side": "yes"
        },
        {
            "trade_id": "afcd5922-fec4-437f-9c07-49b4fd2f1828",
            "ticker": "KXHIGHAUS-25APR12-B88.5",
            "count": 344,
            "created_time": "2025-04-12T21:25:28.995093Z",
            "yes_price": 51,
            "no_price": 49,
            "taker_side": "no"
        },
        {
            "trade_id": "373e6003-beee-455b-9499-5131cd43c394",
            "ticker": "KXHIGHAUS-25APR12-B88.5",
            "count": 19,
            "created_time": "2025-04-12T21:25:28.995093Z",
            "yes_price": 52,
            "no_price": 48,
            "taker_side": "no"
        },
        {
            "trade_id": "1ea147d5-6641-4f79-89d4-e904d484bb09",
            "ticker": "KXHIGHAUS-25APR12-B88.5",
            "count": 50,
            "created_time": "2025-04-12T21:25:28.995093Z",
            "yes_price": 70,
            "no_price": 30,
            "taker_side": "no"
        },
        {
            "trade_id": "a7a6ba90-c373-4fd9-a0df-aa16ae49ad2c",
            "ticker": "KXHIGHAUS-25APR12-B88.5",
            "count": 83,
            "created_time": "2025-04-12T21:24:01.725985Z",
            "yes_price": 75,
            "no_price": 25,
            "taker_side": "no"
        },
        {
            "trade_id": "9eb063b2-af52-476c-9170-170a17fa175f",
            "ticker": "KXHIGHAUS-25APR12-B88.5",
            "count": 5,
            "created_time": "2025-04-12T21:21:56.979641Z",
            "yes_price": 76,
            "no_price": 24,
            "taker_side": "no"
        },
        {
            "trade_id": "56131ea2-c9e9-455d-a4fb-1a90cd698b16",
            "ticker": "KXHIGHAUS-25APR12-B88.5",
            "count": 14,
            "created_time": "2025-04-12T21:21:56.979641Z",
            "yes_price": 75,
            "no_price": 25,
            "taker_side": "no"
        },
        {
            "trade_id": "680d94b9-fd9d-4d1d-92a3-bc3a6414039c",
            "ticker": "KXHIGHAUS-25APR12-B88.5",
            "count": 10,
            "created_time": "2025-04-12T21:20:01.573688Z",
            "yes_price": 76,
            "no_price": 24,
            "taker_side": "no"
        },
        {
            "trade_id": "2e7a771f-990f-4fc4-af13-aadf23500aba",
            "ticker": "KXHIGHAUS-25APR12-B88.5",
            "count": 15,
            "created_time": "2025-04-12T21:20:01.573688Z",
            "yes_price": 76,
            "no_price": 24,
            "taker_side": "no"
        },
        {
            "trade_id": "c8d84332-c833-4fd6-8e53-7fe11224ee6a",
            "ticker": "KXHIGHAUS-25APR12-B88.5",
            "count": 37,
            "created_time": "2025-04-12T21:19:39.140423Z",
            "yes_price": 84,
            "no_price": 16,
            "taker_side": "yes"
        },
        {
            "trade_id": "1531c7f0-1577-4d56-8d7c-31eb752b2e13",
            "ticker": "KXHIGHAUS-25APR12-B88.5",
            "count": 50,
            "created_time": "2025-04-12T21:19:39.140423Z",
            "yes_price": 85,
            "no_price": 15,
            "taker_side": "yes"
        },
        {
            "trade_id": "5f452a70-e141-4aa1-ae2f-bd8180fb3e35",
            "ticker": "KXHIGHAUS-25APR12-B88.5",
            "count": 41,
            "created_time": "2025-04-12T21:19:09.945581Z",
            "yes_price": 83,
            "no_price": 17,
            "taker_side": "yes"
        },
        {
            "trade_id": "0d78c3ba-4cc6-4b82-abef-329401b0be26",
            "ticker": "KXHIGHAUS-25APR12-B88.5",
            "count": 50,
            "created_time": "2025-04-12T21:18:50.19155Z",
            "yes_price": 83,
            "no_price": 17,
            "taker_side": "yes"
        },
        {
            "trade_id": "bb979cc7-fa5a-468a-9280-8ec3d23c917a",
            "ticker": "KXHIGHAUS-25APR12-B88.5",
            "count": 3,
            "created_time": "2025-04-12T21:18:34.937982Z",
            "yes_price": 83,
            "no_price": 17,
            "taker_side": "yes"
        },
        {
            "trade_id": "a29e3ab6-43f2-4340-bb97-4a23d65f3dd2",
            "ticker": "KXHIGHAUS-25APR12-B88.5",
            "count": 79,
            "created_time": "2025-04-12T21:18:34.937982Z",
            "yes_price": 80,
            "no_price": 20,
            "taker_side": "yes"
        },
        {
            "trade_id": "44d43fa7-6db4-49ea-a4c2-513a16fb60ae",
            "ticker": "KXHIGHAUS-25APR12-B88.5",
            "count": 40,
            "created_time": "2025-04-12T21:18:34.937982Z",
            "yes_price": 81,
            "no_price": 19,
            "taker_side": "yes"
        },
        {
            "trade_id": "abb83b13-eeac-4b2f-b559-cc269705a8d0",
            "ticker": "KXHIGHAUS-25APR12-B88.5",
            "count": 40,
            "created_time": "2025-04-12T21:16:26.259474Z",
            "yes_price": 78,
            "no_price": 22,
            "taker_side": "yes"
        },
        {
            "trade_id": "761e49af-9792-4b98-a1f9-12a3b657415e",
            "ticker": "KXHIGHAUS-25APR12-B88.5",
            "count": 5,
            "created_time": "2025-04-12T21:16:26.259474Z",
            "yes_price": 77,
            "no_price": 23,
            "taker_side": "yes"
        },
        {
            "trade_id": "745fc0e8-eaf0-4d6a-bb17-3a8c24814929",
            "ticker": "KXHIGHAUS-25APR12-B88.5",
            "count": 66,
            "created_time": "2025-04-12T21:16:26.259474Z",
            "yes_price": 83,
            "no_price": 17,
            "taker_side": "yes"
        },
        {
            "trade_id": "5b4efe54-433c-46e1-98aa-9279716c7617",
            "ticker": "KXHIGHAUS-25APR12-B88.5",
            "count": 10,
            "created_time": "2025-04-12T21:16:26.259474Z",
            "yes_price": 82,
            "no_price": 18,
            "taker_side": "yes"
        },
        {
            "trade_id": "a3fdf297-2b7b-4b7c-84c0-3a1ec5163f50",
            "ticker": "KXHIGHAUS-25APR12-B88.5",
            "count": 227,
            "created_time": "2025-04-12T21:15:29.358735Z",
            "yes_price": 77,
            "no_price": 23,
            "taker_side": "yes"
        },
        {
            "trade_id": "8044b75c-e3b3-49ea-bb6b-fd9625cadc07",
            "ticker": "KXHIGHAUS-25APR12-B88.5",
            "count": 25,
            "created_time": "2025-04-12T21:15:17.254929Z",
            "yes_price": 76,
            "no_price": 24,
            "taker_side": "no"
        },
        {
            "trade_id": "f70c415b-b930-4240-96f6-5b91d795c894",
            "ticker": "KXHIGHAUS-25APR12-B88.5",
            "count": 48,
            "created_time": "2025-04-12T21:15:17.100376Z",
            "yes_price": 75,
            "no_price": 25,
            "taker_side": "no"
        },
        {
            "trade_id": "fe9e3d12-c22a-4efd-a54b-19a26138174d",
            "ticker": "KXHIGHAUS-25APR12-B88.5",
            "count": 15,
            "created_time": "2025-04-12T21:13:49.839421Z",
            "yes_price": 78,
            "no_price": 22,
            "taker_side": "yes"
        },
        {
            "trade_id": "f8b7dff6-4520-40e0-88b8-2dd331a2460a",
            "ticker": "KXHIGHAUS-25APR12-B88.5",
            "count": 71,
            "created_time": "2025-04-12T21:13:49.839421Z",
            "yes_price": 83,
            "no_price": 17,
            "taker_side": "yes"
        },
        {
            "trade_id": "8adfc5cd-040d-4414-8566-77cdcd2457ad",
            "ticker": "KXHIGHAUS-25APR12-B88.5",
            "count": 36,
            "created_time": "2025-04-12T21:13:49.839421Z",
            "yes_price": 77,
            "no_price": 23,
            "taker_side": "yes"
        },
        {
            "trade_id": "f7e4ed41-d84d-4ccd-af83-96aa60dccb56",
            "ticker": "KXHIGHAUS-25APR12-B88.5",
            "count": 15,
            "created_time": "2025-04-12T21:12:44.834906Z",
            "yes_price": 61,
            "no_price": 39,
            "taker_side": "no"
        },
        {
            "trade_id": "56eb8635-f1d8-46a3-b07a-3b993a7c12e2",
            "ticker": "KXHIGHAUS-25APR12-B88.5",
            "count": 5,
            "created_time": "2025-04-12T21:12:44.834906Z",
            "yes_price": 61,
            "no_price": 39,
            "taker_side": "no"
        },
        {
            "trade_id": "d5cc29ca-ef83-4c36-b1cc-ae3e82edff80",
            "ticker": "KXHIGHAUS-25APR12-B88.5",
            "count": 5,
            "created_time": "2025-04-12T21:12:32.817513Z",
            "yes_price": 81,
            "no_price": 19,
            "taker_side": "yes"
        },
        {
            "trade_id": "43136093-f2f0-4ea6-acba-5063187939de",
            "ticker": "KXHIGHAUS-25APR12-B88.5",
            "count": 10,
            "created_time": "2025-04-12T21:09:04.757736Z",
            "yes_price": 83,
            "no_price": 17,
            "taker_side": "yes"
        },
        {
            "trade_id": "d4da2bf4-5d78-4f3b-8265-45f33ac01a08",
            "ticker": "KXHIGHAUS-25APR12-B88.5",
            "count": 5,
            "created_time": "2025-04-12T21:09:03.880174Z",
            "yes_price": 82,
            "no_price": 18,
            "taker_side": "yes"
        },
        {
            "trade_id": "7c6c70de-9eb0-4085-9844-22d3bcf5d15e",
            "ticker": "KXHIGHAUS-25APR12-B88.5",
            "count": 5,
            "created_time": "2025-04-12T21:09:03.880174Z",
            "yes_price": 82,
            "no_price": 18,
            "taker_side": "yes"
        },
        {
            "trade_id": "7a534dac-bdab-484c-b883-f162c9565199",
            "ticker": "KXHIGHAUS-25APR12-B88.5",
            "count": 10,
            "created_time": "2025-04-12T21:09:03.880174Z",
            "yes_price": 80,
            "no_price": 20,
            "taker_side": "yes"
        },
        {
            "trade_id": "725beb3b-a99e-4812-9a57-1e15f8319b05",
            "ticker": "KXHIGHAUS-25APR12-B88.5",
            "count": 59,
            "created_time": "2025-04-12T21:09:03.880174Z",
            "yes_price": 83,
            "no_price": 17,
            "taker_side": "yes"
        },
        {
            "trade_id": "68d0daea-6eff-4048-b968-c0193b930c3f",
            "ticker": "KXHIGHAUS-25APR12-B88.5",
            "count": 40,
            "created_time": "2025-04-12T21:09:03.880174Z",
            "yes_price": 79,
            "no_price": 21,
            "taker_side": "yes"
        },
        {
            "trade_id": "ef82009f-c826-4763-9c9b-c92834055df3",
            "ticker": "KXHIGHAUS-25APR12-B88.5",
            "count": 15,
            "created_time": "2025-04-12T21:08:47.51623Z",
            "yes_price": 66,
            "no_price": 34,
            "taker_side": "no"
        },
        {
            "trade_id": "277f4d8c-ab55-41a3-ba3c-a6afacf0271f",
            "ticker": "KXHIGHAUS-25APR12-B88.5",
            "count": 40,
            "created_time": "2025-04-12T21:08:47.51623Z",
            "yes_price": 66,
            "no_price": 34,
            "taker_side": "no"
        },
        {
            "trade_id": "f544622c-495b-41b0-8aeb-6434f93e52b2",
            "ticker": "KXHIGHAUS-25APR12-B88.5",
            "count": 5,
            "created_time": "2025-04-12T21:08:25.239975Z",
            "yes_price": 83,
            "no_price": 17,
            "taker_side": "yes"
        },
        {
            "trade_id": "c3727259-8138-4422-9232-0a42c88167f5",
            "ticker": "KXHIGHAUS-25APR12-B88.5",
            "count": 12,
            "created_time": "2025-04-12T21:08:25.239975Z",
            "yes_price": 75,
            "no_price": 25,
            "taker_side": "yes"
        },
        {
            "trade_id": "8c6d4a54-5372-4c3f-b7c7-aca8d96cea54",
            "ticker": "KXHIGHAUS-25APR12-B88.5",
            "count": 10,
            "created_time": "2025-04-12T21:08:25.239975Z",
            "yes_price": 84,
            "no_price": 16,
            "taker_side": "yes"
        },
        {
            "trade_id": "80cacc1c-523a-4efd-b355-a8a7cd7b4f36",
            "ticker": "KXHIGHAUS-25APR12-B88.5",
            "count": 5,
            "created_time": "2025-04-12T21:08:25.239975Z",
            "yes_price": 84,
            "no_price": 16,
            "taker_side": "yes"
        },
        {
            "trade_id": "7e32e780-6b0e-43de-b6bb-ce162a9848a0",
            "ticker": "KXHIGHAUS-25APR12-B88.5",
            "count": 25,
            "created_time": "2025-04-12T21:08:25.239975Z",
            "yes_price": 84,
            "no_price": 16,
            "taker_side": "yes"
        },
        {
            "trade_id": "6befa254-7d25-4465-822b-8dc20ce67b7a",
            "ticker": "KXHIGHAUS-25APR12-B88.5",
            "count": 253,
            "created_time": "2025-04-12T21:08:25.239975Z",
            "yes_price": 85,
            "no_price": 15,
            "taker_side": "yes"
        },
        {
            "trade_id": "676b676c-892a-466e-91f5-cf4ebf35dd00",
            "ticker": "KXHIGHAUS-25APR12-B88.5",
            "count": 20,
            "created_time": "2025-04-12T21:08:25.239975Z",
            "yes_price": 84,
            "no_price": 16,
            "taker_side": "yes"
        },
        {
            "trade_id": "f90103b1-7e9a-4507-82ed-f9c2091d5d98",
            "ticker": "KXHIGHAUS-25APR12-B88.5",
            "count": 15,
            "created_time": "2025-04-12T21:07:27.175001Z",
            "yes_price": 63,
            "no_price": 37,
            "taker_side": "no"
        },
        {
            "trade_id": "e2c371c8-19ae-471f-a9c3-eb8aaff54c0d",
            "ticker": "KXHIGHAUS-25APR12-B88.5",
            "count": 701,
            "created_time": "2025-04-12T21:07:27.175001Z",
            "yes_price": 60,
            "no_price": 40,
            "taker_side": "no"
        },
        {
            "trade_id": "d5303db3-fdc0-467c-af81-c4e7aab01eb9",
            "ticker": "KXHIGHAUS-25APR12-B88.5",
            "count": 40,
            "created_time": "2025-04-12T21:07:27.175001Z",
            "yes_price": 64,
            "no_price": 36,
            "taker_side": "no"
        },
        {
            "trade_id": "a614f1c8-b563-426c-af46-8a800750cfdf",
            "ticker": "KXHIGHAUS-25APR12-B88.5",
            "count": 25,
            "created_time": "2025-04-12T21:07:27.175001Z",
            "yes_price": 61,
            "no_price": 39,
            "taker_side": "no"
        },
        {
            "trade_id": "2a1457f3-cf91-4d98-9571-dca3fba1fb09",
            "ticker": "KXHIGHAUS-25APR12-B88.5",
            "count": 19,
            "created_time": "2025-04-12T21:07:27.175001Z",
            "yes_price": 61,
            "no_price": 39,
            "taker_side": "no"
        },
        {
            "trade_id": "2ee1b430-c838-4fef-8870-64dab7c19a78",
            "ticker": "KXHIGHAUS-25APR12-B88.5",
            "count": 13,
            "created_time": "2025-04-12T21:06:54.510292Z",
            "yes_price": 75,
            "no_price": 25,
            "taker_side": "yes"
        },
        {
            "trade_id": "a7c4e183-78d7-4622-bb15-6cc56cc63a91",
            "ticker": "KXHIGHAUS-25APR12-B88.5",
            "count": 1,
            "created_time": "2025-04-12T21:04:45.992218Z",
            "yes_price": 42,
            "no_price": 58,
            "taker_side": "no"
        },
        {
            "trade_id": "ae22d656-9e71-4c5b-88aa-61fa49e2019a",
            "ticker": "KXHIGHAUS-25APR12-B88.5",
            "count": 25,
            "created_time": "2025-04-12T21:03:03.06595Z",
            "yes_price": 72,
            "no_price": 28,
            "taker_side": "yes"
        },
        {
            "trade_id": "624e26e1-c5e2-4557-a8d5-5c77fa4154b6",
            "ticker": "KXHIGHAUS-25APR12-B88.5",
            "count": 19,
            "created_time": "2025-04-12T21:03:03.06595Z",
            "yes_price": 72,
            "no_price": 28,
            "taker_side": "yes"
        },
        {
            "trade_id": "195a2bfc-721e-45c0-95e8-555c1b82faa2",
            "ticker": "KXHIGHAUS-25APR12-B88.5",
            "count": 175,
            "created_time": "2025-04-12T21:03:03.06595Z",
            "yes_price": 73,
            "no_price": 27,
            "taker_side": "yes"
        },
        {
            "trade_id": "1703241d-3340-4360-9996-da91766a3f78",
            "ticker": "KXHIGHAUS-25APR12-B88.5",
            "count": 15,
            "created_time": "2025-04-12T21:03:03.06595Z",
            "yes_price": 68,
            "no_price": 32,
            "taker_side": "yes"
        },
        {
            "trade_id": "4f09cae5-16f6-49f2-b02c-c81faab72f70",
            "ticker": "KXHIGHAUS-25APR12-B88.5",
            "count": 9,
            "created_time": "2025-04-12T21:02:38.113792Z",
            "yes_price": 71,
            "no_price": 29,
            "taker_side": "yes"
        },
        {
            "trade_id": "2ee5b84b-4d58-40be-8a0e-6be97223950c",
            "ticker": "KXHIGHAUS-25APR12-B88.5",
            "count": 197,
            "created_time": "2025-04-12T20:59:08.104473Z",
            "yes_price": 51,
            "no_price": 49,
            "taker_side": "no"
        },
        {
            "trade_id": "36d87ae5-ccdb-45fc-b9ac-cba0bf13e66a",
            "ticker": "KXHIGHAUS-25APR12-B88.5",
            "count": 20,
            "created_time": "2025-04-12T20:57:46.69875Z",
            "yes_price": 51,
            "no_price": 49,
            "taker_side": "no"
        },
        {
            "trade_id": "f80cf70d-3bbb-4437-9107-21228e8cd607",
            "ticker": "KXHIGHAUS-25APR12-B88.5",
            "count": 1,
            "created_time": "2025-04-12T20:55:44.528827Z",
            "yes_price": 58,
            "no_price": 42,
            "taker_side": "yes"
        },
        {
            "trade_id": "b465b9bf-c9d9-4624-b093-08cf27cc1671",
            "ticker": "KXHIGHAUS-25APR12-B88.5",
            "count": 14,
            "created_time": "2025-04-12T20:55:44.528827Z",
            "yes_price": 58,
            "no_price": 42,
            "taker_side": "yes"
        },
        {
            "trade_id": "a8b3f799-5c6c-4c15-bf13-7cec3c810af7",
            "ticker": "KXHIGHAUS-25APR12-B88.5",
            "count": 50,
            "created_time": "2025-04-12T20:55:44.528827Z",
            "yes_price": 59,
            "no_price": 41,
            "taker_side": "yes"
        },
        {
            "trade_id": "76e8f9f4-50a0-4610-a348-301f976a2c98",
            "ticker": "KXHIGHAUS-25APR12-B88.5",
            "count": 18,
            "created_time": "2025-04-12T20:55:44.528827Z",
            "yes_price": 57,
            "no_price": 43,
            "taker_side": "yes"
        },
        {
            "trade_id": "5c2fb531-16bd-43ba-b539-f705e44ee71c",
            "ticker": "KXHIGHAUS-25APR12-B88.5",
            "count": 14,
            "created_time": "2025-04-12T20:51:00.928369Z",
            "yes_price": 51,
            "no_price": 49,
            "taker_side": "yes"
        },
        {
            "trade_id": "a5f9c7e1-6809-45f3-950b-9ac84d957355",
            "ticker": "KXHIGHAUS-25APR12-B88.5",
            "count": 1,
            "created_time": "2025-04-12T20:45:41.972439Z",
            "yes_price": 36,
            "no_price": 64,
            "taker_side": "no"
        },
        {
            "trade_id": "71e7b8f1-f065-4198-a970-3e14acbabc8e",
            "ticker": "KXHIGHAUS-25APR12-B88.5",
            "count": 15,
            "created_time": "2025-04-12T20:39:19.716825Z",
            "yes_price": 52,
            "no_price": 48,
            "taker_side": "no"
        },
        {
            "trade_id": "a0d17a92-88c8-447d-8d54-39cf65ad0b45",
            "ticker": "KXHIGHAUS-25APR12-B88.5",
            "count": 40,
            "created_time": "2025-04-12T20:39:18.478834Z",
            "yes_price": 51,
            "no_price": 49,
            "taker_side": "no"
        },
        {
            "trade_id": "806cea19-f0c6-4e0e-8d26-699e167a0f45",
            "ticker": "KXHIGHAUS-25APR12-B88.5",
            "count": 14,
            "created_time": "2025-04-12T20:39:18.043746Z",
            "yes_price": 51,
            "no_price": 49,
            "taker_side": "yes"
        },
        {
            "trade_id": "0fec3a1d-090a-4dba-9131-92517032a5f5",
            "ticker": "KXHIGHAUS-25APR12-B88.5",
            "count": 31,
            "created_time": "2025-04-12T20:39:18.043746Z",
            "yes_price": 51,
            "no_price": 49,
            "taker_side": "yes"
        },
        {
            "trade_id": "7bb893ca-b847-4286-a844-6bd54727e63a",
            "ticker": "KXHIGHAUS-25APR12-B88.5",
            "count": 9,
            "created_time": "2025-04-12T20:38:17.681792Z",
            "yes_price": 51,
            "no_price": 49,
            "taker_side": "yes"
        },
        {
            "trade_id": "9fa6b6a8-a3ee-4f91-bf5e-b1bd8620674c",
            "ticker": "KXHIGHAUS-25APR12-B88.5",
            "count": 14,
            "created_time": "2025-04-12T20:36:17.216653Z",
            "yes_price": 51,
            "no_price": 49,
            "taker_side": "no"
        },
        {
            "trade_id": "f1bbcefc-5b22-4bbc-9800-9a5cdd06599d",
            "ticker": "KXHIGHAUS-25APR12-B88.5",
            "count": 15,
            "created_time": "2025-04-12T20:36:15.703714Z",
            "yes_price": 51,
            "no_price": 49,
            "taker_side": "no"
        },
        {
            "trade_id": "9a0c1b27-3c57-427a-b89a-113cd2672026",
            "ticker": "KXHIGHAUS-25APR12-B88.5",
            "count": 17,
            "created_time": "2025-04-12T20:36:12.649485Z",
            "yes_price": 50,
            "no_price": 50,
            "taker_side": "no"
        },
        {
            "trade_id": "2a2ca8fe-cba1-49cd-90d1-34dfcfd3fe2b",
            "ticker": "KXHIGHAUS-25APR12-B88.5",
            "count": 23,
            "created_time": "2025-04-12T20:36:11.803955Z",
            "yes_price": 50,
            "no_price": 50,
            "taker_side": "no"
        },
        {
            "trade_id": "ce614598-bf64-4b72-9e5a-a2bbe012ea45",
            "ticker": "KXHIGHAUS-25APR12-B88.5",
            "count": 3,
            "created_time": "2025-04-12T20:29:51.727429Z",
            "yes_price": 51,
            "no_price": 49,
            "taker_side": "yes"
        },
        {
            "trade_id": "9a8e3c57-47f8-4d3b-8df8-86d8c68389fe",
            "ticker": "KXHIGHAUS-25APR12-B88.5",
            "count": 25,
            "created_time": "2025-04-12T20:29:51.727429Z",
            "yes_price": 55,
            "no_price": 45,
            "taker_side": "yes"
        },
        {
            "trade_id": "7a6c2e06-a963-4cad-9216-3f73e011c63b",
            "ticker": "KXHIGHAUS-25APR12-B88.5",
            "count": 10,
            "created_time": "2025-04-12T20:29:51.727429Z",
            "yes_price": 54,
            "no_price": 46,
            "taker_side": "yes"
        },
        {
            "trade_id": "051f8ced-9d87-46a3-8d8c-28186bfb8959",
            "ticker": "KXHIGHAUS-25APR12-B88.5",
            "count": 15,
            "created_time": "2025-04-12T20:29:51.727429Z",
            "yes_price": 54,
            "no_price": 46,
            "taker_side": "yes"
        },
        {
            "trade_id": "7a4f47a5-99b8-4b98-9672-a2453dbf572a",
            "ticker": "KXHIGHAUS-25APR12-B88.5",
            "count": 9,
            "created_time": "2025-04-12T20:29:25.297123Z",
            "yes_price": 37,
            "no_price": 63,
            "taker_side": "no"
        },
        {
            "trade_id": "8ef797f4-8bf8-4fe7-b9b2-a2c0c9b9ac7d",
            "ticker": "KXHIGHAUS-25APR12-B88.5",
            "count": 3,
            "created_time": "2025-04-12T20:26:33.472681Z",
            "yes_price": 51,
            "no_price": 49,
            "taker_side": "yes"
        },
        {
            "trade_id": "cc118b9f-209f-47db-98fe-effdd3cf8cca",
            "ticker": "KXHIGHAUS-25APR12-B88.5",
            "count": 94,
            "created_time": "2025-04-12T20:25:11.470225Z",
            "yes_price": 51,
            "no_price": 49,
            "taker_side": "yes"
        },
        {
            "trade_id": "c95449c4-04e2-4ecd-a98f-cc0196a96ad1",
            "ticker": "KXHIGHAUS-25APR12-B88.5",
            "count": 5,
            "created_time": "2025-04-12T20:25:11.470225Z",
            "yes_price": 50,
            "no_price": 50,
            "taker_side": "yes"
        },
        {
            "trade_id": "d83ab332-e512-409d-a1e4-e6c3fa15a980",
            "ticker": "KXHIGHAUS-25APR12-B88.5",
            "count": 25,
            "created_time": "2025-04-12T20:23:32.120502Z",
            "yes_price": 48,
            "no_price": 52,
            "taker_side": "no"
        },
        {
            "trade_id": "3c425d5d-1105-44b0-b224-b46c469ca595",
            "ticker": "KXHIGHAUS-25APR12-B88.5",
            "count": 4,
            "created_time": "2025-04-12T20:23:31.27749Z",
            "yes_price": 47,
            "no_price": 53,
            "taker_side": "no"
        },
        {
            "trade_id": "781b6a8a-3d8b-4bb6-945d-a08251c4cce4",
            "ticker": "KXHIGHAUS-25APR12-B88.5",
            "count": 40,
            "created_time": "2025-04-12T20:12:32.994318Z",
            "yes_price": 39,
            "no_price": 61,
            "taker_side": "yes"
        },
        {
            "trade_id": "de14af90-61c9-47bf-8bfe-fa1e3cb161ef",
            "ticker": "KXHIGHAUS-25APR12-B88.5",
            "count": 5,
            "created_time": "2025-04-12T20:11:21.462518Z",
            "yes_price": 50,
            "no_price": 50,
            "taker_side": "yes"
        },
        {
            "trade_id": "d9a2d3a6-2178-4990-a56f-e52e6d3dbc8c",
            "ticker": "KXHIGHAUS-25APR12-B88.5",
            "count": 4,
            "created_time": "2025-04-12T20:11:21.462518Z",
            "yes_price": 51,
            "no_price": 49,
            "taker_side": "yes"
        },
        {
            "trade_id": "d498510a-7c08-485b-ab80-8bfdce922e09",
            "ticker": "KXHIGHAUS-25APR12-B88.5",
            "count": 10,
            "created_time": "2025-04-12T20:11:21.462518Z",
            "yes_price": 50,
            "no_price": 50,
            "taker_side": "yes"
        },
        {
            "trade_id": "8a3108b0-fc79-4f88-a06c-631283a97a3d",
            "ticker": "KXHIGHAUS-25APR12-B88.5",
            "count": 11,
            "created_time": "2025-04-12T20:08:52.565028Z",
            "yes_price": 34,
            "no_price": 66,
            "taker_side": "no"
        },
        {
            "trade_id": "356411a5-b8c0-4317-af46-5d6b2f2a0a3b",
            "ticker": "KXHIGHAUS-25APR12-B88.5",
            "count": 40,
            "created_time": "2025-04-12T20:07:10.451334Z",
            "yes_price": 51,
            "no_price": 49,
            "taker_side": "no"
        },
        {
            "trade_id": "013f8710-96e8-4be5-ab1b-6eb30a1b437b",
            "ticker": "KXHIGHAUS-25APR12-B88.5",
            "count": 5,
            "created_time": "2025-04-12T20:07:10.451334Z",
            "yes_price": 51,
            "no_price": 49,
            "taker_side": "no"
        },
        {
            "trade_id": "d1187ebf-abd8-484d-9c4d-baba0fd9ea4e",
            "ticker": "KXHIGHAUS-25APR12-B88.5",
            "count": 5,
            "created_time": "2025-04-12T20:06:54.152195Z",
            "yes_price": 51,
            "no_price": 49,
            "taker_side": "no"
        },
        {
            "trade_id": "6110a730-d0cf-4a6a-bbee-2d0d8ea29c28",
            "ticker": "KXHIGHAUS-25APR12-B88.5",
            "count": 10,
            "created_time": "2025-04-12T20:04:23.509265Z",
            "yes_price": 48,
            "no_price": 52,
            "taker_side": "no"
        },
        {
            "trade_id": "ca510ab9-317b-406a-83b3-a683ce8e0e11",
            "ticker": "KXHIGHAUS-25APR12-B88.5",
            "count": 25,
            "created_time": "2025-04-12T20:03:51.557154Z",
            "yes_price": 66,
            "no_price": 34,
            "taker_side": "yes"
        },
        {
            "trade_id": "b0fd9451-57f4-42ae-8daa-88c83812fa11",
            "ticker": "KXHIGHAUS-25APR12-B88.5",
            "count": 5,
            "created_time": "2025-04-12T20:03:51.557154Z",
            "yes_price": 64,
            "no_price": 36,
            "taker_side": "yes"
        },
        {
            "trade_id": "9caa5e9d-9cc5-4882-b182-9eac05a43cf7",
            "ticker": "KXHIGHAUS-25APR12-B88.5",
            "count": 5,
            "created_time": "2025-04-12T20:03:51.557154Z",
            "yes_price": 63,
            "no_price": 37,
            "taker_side": "yes"
        },
        {
            "trade_id": "6de3d9ec-f4c0-4395-b23c-70e8f73fa62b",
            "ticker": "KXHIGHAUS-25APR12-B88.5",
            "count": 28,
            "created_time": "2025-04-12T20:03:51.557154Z",
            "yes_price": 67,
            "no_price": 33,
            "taker_side": "yes"
        },
        {
            "trade_id": "63448950-5603-4a95-94bc-830ba2c6fafa",
            "ticker": "KXHIGHAUS-25APR12-B88.5",
            "count": 10,
            "created_time": "2025-04-12T20:03:51.557154Z",
            "yes_price": 65,
            "no_price": 35,
            "taker_side": "yes"
        },
        {
            "trade_id": "d93f3847-8d53-484a-9a1d-60f9da15811e",
            "ticker": "KXHIGHAUS-25APR12-B88.5",
            "count": 5,
            "created_time": "2025-04-12T20:02:24.134683Z",
            "yes_price": 51,
            "no_price": 49,
            "taker_side": "no"
        },
        {
            "trade_id": "58f02565-08a4-42d7-8ab6-b0a0f6eb32f5",
            "ticker": "KXHIGHAUS-25APR12-B88.5",
            "count": 5,
            "created_time": "2025-04-12T20:02:03.765157Z",
            "yes_price": 52,
            "no_price": 48,
            "taker_side": "no"
        },
        {
            "trade_id": "100d5434-b461-46b5-98ac-b576ca632732",
            "ticker": "KXHIGHAUS-25APR12-B88.5",
            "count": 5,
            "created_time": "2025-04-12T20:01:31.919512Z",
            "yes_price": 53,
            "no_price": 47,
            "taker_side": "no"
        },
        {
            "trade_id": "725287bb-5912-4185-99cc-85e5760da401",
            "ticker": "KXHIGHAUS-25APR12-B88.5",
            "count": 5,
            "created_time": "2025-04-12T20:01:30.812449Z",
            "yes_price": 52,
            "no_price": 48,
            "taker_side": "yes"
        },
        {
            "trade_id": "14abb5e9-5d02-486a-8295-0e0d91980f57",
            "ticker": "KXHIGHAUS-25APR12-B88.5",
            "count": 5,
            "created_time": "2025-04-12T20:01:13.799513Z",
            "yes_price": 53,
            "no_price": 47,
            "taker_side": "no"
        },
        {
            "trade_id": "e5fc0a79-3430-4077-9031-a57e190e0ceb",
            "ticker": "KXHIGHAUS-25APR12-B88.5",
            "count": 42,
            "created_time": "2025-04-12T19:52:42.805611Z",
            "yes_price": 50,
            "no_price": 50,
            "taker_side": "yes"
        },
        {
            "trade_id": "bead8403-2699-4dd9-911f-ca09b920c064",
            "ticker": "KXHIGHAUS-25APR12-B88.5",
            "count": 100,
