{
    "KXHIGHAUS-25FEB28-T68": [
        {
            "trade_id": "7010b41c-a381-4a73-b28c-c7bd98d6f205",
            "ticker": "KXHIGHAUS-25FEB28-T68",
            "count": 1,
            "created_time": "2025-02-28T20:12:27.712419Z",
            "yes_price": 1,
            "no_price": 99,
            "taker_side": "yes"
        },
        {
            "trade_id": "d7fd6a9e-0c79-4ecb-b3c0-ccdad88fd6a1",
            "ticker": "KXHIGHAUS-25FEB28-T68",
            "count": 1,
            "created_time": "2025-02-28T17:42:24.891942Z",
            "yes_price": 1,
            "no_price": 99,
            "taker_side": "yes"
        },
        {
            "trade_id": "cfa4fa53-1b0c-41c1-b20e-fcdd39331e2e",
            "ticker": "KXHIGHAUS-25FEB28-T68",
            "count": 8,
            "created_time": "2025-02-28T14:32:19.697587Z",
            "yes_price": 1,
            "no_price": 99,
            "taker_side": "yes"
        },
        {
            "trade_id": "89d7de14-c518-44fd-a9e8-b799b60efeda",
            "ticker": "KXHIGHAUS-25FEB28-T68",
            "count": 21,
            "created_time": "2025-02-28T14:32:19.697587Z",
            "yes_price": 1,
            "no_price": 99,
            "taker_side": "yes"
        },
        {
            "trade_id": "671fdd27-9ff3-4f69-80e9-7065e5cb8ade",
            "ticker": "KXHIGHAUS-25FEB28-T68",
            "count": 2,
            "created_time": "2025-02-28T14:32:18.705367Z",
            "yes_price": 1,
            "no_price": 99,
            "taker_side": "yes"
        },
        {
            "trade_id": "ef222137-dca9-4713-9b38-baeb235ff804",
            "ticker": "KXHIGHAUS-25FEB28-T68",
            "count": 27,
            "created_time": "2025-02-28T14:27:26.384962Z",
            "yes_price": 1,
            "no_price": 99,
            "taker_side": "yes"
        },
        {
            "trade_id": "070c2ea2-76c0-4967-bc13-13a7f8bde97f",
            "ticker": "KXHIGHAUS-25FEB28-T68",
            "count": 1,
            "created_time": "2025-02-28T13:06:54.87728Z",
            "yes_price": 1,
            "no_price": 99,
            "taker_side": "no"
        },
        {
            "trade_id": "b5185592-8952-4d45-a9d0-0c27daac1aa4",
            "ticker": "KXHIGHAUS-25FEB28-T68",
            "count": 10,
            "created_time": "2025-02-28T13:02:13.739828Z",
            "yes_price": 1,
            "no_price": 99,
            "taker_side": "no"
        },
        {
            "trade_id": "27ca9199-8e01-42a8-81a7-0879368aea88",
            "ticker": "KXHIGHAUS-25FEB28-T68",
            "count": 49,
            "created_time": "2025-02-28T13:02:13.739828Z",
            "yes_price": 1,
            "no_price": 99,
            "taker_side": "no"
        },
        {
            "trade_id": "68ca6835-e6f3-42b5-8334-1edb8897a52c",
            "ticker": "KXHIGHAUS-25FEB28-T68",
            "count": 52,
            "created_time": "2025-02-28T03:54:22.53283Z",
            "yes_price": 1,
            "no_price": 99,
            "taker_side": "no"
        },
        {
            "trade_id": "2d50eb25-653f-4f4c-9ec6-7f4f9fb17348",
            "ticker": "KXHIGHAUS-25FEB28-T68",
            "count": 27,
            "created_time": "2025-02-28T03:51:19.580303Z",
            "yes_price": 1,
            "no_price": 99,
            "taker_side": "no"
        },
        {
            "trade_id": "f2d5f4f3-1ad1-4c6c-aee5-32c928cb4080",
            "ticker": "KXHIGHAUS-25FEB28-T68",
            "count": 10,
            "created_time": "2025-02-28T03:48:26.412669Z",
            "yes_price": 1,
            "no_price": 99,
            "taker_side": "no"
        },
        {
            "trade_id": "4f92548c-8d58-4108-9205-aa1a00b3122f",
            "ticker": "KXHIGHAUS-25FEB28-T68",
            "count": 6,
            "created_time": "2025-02-28T03:21:24.88808Z",
            "yes_price": 1,
            "no_price": 99,
            "taker_side": "no"
        },
        {
            "trade_id": "66e6d161-44ad-449c-a794-a2ac6a615f7f",
            "ticker": "KXHIGHAUS-25FEB28-T68",
            "count": 45,
            "created_time": "2025-02-28T02:43:53.093745Z",
            "yes_price": 1,
            "no_price": 99,
            "taker_side": "no"
        },
        {
            "trade_id": "252910e2-b780-4e1e-953c-b5403d1225db",
            "ticker": "KXHIGHAUS-25FEB28-T68",
            "count": 1,
            "created_time": "2025-02-28T02:34:43.255028Z",
            "yes_price": 5,
            "no_price": 95,
            "taker_side": "yes"
        },
        {
            "trade_id": "da38f4de-3e24-448f-ab7d-5945b854d8b3",
            "ticker": "KXHIGHAUS-25FEB28-T68",
            "count": 50,
            "created_time": "2025-02-28T02:34:42.902313Z",
            "yes_price": 1,
            "no_price": 99,
            "taker_side": "no"
        },
        {
            "trade_id": "dde37ff3-c198-4cad-81dd-404e1c032b5d",
            "ticker": "KXHIGHAUS-25FEB28-T68",
            "count": 15,
            "created_time": "2025-02-27T22:23:54.716415Z",
            "yes_price": 5,
            "no_price": 95,
            "taker_side": "yes"
        }
    ],
    "KXHIGHAUS-25FEB28-B68.5": [
        {
            "trade_id": "2e988662-5b65-4e2a-9bab-b33c0eb36395",
            "ticker": "KXHIGHAUS-25FEB28-B68.5",
            "count": 1,
            "created_time": "2025-02-28T17:22:30.073732Z",
            "yes_price": 1,
            "no_price": 99,
            "taker_side": "yes"
        },
        {
            "trade_id": "5974f019-0f02-4170-9618-fadfa83d142b",
            "ticker": "KXHIGHAUS-25FEB28-B68.5",
            "count": 1,
            "created_time": "2025-02-28T16:02:38.805066Z",
            "yes_price": 1,
            "no_price": 99,
            "taker_side": "yes"
        },
        {
            "trade_id": "0118c95a-94b9-4a1d-83ab-8e51ed292d78",
            "ticker": "KXHIGHAUS-25FEB28-B68.5",
            "count": 30,
            "created_time": "2025-02-28T14:32:17.011421Z",
            "yes_price": 1,
            "no_price": 99,
            "taker_side": "yes"
        },
        {
            "trade_id": "3930940f-b76e-4402-9608-b19ec738fe34",
            "ticker": "KXHIGHAUS-25FEB28-B68.5",
            "count": 2,
            "created_time": "2025-02-28T14:32:16.130004Z",
            "yes_price": 1,
            "no_price": 99,
            "taker_side": "yes"
        },
        {
            "trade_id": "624b734b-7ea9-446c-bce1-63ffdd686d03",
            "ticker": "KXHIGHAUS-25FEB28-B68.5",
            "count": 26,
            "created_time": "2025-02-28T14:27:24.064491Z",
            "yes_price": 1,
            "no_price": 99,
            "taker_side": "yes"
        },
        {
            "trade_id": "9928cbb8-1743-4812-94d8-1ad85a474058",
            "ticker": "KXHIGHAUS-25FEB28-B68.5",
            "count": 1,
            "created_time": "2025-02-28T13:06:54.771515Z",
            "yes_price": 1,
            "no_price": 99,
            "taker_side": "no"
        },
        {
            "trade_id": "82ddfe6c-be40-455e-94d4-45e08787b350",
            "ticker": "KXHIGHAUS-25FEB28-B68.5",
            "count": 74,
            "created_time": "2025-02-28T13:02:29.424471Z",
            "yes_price": 1,
            "no_price": 99,
            "taker_side": "no"
        },
        {
            "trade_id": "5898d6a4-2a3f-4cb6-89cd-f4e2cbd1eb05",
            "ticker": "KXHIGHAUS-25FEB28-B68.5",
            "count": 5,
            "created_time": "2025-02-28T13:02:29.424471Z",
            "yes_price": 1,
            "no_price": 99,
            "taker_side": "no"
        },
        {
            "trade_id": "def9bf74-32c8-4204-bc49-df456c1d4c1a",
            "ticker": "KXHIGHAUS-25FEB28-B68.5",
            "count": 52,
            "created_time": "2025-02-28T03:54:22.454226Z",
            "yes_price": 1,
            "no_price": 99,
            "taker_side": "no"
        },
        {
            "trade_id": "ce084437-c8c9-43b3-bf2c-ee6c5224cebd",
            "ticker": "KXHIGHAUS-25FEB28-B68.5",
            "count": 27,
            "created_time": "2025-02-28T03:51:19.509032Z",
            "yes_price": 1,
            "no_price": 99,
            "taker_side": "no"
        },
        {
            "trade_id": "519c00d6-a325-4e12-9bd9-186bd4125411",
            "ticker": "KXHIGHAUS-25FEB28-B68.5",
            "count": 10,
            "created_time": "2025-02-28T03:48:26.411599Z",
            "yes_price": 1,
            "no_price": 99,
            "taker_side": "no"
        },
        {
            "trade_id": "e407db48-e838-46fd-9411-1203629d3b7f",
            "ticker": "KXHIGHAUS-25FEB28-B68.5",
            "count": 6,
            "created_time": "2025-02-28T03:21:24.892109Z",
            "yes_price": 1,
            "no_price": 99,
            "taker_side": "no"
        },
        {
            "trade_id": "aed33080-599d-4356-9c0b-1831b0601f90",
            "ticker": "KXHIGHAUS-25FEB28-B68.5",
            "count": 1,
            "created_time": "2025-02-28T02:34:44.724027Z",
            "yes_price": 5,
            "no_price": 95,
            "taker_side": "yes"
        },
        {
            "trade_id": "722abe49-0665-46b0-ad16-8de33f00ab07",
            "ticker": "KXHIGHAUS-25FEB28-B68.5",
            "count": 50,
            "created_time": "2025-02-28T02:34:42.908674Z",
            "yes_price": 3,
            "no_price": 97,
            "taker_side": "no"
        },
        {
            "trade_id": "d87ba219-8db5-49e2-a004-b50b06941d7c",
            "ticker": "KXHIGHAUS-25FEB28-B68.5",
            "count": 10,
            "created_time": "2025-02-27T22:08:24.267475Z",
            "yes_price": 5,
            "no_price": 95,
            "taker_side": "yes"
        },
        {
            "trade_id": "6afeb16e-7aa9-4868-9c07-f0855acc3dcf",
            "ticker": "KXHIGHAUS-25FEB28-B68.5",
            "count": 98,
            "created_time": "2025-02-27T22:08:24.267475Z",
            "yes_price": 5,
            "no_price": 95,
            "taker_side": "yes"
        },
        {
            "trade_id": "3bea5496-0a8d-4566-a20f-9ab60de6bf63",
            "ticker": "KXHIGHAUS-25FEB28-B68.5",
            "count": 9,
            "created_time": "2025-02-27T22:08:24.267475Z",
            "yes_price": 5,
            "no_price": 95,
            "taker_side": "yes"
        },
        {
            "trade_id": "261b5567-0b82-4475-8357-6007bf529c0c",
            "ticker": "KXHIGHAUS-25FEB28-B68.5",
            "count": 240,
            "created_time": "2025-02-27T22:08:24.267475Z",
            "yes_price": 7,
            "no_price": 93,
            "taker_side": "yes"
        }
    ],
    "KXHIGHAUS-25FEB28-B70.5": [
        {
            "trade_id": "e8d816c6-4fa7-46ce-8ac5-70079f55190e",
            "ticker": "KXHIGHAUS-25FEB28-B70.5",
            "count": 13,
            "created_time": "2025-02-28T14:32:14.65345Z",
            "yes_price": 5,
            "no_price": 95,
            "taker_side": "yes"
        },
        {
            "trade_id": "43066aba-bf57-4dc9-b1db-fac5fcf17d84",
            "ticker": "KXHIGHAUS-25FEB28-B70.5",
            "count": 17,
            "created_time": "2025-02-28T14:32:14.65345Z",
            "yes_price": 5,
            "no_price": 95,
            "taker_side": "yes"
        },
        {
            "trade_id": "863f80c4-1e09-4b20-b545-4da93cbe262e",
            "ticker": "KXHIGHAUS-25FEB28-B70.5",
            "count": 2,
            "created_time": "2025-02-28T14:32:13.676124Z",
            "yes_price": 5,
            "no_price": 95,
            "taker_side": "yes"
        },
        {
            "trade_id": "e569c718-c468-4254-9f70-97b6f8bb573e",
            "ticker": "KXHIGHAUS-25FEB28-B70.5",
            "count": 1,
            "created_time": "2025-02-28T14:27:21.672703Z",
            "yes_price": 4,
            "no_price": 96,
            "taker_side": "yes"
        },
        {
            "trade_id": "8ac20ebe-2f4f-465c-9649-75cc4191e1d8",
            "ticker": "KXHIGHAUS-25FEB28-B70.5",
            "count": 25,
            "created_time": "2025-02-28T14:27:21.672703Z",
            "yes_price": 4,
            "no_price": 96,
            "taker_side": "yes"
        },
        {
            "trade_id": "194b6be6-d1ba-499e-994a-666ca5433ad4",
            "ticker": "KXHIGHAUS-25FEB28-B70.5",
            "count": 1,
            "created_time": "2025-02-28T13:06:54.732908Z",
            "yes_price": 1,
            "no_price": 99,
            "taker_side": "no"
        },
        {
            "trade_id": "c07a1b65-cda6-44e4-96e4-547648a3bfa9",
            "ticker": "KXHIGHAUS-25FEB28-B70.5",
            "count": 49,
            "created_time": "2025-02-28T13:02:51.462691Z",
            "yes_price": 1,
            "no_price": 99,
            "taker_side": "no"
        },
        {
            "trade_id": "4ac3aed9-c9b7-4728-8eed-3dfa8ca5f13a",
            "ticker": "KXHIGHAUS-25FEB28-B70.5",
            "count": 100,
            "created_time": "2025-02-28T13:02:51.462691Z",
            "yes_price": 1,
            "no_price": 99,
            "taker_side": "no"
        },
        {
            "trade_id": "2ec35d56-86bd-4491-9448-9160328f746c",
            "ticker": "KXHIGHAUS-25FEB28-B70.5",
            "count": 200,
            "created_time": "2025-02-28T13:02:51.462691Z",
            "yes_price": 1,
            "no_price": 99,
            "taker_side": "no"
        },
        {
            "trade_id": "7f506bcb-45f9-42e3-bbe2-1f1820129b48",
            "ticker": "KXHIGHAUS-25FEB28-B70.5",
            "count": 52,
            "created_time": "2025-02-28T03:54:22.453685Z",
            "yes_price": 1,
            "no_price": 99,
            "taker_side": "no"
        },
        {
            "trade_id": "773d3517-6001-49a2-83bc-fbc9e4111211",
            "ticker": "KXHIGHAUS-25FEB28-B70.5",
            "count": 27,
            "created_time": "2025-02-28T03:51:19.580825Z",
            "yes_price": 1,
            "no_price": 99,
            "taker_side": "no"
        },
        {
            "trade_id": "5ca6642b-a7c9-4106-ad61-971e89cf5b4a",
            "ticker": "KXHIGHAUS-25FEB28-B70.5",
            "count": 10,
            "created_time": "2025-02-28T03:48:26.413504Z",
            "yes_price": 1,
            "no_price": 99,
            "taker_side": "no"
        },
        {
            "trade_id": "70de9746-7f8f-4a27-8b36-af1e8ee8b427",
            "ticker": "KXHIGHAUS-25FEB28-B70.5",
            "count": 6,
            "created_time": "2025-02-28T03:21:24.893395Z",
            "yes_price": 1,
            "no_price": 99,
            "taker_side": "no"
        },
        {
            "trade_id": "aa5a6a21-0406-421d-b2e9-01f5d1fba3e9",
            "ticker": "KXHIGHAUS-25FEB28-B70.5",
            "count": 1,
            "created_time": "2025-02-28T02:34:44.230754Z",
            "yes_price": 5,
            "no_price": 95,
            "taker_side": "yes"
        },
        {
            "trade_id": "a6bf5f7c-2857-4d44-8dbb-dade6b3e637c",
            "ticker": "KXHIGHAUS-25FEB28-B70.5",
            "count": 50,
            "created_time": "2025-02-28T02:34:42.904667Z",
            "yes_price": 2,
            "no_price": 98,
            "taker_side": "no"
        },
        {
            "trade_id": "b9bc798e-333c-4271-8334-877ec5528b4b",
            "ticker": "KXHIGHAUS-25FEB28-B70.5",
            "count": 3,
            "created_time": "2025-02-28T02:24:49.460544Z",
            "yes_price": 6,
            "no_price": 94,
            "taker_side": "yes"
        },
        {
            "trade_id": "82df72bb-3819-48b4-b407-7bed594faf83",
            "ticker": "KXHIGHAUS-25FEB28-B70.5",
            "count": 9,
            "created_time": "2025-02-28T02:24:49.460544Z",
            "yes_price": 6,
            "no_price": 94,
            "taker_side": "yes"
        },
        {
            "trade_id": "47527cf9-100f-4c7f-9010-3b003c41045f",
            "ticker": "KXHIGHAUS-25FEB28-B70.5",
            "count": 38,
            "created_time": "2025-02-28T02:24:49.460544Z",
            "yes_price": 6,
            "no_price": 94,
            "taker_side": "yes"
        },
        {
            "trade_id": "9ff3ce71-6d52-4629-943f-ed6aaa1c4eae",
            "ticker": "KXHIGHAUS-25FEB28-B70.5",
            "count": 3,
            "created_time": "2025-02-28T00:50:48.406562Z",
            "yes_price": 6,
            "no_price": 94,
            "taker_side": "yes"
        },
        {
            "trade_id": "eb0648be-3f49-43df-b906-84504ffd3a3f",
            "ticker": "KXHIGHAUS-25FEB28-B70.5",
            "count": 250,
            "created_time": "2025-02-28T00:14:15.360251Z",
            "yes_price": 3,
            "no_price": 97,
            "taker_side": "no"
        },
        {
            "trade_id": "f3e64bef-5c83-4c3f-9fce-3c120bf1bb4a",
            "ticker": "KXHIGHAUS-25FEB28-B70.5",
            "count": 1,
            "created_time": "2025-02-27T22:08:14.630923Z",
            "yes_price": 6,
            "no_price": 94,
            "taker_side": "yes"
        },
        {
            "trade_id": "8c871ac6-b9f1-41da-8ce5-95d5e44eb359",
            "ticker": "KXHIGHAUS-25FEB28-B70.5",
            "count": 4,
            "created_time": "2025-02-27T22:08:14.630923Z",
            "yes_price": 6,
            "no_price": 94,
            "taker_side": "yes"
        },
        {
            "trade_id": "8a5f460d-7c48-46ac-a1bc-65f3b9a4745a",
            "ticker": "KXHIGHAUS-25FEB28-B70.5",
            "count": 240,
            "created_time": "2025-02-27T22:08:14.630923Z",
            "yes_price": 8,
            "no_price": 92,
            "taker_side": "yes"
        },
        {
            "trade_id": "1b90925f-556b-43de-8c9a-712647927fcf",
            "ticker": "KXHIGHAUS-25FEB28-B70.5",
            "count": 43,
            "created_time": "2025-02-27T22:08:14.630923Z",
            "yes_price": 6,
            "no_price": 94,
            "taker_side": "yes"
        },
        {
            "trade_id": "09151bbd-3d21-4b01-8f08-edf13470af64",
            "ticker": "KXHIGHAUS-25FEB28-B70.5",
            "count": 240,
            "created_time": "2025-02-27T22:08:14.630923Z",
            "yes_price": 10,
            "no_price": 90,
            "taker_side": "yes"
        }
    ],
    "KXHIGHAUS-25FEB28-B72.5": [
        {
            "trade_id": "35439aa8-1e81-48d8-ac8c-0cbd136ede4e",
            "ticker": "KXHIGHAUS-25FEB28-B72.5",
            "count": 16,
            "created_time": "2025-02-28T19:18:57.101497Z",
            "yes_price": 1,
            "no_price": 99,
            "taker_side": "yes"
        },
        {
            "trade_id": "23abe53c-66b7-4647-87f2-02bc514e64de",
            "ticker": "KXHIGHAUS-25FEB28-B72.5",
            "count": 100,
            "created_time": "2025-02-28T18:54:58.268856Z",
            "yes_price": 1,
            "no_price": 99,
            "taker_side": "no"
        },
        {
            "trade_id": "a4408c33-b0b4-4dc2-b89f-34de39200f7a",
            "ticker": "KXHIGHAUS-25FEB28-B72.5",
            "count": 10,
            "created_time": "2025-02-28T18:43:16.353525Z",
            "yes_price": 1,
            "no_price": 99,
            "taker_side": "no"
        },
        {
            "trade_id": "355b746d-3982-401e-b223-7cdc163ab440",
            "ticker": "KXHIGHAUS-25FEB28-B72.5",
            "count": 50,
            "created_time": "2025-02-28T18:43:16.353525Z",
            "yes_price": 1,
            "no_price": 99,
            "taker_side": "no"
        },
        {
            "trade_id": "2347daeb-7738-46b2-819d-d73bb2c9f5c7",
            "ticker": "KXHIGHAUS-25FEB28-B72.5",
            "count": 173,
            "created_time": "2025-02-28T18:43:16.353525Z",
            "yes_price": 1,
            "no_price": 99,
            "taker_side": "no"
        },
        {
            "trade_id": "bf6a7c9a-9b01-4b43-a74c-fd3b8ebccbd8",
            "ticker": "KXHIGHAUS-25FEB28-B72.5",
            "count": 70,
            "created_time": "2025-02-28T18:32:27.739358Z",
            "yes_price": 4,
            "no_price": 96,
            "taker_side": "yes"
        },
        {
            "trade_id": "a471180e-efd4-49f9-a71a-c10c09a7a49b",
            "ticker": "KXHIGHAUS-25FEB28-B72.5",
            "count": 50,
            "created_time": "2025-02-28T18:12:26.709073Z",
            "yes_price": 1,
            "no_price": 99,
            "taker_side": "no"
        },
        {
            "trade_id": "61f7c794-fa78-48fc-8f22-7b3f48609276",
            "ticker": "KXHIGHAUS-25FEB28-B72.5",
            "count": 50,
            "created_time": "2025-02-28T17:54:38.209338Z",
            "yes_price": 1,
            "no_price": 99,
            "taker_side": "no"
        },
        {
            "trade_id": "51520f6d-99de-4bc2-b35d-cb57a4fe0bd3",
            "ticker": "KXHIGHAUS-25FEB28-B72.5",
            "count": 3,
            "created_time": "2025-02-28T17:54:38.209338Z",
            "yes_price": 1,
            "no_price": 99,
            "taker_side": "no"
        },
        {
            "trade_id": "c40b7873-bfbd-4df3-92bd-1200d73f96a0",
            "ticker": "KXHIGHAUS-25FEB28-B72.5",
            "count": 44,
            "created_time": "2025-02-28T17:00:35.785919Z",
            "yes_price": 2,
            "no_price": 98,
            "taker_side": "no"
        },
        {
            "trade_id": "3de0e533-39a3-404f-93cc-a8829674d5f4",
            "ticker": "KXHIGHAUS-25FEB28-B72.5",
            "count": 27,
            "created_time": "2025-02-28T17:00:35.785919Z",
            "yes_price": 1,
            "no_price": 99,
            "taker_side": "no"
        },
        {
            "trade_id": "3654c212-aad5-4090-9108-9555c935057a",
            "ticker": "KXHIGHAUS-25FEB28-B72.5",
            "count": 3,
            "created_time": "2025-02-28T17:00:35.785919Z",
            "yes_price": 2,
            "no_price": 98,
            "taker_side": "no"
        },
        {
            "trade_id": "47f76889-d3a1-4340-9959-907f6a04c4cc",
            "ticker": "KXHIGHAUS-25FEB28-B72.5",
            "count": 4,
            "created_time": "2025-02-28T16:48:38.901849Z",
            "yes_price": 3,
            "no_price": 97,
            "taker_side": "no"
        },
        {
            "trade_id": "ba38bbc7-066d-4918-843b-c28b1bdb2d3e",
            "ticker": "KXHIGHAUS-25FEB28-B72.5",
            "count": 15,
            "created_time": "2025-02-28T16:37:22.856389Z",
            "yes_price": 7,
            "no_price": 93,
            "taker_side": "yes"
        },
        {
            "trade_id": "b0c64a7a-54e0-4b69-b052-e2a6d5a1ed67",
            "ticker": "KXHIGHAUS-25FEB28-B72.5",
            "count": 4,
            "created_time": "2025-02-28T16:37:22.856389Z",
            "yes_price": 8,
            "no_price": 92,
            "taker_side": "yes"
        },
        {
            "trade_id": "ae6d613e-92df-4419-9d8c-b18deea86d36",
            "ticker": "KXHIGHAUS-25FEB28-B72.5",
            "count": 50,
            "created_time": "2025-02-28T16:37:22.856389Z",
            "yes_price": 5,
            "no_price": 95,
            "taker_side": "yes"
        },
        {
            "trade_id": "50128a0b-cd00-4166-bd59-75be851851b7",
            "ticker": "KXHIGHAUS-25FEB28-B72.5",
            "count": 10,
            "created_time": "2025-02-28T16:37:22.856389Z",
            "yes_price": 7,
            "no_price": 93,
            "taker_side": "yes"
        },
        {
            "trade_id": "05732ec7-eed0-4126-828a-f73faab144f5",
            "ticker": "KXHIGHAUS-25FEB28-B72.5",
            "count": 1,
            "created_time": "2025-02-28T16:37:22.856389Z",
            "yes_price": 7,
            "no_price": 93,
            "taker_side": "yes"
        },
        {
            "trade_id": "b7c1c119-62cc-4d4f-b967-26481ef8a7c8",
            "ticker": "KXHIGHAUS-25FEB28-B72.5",
            "count": 119,
            "created_time": "2025-02-28T16:02:19.316355Z",
            "yes_price": 2,
            "no_price": 98,
            "taker_side": "no"
        },
        {
            "trade_id": "5197c654-b6ed-4149-b61f-0b8e62935282",
            "ticker": "KXHIGHAUS-25FEB28-B72.5",
            "count": 21,
            "created_time": "2025-02-28T16:02:19.316355Z",
            "yes_price": 1,
            "no_price": 99,
            "taker_side": "no"
        },
        {
            "trade_id": "2c835a4a-8258-4a86-bd36-8101a6a63b38",
            "ticker": "KXHIGHAUS-25FEB28-B72.5",
            "count": 3,
            "created_time": "2025-02-28T16:02:19.316355Z",
            "yes_price": 2,
            "no_price": 98,
            "taker_side": "no"
        },
        {
            "trade_id": "984aef0c-ac8a-4664-b2cc-140dc4d26fa4",
            "ticker": "KXHIGHAUS-25FEB28-B72.5",
            "count": 18,
            "created_time": "2025-02-28T15:36:30.759758Z",
            "yes_price": 3,
            "no_price": 97,
            "taker_side": "yes"
        },
        {
            "trade_id": "0fda3b1a-155c-4a8c-af3b-5ec2da0cf61d",
            "ticker": "KXHIGHAUS-25FEB28-B72.5",
            "count": 35,
            "created_time": "2025-02-28T15:36:30.759758Z",
            "yes_price": 3,
            "no_price": 97,
            "taker_side": "yes"
        },
        {
            "trade_id": "6f379641-36bc-4753-be38-5f183a13c19b",
            "ticker": "KXHIGHAUS-25FEB28-B72.5",
            "count": 1,
            "created_time": "2025-02-28T15:09:27.704158Z",
            "yes_price": 2,
            "no_price": 98,
            "taker_side": "no"
        },
        {
            "trade_id": "7d5b303a-7213-48ae-88ba-b3b5725951dc",
            "ticker": "KXHIGHAUS-25FEB28-B72.5",
            "count": 25,
            "created_time": "2025-02-28T15:06:23.514776Z",
            "yes_price": 2,
            "no_price": 98,
            "taker_side": "no"
        },
        {
            "trade_id": "fe19f3be-4ee9-4a76-ac7e-409959367001",
            "ticker": "KXHIGHAUS-25FEB28-B72.5",
            "count": 6,
            "created_time": "2025-02-28T14:59:41.638459Z",
            "yes_price": 2,
            "no_price": 98,
            "taker_side": "no"
        },
        {
            "trade_id": "c431fe0b-8a77-4a67-8869-a4dafae715e2",
            "ticker": "KXHIGHAUS-25FEB28-B72.5",
            "count": 300,
            "created_time": "2025-02-28T14:59:41.638459Z",
            "yes_price": 2,
            "no_price": 98,
            "taker_side": "no"
        },
        {
            "trade_id": "6bffedd8-2f74-45a5-8975-48920125f044",
            "ticker": "KXHIGHAUS-25FEB28-B72.5",
            "count": 200,
            "created_time": "2025-02-28T14:59:41.638459Z",
            "yes_price": 2,
            "no_price": 98,
            "taker_side": "no"
        },
        {
            "trade_id": "5aa2349d-1839-4594-8f9d-b630a49b6424",
            "ticker": "KXHIGHAUS-25FEB28-B72.5",
            "count": 50,
            "created_time": "2025-02-28T14:59:41.638459Z",
            "yes_price": 2,
            "no_price": 98,
            "taker_side": "no"
        },
        {
            "trade_id": "229192af-b9fd-4cce-804d-51499477aaed",
            "ticker": "KXHIGHAUS-25FEB28-B72.5",
            "count": 13,
            "created_time": "2025-02-28T14:59:41.638459Z",
            "yes_price": 2,
            "no_price": 98,
            "taker_side": "no"
        },
        {
            "trade_id": "cc9c7e19-e96f-48f8-8f66-83fe64e917a1",
            "ticker": "KXHIGHAUS-25FEB28-B72.5",
            "count": 638,
            "created_time": "2025-02-28T14:38:20.066829Z",
            "yes_price": 8,
            "no_price": 92,
            "taker_side": "no"
        },
        {
            "trade_id": "94db5644-8ef8-4118-a529-8fc2a39c4415",
            "ticker": "KXHIGHAUS-25FEB28-B72.5",
            "count": 345,
            "created_time": "2025-02-28T14:33:59.554152Z",
            "yes_price": 8,
            "no_price": 92,
            "taker_side": "no"
        },
        {
            "trade_id": "91ce1906-1b46-477d-8dac-69a21a543a2c",
            "ticker": "KXHIGHAUS-25FEB28-B72.5",
            "count": 30,
            "created_time": "2025-02-28T14:32:12.156366Z",
            "yes_price": 9,
            "no_price": 91,
            "taker_side": "yes"
        },
        {
            "trade_id": "e68851a0-9e4b-4b89-b4af-591aeda8d2eb",
            "ticker": "KXHIGHAUS-25FEB28-B72.5",
            "count": 2,
            "created_time": "2025-02-28T14:32:11.090842Z",
            "yes_price": 9,
            "no_price": 91,
            "taker_side": "yes"
        },
        {
            "trade_id": "0e71cd31-cde8-454e-9fc1-1ca0adeab54a",
            "ticker": "KXHIGHAUS-25FEB28-B72.5",
            "count": 8,
            "created_time": "2025-02-28T14:32:10.802622Z",
            "yes_price": 8,
            "no_price": 92,
            "taker_side": "no"
        },
        {
            "trade_id": "c9602b18-aae7-4be8-b536-d1109c01902d",
            "ticker": "KXHIGHAUS-25FEB28-B72.5",
            "count": 26,
            "created_time": "2025-02-28T14:27:19.466697Z",
            "yes_price": 9,
            "no_price": 91,
            "taker_side": "yes"
        },
        {
            "trade_id": "0b5e1ec9-b26e-436c-aa0c-cdcc70eb2f72",
            "ticker": "KXHIGHAUS-25FEB28-B72.5",
            "count": 8,
            "created_time": "2025-02-28T14:27:18.48927Z",
            "yes_price": 8,
            "no_price": 92,
            "taker_side": "no"
        },
        {
            "trade_id": "8dc4e873-6048-4bf4-8bbd-dd6ca82d19ca",
            "ticker": "KXHIGHAUS-25FEB28-B72.5",
            "count": 36,
            "created_time": "2025-02-28T14:27:17.771281Z",
            "yes_price": 8,
            "no_price": 92,
            "taker_side": "no"
        },
        {
            "trade_id": "f7e93187-7a54-4590-ba52-a4575dba9174",
            "ticker": "KXHIGHAUS-25FEB28-B72.5",
            "count": 1,
            "created_time": "2025-02-28T14:24:29.277608Z",
            "yes_price": 8,
            "no_price": 92,
            "taker_side": "no"
        },
        {
            "trade_id": "3f2720d1-8e5c-4740-99ce-fcd93749c752",
            "ticker": "KXHIGHAUS-25FEB28-B72.5",
            "count": 1,
            "created_time": "2025-02-28T14:24:25.52552Z",
            "yes_price": 8,
            "no_price": 92,
            "taker_side": "no"
        },
        {
            "trade_id": "10b71e91-421e-42d9-aab4-584dda5c2bd0",
            "ticker": "KXHIGHAUS-25FEB28-B72.5",
            "count": 4,
            "created_time": "2025-02-28T14:21:27.414731Z",
            "yes_price": 8,
            "no_price": 92,
            "taker_side": "no"
        },
        {
            "trade_id": "71f37eb0-7f10-4650-a05b-bbffce8837d9",
            "ticker": "KXHIGHAUS-25FEB28-B72.5",
            "count": 15,
            "created_time": "2025-02-28T14:18:25.523353Z",
            "yes_price": 8,
            "no_price": 92,
            "taker_side": "no"
        },
        {
            "trade_id": "bb034736-90a3-4562-8c0e-918f51262d38",
            "ticker": "KXHIGHAUS-25FEB28-B72.5",
            "count": 5,
            "created_time": "2025-02-28T14:16:26.574337Z",
            "yes_price": 8,
            "no_price": 92,
            "taker_side": "no"
        },
        {
            "trade_id": "2caee3f1-af80-40a1-82c8-f2dbc423382a",
            "ticker": "KXHIGHAUS-25FEB28-B72.5",
            "count": 2,
            "created_time": "2025-02-28T14:12:25.554574Z",
            "yes_price": 8,
            "no_price": 92,
            "taker_side": "no"
        },
        {
            "trade_id": "1c4a1368-f4c2-43a0-8ad8-1fac7fd7d198",
            "ticker": "KXHIGHAUS-25FEB28-B72.5",
            "count": 4,
            "created_time": "2025-02-28T14:09:25.762419Z",
            "yes_price": 8,
            "no_price": 92,
            "taker_side": "no"
        },
        {
            "trade_id": "0caba637-989d-4489-a0e3-fe7d1005b02d",
            "ticker": "KXHIGHAUS-25FEB28-B72.5",
            "count": 11,
            "created_time": "2025-02-28T14:06:26.352035Z",
            "yes_price": 8,
            "no_price": 92,
            "taker_side": "no"
        },
        {
            "trade_id": "885d5f04-ebcc-48db-a591-c7d757348b15",
            "ticker": "KXHIGHAUS-25FEB28-B72.5",
            "count": 18,
            "created_time": "2025-02-28T14:03:26.420843Z",
            "yes_price": 8,
            "no_price": 92,
            "taker_side": "no"
        },
        {
            "trade_id": "39e07abc-d623-497e-991b-612df3b7ee78",
            "ticker": "KXHIGHAUS-25FEB28-B72.5",
            "count": 3,
            "created_time": "2025-02-28T14:01:46.079633Z",
            "yes_price": 8,
            "no_price": 92,
            "taker_side": "no"
        },
        {
            "trade_id": "b6e1a683-fe6f-4209-ba0d-3a925b2ee2d2",
            "ticker": "KXHIGHAUS-25FEB28-B72.5",
            "count": 1,
            "created_time": "2025-02-28T14:00:31.152964Z",
            "yes_price": 8,
            "no_price": 92,
            "taker_side": "no"
        },
        {
            "trade_id": "538d68f0-054f-47ff-a097-2584bbe43117",
            "ticker": "KXHIGHAUS-25FEB28-B72.5",
            "count": 3,
            "created_time": "2025-02-28T13:57:25.391886Z",
            "yes_price": 8,
            "no_price": 92,
            "taker_side": "no"
        },
        {
            "trade_id": "25e2e53e-c24d-42ba-913e-d4ebf5dd2356",
            "ticker": "KXHIGHAUS-25FEB28-B72.5",
            "count": 8,
            "created_time": "2025-02-28T13:54:29.926112Z",
            "yes_price": 8,
            "no_price": 92,
            "taker_side": "no"
        },
        {
            "trade_id": "f3b149b5-0517-45af-a16e-442979bcfd01",
            "ticker": "KXHIGHAUS-25FEB28-B72.5",
            "count": 91,
            "created_time": "2025-02-28T13:51:47.898126Z",
            "yes_price": 8,
            "no_price": 92,
            "taker_side": "no"
        },
        {
            "trade_id": "94b51190-8658-4f1e-8382-127776067efa",
            "ticker": "KXHIGHAUS-25FEB28-B72.5",
            "count": 106,
            "created_time": "2025-02-28T13:51:46.61176Z",
            "yes_price": 8,
            "no_price": 92,
            "taker_side": "no"
        },
        {
            "trade_id": "8d5890ef-3c44-4376-be0c-008a9c4dbbd7",
            "ticker": "KXHIGHAUS-25FEB28-B72.5",
            "count": 16,
            "created_time": "2025-02-28T13:49:59.772681Z",
            "yes_price": 8,
            "no_price": 92,
            "taker_side": "no"
        },
        {
            "trade_id": "9f888690-0870-4292-b66c-c4184493c2cf",
            "ticker": "KXHIGHAUS-25FEB28-B72.5",
            "count": 5,
            "created_time": "2025-02-28T13:42:42.400565Z",
            "yes_price": 8,
            "no_price": 92,
            "taker_side": "no"
        },
        {
            "trade_id": "7ad87b3b-8dc4-4d64-9fde-1fefb0fd2fd4",
            "ticker": "KXHIGHAUS-25FEB28-B72.5",
            "count": 5,
            "created_time": "2025-02-28T13:42:21.155205Z",
            "yes_price": 8,
            "no_price": 92,
            "taker_side": "no"
        },
        {
            "trade_id": "1351cf69-9358-40a8-a2e8-4fbd4a530e26",
            "ticker": "KXHIGHAUS-25FEB28-B72.5",
            "count": 161,
            "created_time": "2025-02-28T13:41:29.010936Z",
            "yes_price": 8,
            "no_price": 92,
            "taker_side": "no"
        },
        {
            "trade_id": "bf4acdb0-90ec-4173-b928-3f8d7d8d6707",
            "ticker": "KXHIGHAUS-25FEB28-B72.5",
            "count": 8,
            "created_time": "2025-02-28T13:31:32.846798Z",
            "yes_price": 8,
            "no_price": 92,
            "taker_side": "no"
        },
        {
            "trade_id": "165fffed-81f4-42c9-9ce5-9259ee6d2997",
            "ticker": "KXHIGHAUS-25FEB28-B72.5",
            "count": 8,
            "created_time": "2025-02-28T13:30:40.079987Z",
            "yes_price": 8,
            "no_price": 92,
            "taker_side": "no"
        },
        {
            "trade_id": "c20de094-169a-4987-9c0a-b1741dd23f2d",
            "ticker": "KXHIGHAUS-25FEB28-B72.5",
            "count": 3,
            "created_time": "2025-02-28T13:22:47.729031Z",
            "yes_price": 8,
            "no_price": 92,
            "taker_side": "no"
        },
        {
            "trade_id": "982f5cd9-890b-45fd-8665-ea1197fa24b5",
            "ticker": "KXHIGHAUS-25FEB28-B72.5",
            "count": 3,
            "created_time": "2025-02-28T13:21:20.722448Z",
            "yes_price": 8,
            "no_price": 92,
            "taker_side": "no"
        },
        {
            "trade_id": "d2472282-e0e7-4269-b84c-17980327577d",
            "ticker": "KXHIGHAUS-25FEB28-B72.5",
            "count": 9,
            "created_time": "2025-02-28T13:18:20.050493Z",
            "yes_price": 8,
            "no_price": 92,
            "taker_side": "no"
        },
        {
            "trade_id": "e428f5d7-1953-43b9-86c1-a56632245ab6",
            "ticker": "KXHIGHAUS-25FEB28-B72.5",
            "count": 5,
            "created_time": "2025-02-28T13:15:25.169536Z",
            "yes_price": 8,
            "no_price": 92,
            "taker_side": "no"
        },
        {
            "trade_id": "37983919-3591-4170-8a3a-1ee63e3967c7",
            "ticker": "KXHIGHAUS-25FEB28-B72.5",
            "count": 6,
            "created_time": "2025-02-28T13:14:52.149407Z",
            "yes_price": 8,
            "no_price": 92,
            "taker_side": "no"
        },
        {
            "trade_id": "8a49d171-5720-474e-a546-bdb6b7d1d7d8",
            "ticker": "KXHIGHAUS-25FEB28-B72.5",
            "count": 1,
            "created_time": "2025-02-28T13:13:10.440055Z",
            "yes_price": 10,
            "no_price": 90,
            "taker_side": "yes"
        },
        {
            "trade_id": "5b15ce3f-76c8-4344-bf34-4b41ec33e424",
            "ticker": "KXHIGHAUS-25FEB28-B72.5",
            "count": 8,
            "created_time": "2025-02-28T13:12:19.696159Z",
            "yes_price": 8,
            "no_price": 92,
            "taker_side": "no"
        },
        {
            "trade_id": "c2902130-9786-4077-9eba-17adc313e822",
            "ticker": "KXHIGHAUS-25FEB28-B72.5",
            "count": 20,
            "created_time": "2025-02-28T13:09:24.117169Z",
            "yes_price": 9,
            "no_price": 91,
            "taker_side": "no"
        },
        {
            "trade_id": "5ca7eb37-72cf-4f77-941d-7416364432c1",
            "ticker": "KXHIGHAUS-25FEB28-B72.5",
            "count": 10,
            "created_time": "2025-02-28T13:09:24.117169Z",
            "yes_price": 8,
            "no_price": 92,
            "taker_side": "no"
        },
        {
            "trade_id": "101eaa7b-eac9-43ce-9203-97986123352e",
            "ticker": "KXHIGHAUS-25FEB28-B72.5",
            "count": 10,
            "created_time": "2025-02-28T13:06:57.975312Z",
            "yes_price": 8,
            "no_price": 92,
            "taker_side": "no"
        },
        {
            "trade_id": "23591764-5ddc-4099-8810-7ce1e2a25a20",
            "ticker": "KXHIGHAUS-25FEB28-B72.5",
            "count": 116,
            "created_time": "2025-02-28T13:06:54.633486Z",
            "yes_price": 8,
            "no_price": 92,
            "taker_side": "no"
        },
        {
            "trade_id": "8b730237-427e-4dd7-b793-8d2f27ddabaa",
            "ticker": "KXHIGHAUS-25FEB28-B72.5",
            "count": 18,
            "created_time": "2025-02-28T13:06:20.59981Z",
            "yes_price": 8,
            "no_price": 92,
            "taker_side": "no"
        },
        {
            "trade_id": "8f1d9394-e651-4774-a5fa-1c948857305e",
            "ticker": "KXHIGHAUS-25FEB28-B72.5",
            "count": 32,
            "created_time": "2025-02-28T13:03:26.115155Z",
            "yes_price": 8,
            "no_price": 92,
            "taker_side": "no"
        },
        {
            "trade_id": "f78c9b55-8450-428b-8b07-0eedc7f94908",
            "ticker": "KXHIGHAUS-25FEB28-B72.5",
            "count": 119,
            "created_time": "2025-02-28T13:00:34.486203Z",
            "yes_price": 8,
            "no_price": 92,
            "taker_side": "no"
        },
        {
            "trade_id": "f930d483-daba-437d-a1fb-608e8b062b1c",
            "ticker": "KXHIGHAUS-25FEB28-B72.5",
            "count": 51,
            "created_time": "2025-02-28T13:00:29.290368Z",
            "yes_price": 8,
            "no_price": 92,
            "taker_side": "no"
        },
        {
            "trade_id": "ca4d9b82-d5c3-47c4-830e-4a419a7afac7",
            "ticker": "KXHIGHAUS-25FEB28-B72.5",
            "count": 26,
            "created_time": "2025-02-28T07:39:18.391296Z",
            "yes_price": 8,
            "no_price": 92,
            "taker_side": "no"
        },
        {
            "trade_id": "85693bf2-bdf3-4eea-8565-dc336ead2357",
            "ticker": "KXHIGHAUS-25FEB28-B72.5",
            "count": 10,
            "created_time": "2025-02-28T07:21:17.582465Z",
            "yes_price": 9,
            "no_price": 91,
            "taker_side": "no"
        },
        {
            "trade_id": "161c99bb-b3e3-402b-a2e9-bba9b1177ba2",
            "ticker": "KXHIGHAUS-25FEB28-B72.5",
            "count": 24,
            "created_time": "2025-02-28T07:21:17.582465Z",
            "yes_price": 9,
            "no_price": 91,
            "taker_side": "no"
        },
        {
            "trade_id": "3c43b8ff-f477-4b26-a670-407ad6131877",
            "ticker": "KXHIGHAUS-25FEB28-B72.5",
            "count": 42,
            "created_time": "2025-02-28T07:20:10.095267Z",
            "yes_price": 9,
            "no_price": 91,
            "taker_side": "no"
        },
        {
            "trade_id": "9072bd4f-22e6-4e89-ab79-ea91fc9892fe",
            "ticker": "KXHIGHAUS-25FEB28-B72.5",
            "count": 4,
            "created_time": "2025-02-28T07:15:19.566284Z",
            "yes_price": 9,
            "no_price": 91,
            "taker_side": "no"
        },
        {
            "trade_id": "43c80fa3-ab3d-41dc-8ba7-dcfae5a1ff60",
            "ticker": "KXHIGHAUS-25FEB28-B72.5",
            "count": 14,
            "created_time": "2025-02-28T07:12:21.374703Z",
            "yes_price": 9,
            "no_price": 91,
            "taker_side": "no"
        },
        {
            "trade_id": "921b8c14-fc69-4215-8c28-33a7815bfa5d",
            "ticker": "KXHIGHAUS-25FEB28-B72.5",
            "count": 1,
            "created_time": "2025-02-28T05:33:25.283995Z",
            "yes_price": 9,
            "no_price": 91,
            "taker_side": "no"
        },
        {
            "trade_id": "76e442f8-585f-4fda-af6c-9647152a8dc8",
            "ticker": "KXHIGHAUS-25FEB28-B72.5",
            "count": 2,
            "created_time": "2025-02-28T05:33:21.006885Z",
            "yes_price": 9,
            "no_price": 91,
            "taker_side": "no"
        },
        {
            "trade_id": "14401420-c42f-43c7-a50b-83d4a5051258",
            "ticker": "KXHIGHAUS-25FEB28-B72.5",
            "count": 8,
            "created_time": "2025-02-28T05:30:23.751437Z",
            "yes_price": 9,
            "no_price": 91,
            "taker_side": "no"
        },
        {
            "trade_id": "115c35a1-29ca-4b56-b22c-137b480e7c24",
            "ticker": "KXHIGHAUS-25FEB28-B72.5",
            "count": 3,
            "created_time": "2025-02-28T05:24:25.205287Z",
            "yes_price": 9,
            "no_price": 91,
            "taker_side": "no"
        },
        {
            "trade_id": "fed47fc4-14a7-46bf-95d2-e50ffe9670a1",
            "ticker": "KXHIGHAUS-25FEB28-B72.5",
            "count": 9,
            "created_time": "2025-02-28T05:22:47.346781Z",
            "yes_price": 9,
            "no_price": 91,
            "taker_side": "yes"
        },
        {
            "trade_id": "5528a341-d520-4f49-859f-d8919c62c682",
            "ticker": "KXHIGHAUS-25FEB28-B72.5",
            "count": 7,
            "created_time": "2025-02-28T05:22:47.346781Z",
            "yes_price": 9,
            "no_price": 91,
            "taker_side": "yes"
        },
        {
            "trade_id": "85db341f-d510-4644-b72f-44ad6b4544b3",
            "ticker": "KXHIGHAUS-25FEB28-B72.5",
            "count": 169,
            "created_time": "2025-02-28T05:13:41.209805Z",
            "yes_price": 11,
            "no_price": 89,
            "taker_side": "yes"
        },
        {
            "trade_id": "64ca05c5-7502-41e2-b35d-52bc5028b870",
            "ticker": "KXHIGHAUS-25FEB28-B72.5",
            "count": 37,
            "created_time": "2025-02-28T05:13:41.209805Z",
            "yes_price": 9,
            "no_price": 91,
            "taker_side": "yes"
        },
        {
            "trade_id": "2cf745b1-916e-4167-8528-8e416b002ed2",
            "ticker": "KXHIGHAUS-25FEB28-B72.5",
            "count": 27,
            "created_time": "2025-02-28T05:13:41.209805Z",
            "yes_price": 9,
            "no_price": 91,
            "taker_side": "yes"
        },
        {
            "trade_id": "b6972b82-f756-4ae7-b8c2-9eeb2caff763",
            "ticker": "KXHIGHAUS-25FEB28-B72.5",
            "count": 27,
            "created_time": "2025-02-28T04:11:07.109518Z",
            "yes_price": 9,
            "no_price": 91,
            "taker_side": "yes"
        },
        {
            "trade_id": "b312bc3a-b87f-461d-93ed-d1f5845db68e",
            "ticker": "KXHIGHAUS-25FEB28-B72.5",
            "count": 43,
            "created_time": "2025-02-28T04:11:07.109518Z",
            "yes_price": 9,
            "no_price": 91,
            "taker_side": "yes"
        },
        {
            "trade_id": "37afb959-5c5c-4e46-82d8-b7ed3b26cde0",
            "ticker": "KXHIGHAUS-25FEB28-B72.5",
            "count": 17,
            "created_time": "2025-02-28T04:11:07.109518Z",
            "yes_price": 9,
            "no_price": 91,
            "taker_side": "yes"
        },
        {
            "trade_id": "3606081c-b91e-4ce0-abe4-79323c27d669",
            "ticker": "KXHIGHAUS-25FEB28-B72.5",
            "count": 11,
            "created_time": "2025-02-28T04:11:07.109518Z",
            "yes_price": 9,
            "no_price": 91,
            "taker_side": "yes"
        },
        {
            "trade_id": "124de583-11ee-4ce4-87bf-0f7f744aec6f",
            "ticker": "KXHIGHAUS-25FEB28-B72.5",
            "count": 2,
            "created_time": "2025-02-28T04:11:07.109518Z",
            "yes_price": 9,
            "no_price": 91,
            "taker_side": "yes"
        },
        {
            "trade_id": "c7d0da43-8236-42ca-a58c-5447c4714fba",
            "ticker": "KXHIGHAUS-25FEB28-B72.5",
            "count": 100,
            "created_time": "2025-02-28T04:02:25.852914Z",
            "yes_price": 8,
            "no_price": 92,
            "taker_side": "no"
        },
        {
            "trade_id": "ada549b7-f9ac-4257-9862-373eb4544344",
            "ticker": "KXHIGHAUS-25FEB28-B72.5",
            "count": 94,
            "created_time": "2025-02-28T03:57:16.065587Z",
            "yes_price": 10,
            "no_price": 90,
            "taker_side": "yes"
        },
        {
            "trade_id": "211bbcd8-fd4b-4d56-8f6e-9341ceff5990",
            "ticker": "KXHIGHAUS-25FEB28-B72.5",
            "count": 52,
            "created_time": "2025-02-28T03:54:22.533866Z",
            "yes_price": 8,
            "no_price": 92,
            "taker_side": "no"
        },
        {
            "trade_id": "b8550366-f694-42dc-8180-833dc0dcbe88",
            "ticker": "KXHIGHAUS-25FEB28-B72.5",
            "count": 25,
            "created_time": "2025-02-28T03:54:22.375498Z",
            "yes_price": 8,
            "no_price": 92,
            "taker_side": "no"
        },
        {
            "trade_id": "6257dcd3-deec-4d90-ac2e-7c42ce6d3c2b",
            "ticker": "KXHIGHAUS-25FEB28-B72.5",
            "count": 6,
            "created_time": "2025-02-28T03:51:22.547431Z",
            "yes_price": 8,
            "no_price": 92,
            "taker_side": "no"
        },
        {
            "trade_id": "0263157e-cde9-4062-9b7d-1e882cee81c3",
            "ticker": "KXHIGHAUS-25FEB28-B72.5",
            "count": 27,
            "created_time": "2025-02-28T03:51:19.508506Z",
            "yes_price": 8,
            "no_price": 92,
            "taker_side": "no"
        },
        {
            "trade_id": "31ea3d32-0871-4f7d-9fdf-b506e1ea84b9",
            "ticker": "KXHIGHAUS-25FEB28-B72.5",
            "count": 67,
            "created_time": "2025-02-28T03:51:19.435345Z",
            "yes_price": 8,
            "no_price": 92,
            "taker_side": "no"
        },
        {
            "trade_id": "ab84540a-1cab-4b57-9c19-184f7d5a1439",
            "ticker": "KXHIGHAUS-25FEB28-B72.5",
            "count": 4,
            "created_time": "2025-02-28T03:48:28.03848Z",
            "yes_price": 8,
            "no_price": 92,
            "taker_side": "no"
        },
        {
            "trade_id": "4040dd67-d8ec-48fd-8cc6-58db9dc57f38",
            "ticker": "KXHIGHAUS-25FEB28-B72.5",
            "count": 10,
            "created_time": "2025-02-28T03:48:26.41472Z",
            "yes_price": 8,
            "no_price": 92,
            "taker_side": "no"
        },
        {
            "trade_id": "77169846-5aa0-4f85-b84a-3454bbe032af",
            "ticker": "KXHIGHAUS-25FEB28-B72.5",
            "count": 83,
            "created_time": "2025-02-28T03:48:26.324455Z",
            "yes_price": 8,
            "no_price": 92,
            "taker_side": "no"
        },
        {
            "trade_id": "56f65e5c-b8d9-4129-a392-b41754ea8d4e",
            "ticker": "KXHIGHAUS-25FEB28-B72.5",
            "count": 101,
            "created_time": "2025-02-28T03:45:24.395935Z",
            "yes_price": 8,
            "no_price": 92,
            "taker_side": "no"
        },
        {
            "trade_id": "1d19a24e-64a3-4e38-8eb2-1ff677ea1044",
            "ticker": "KXHIGHAUS-25FEB28-B72.5",
            "count": 112,
            "created_time": "2025-02-28T03:42:22.984937Z",
            "yes_price": 8,
            "no_price": 92,
            "taker_side": "no"
        },
        {
            "trade_id": "252fe364-7d95-4bdf-b8d6-ddea61dec8aa",
            "ticker": "KXHIGHAUS-25FEB28-B72.5",
            "count": 107,
            "created_time": "2025-02-28T03:39:23.785574Z",
            "yes_price": 8,
            "no_price": 92,
            "taker_side": "no"
        },
        {
            "trade_id": "81bafc72-fd21-43ff-a1ba-bbddcf70e34a",
            "ticker": "KXHIGHAUS-25FEB28-B72.5",
            "count": 73,
            "created_time": "2025-02-28T03:36:25.395117Z",
            "yes_price": 8,
            "no_price": 92,
            "taker_side": "no"
        },
        {
            "trade_id": "ff79b791-c3ef-4358-9ce1-a5cb3a9f9826",
            "ticker": "KXHIGHAUS-25FEB28-B72.5",
            "count": 300,
            "created_time": "2025-02-28T03:25:10.425645Z",
            "yes_price": 8,
            "no_price": 92,
            "taker_side": "no"
        },
        {
            "trade_id": "12e1a31b-6ec2-4f10-bdcb-6f2d2b86e5c8",
            "ticker": "KXHIGHAUS-25FEB28-B72.5",
            "count": 6,
            "created_time": "2025-02-28T03:21:24.892923Z",
            "yes_price": 8,
            "no_price": 92,
            "taker_side": "no"
        },
        {
            "trade_id": "408d0da5-359a-40e2-9e7d-a5ab8fc6f655",
            "ticker": "KXHIGHAUS-25FEB28-B72.5",
            "count": 427,
            "created_time": "2025-02-28T03:12:32.204227Z",
            "yes_price": 11,
            "no_price": 89,
            "taker_side": "yes"
        },
        {
            "trade_id": "16f08158-014d-4c00-8018-c04027bf802a",
            "ticker": "KXHIGHAUS-25FEB28-B72.5",
            "count": 171,
            "created_time": "2025-02-28T02:45:57.335639Z",
            "yes_price": 11,
            "no_price": 89,
            "taker_side": "yes"
        },
        {
            "trade_id": "c366f92b-8c10-4dce-ab22-d6b81fce75b4",
            "ticker": "KXHIGHAUS-25FEB28-B72.5",
            "count": 30,
            "created_time": "2025-02-28T02:41:05.222711Z",
            "yes_price": 8,
            "no_price": 92,
            "taker_side": "no"
        },
        {
            "trade_id": "710bd3e1-7948-4ee0-b21f-150de59fd40d",
            "ticker": "KXHIGHAUS-25FEB28-B72.5",
            "count": 70,
            "created_time": "2025-02-28T02:41:05.222711Z",
            "yes_price": 6,
            "no_price": 94,
            "taker_side": "no"
        },
        {
            "trade_id": "86e6deee-7b4a-482e-a7dc-425d0409b8d2",
            "ticker": "KXHIGHAUS-25FEB28-B72.5",
            "count": 743,
            "created_time": "2025-02-28T02:37:52.551464Z",
            "yes_price": 11,
            "no_price": 89,
            "taker_side": "yes"
        },
        {
            "trade_id": "fba2b9e7-f509-4984-ac87-ab7d2e7c32fe",
            "ticker": "KXHIGHAUS-25FEB28-B72.5",
            "count": 100,
            "created_time": "2025-02-28T02:36:00.306449Z",
            "yes_price": 11,
            "no_price": 89,
            "taker_side": "yes"
        },
        {
            "trade_id": "b320cdd0-fd2f-48e6-badb-8577611515dc",
            "ticker": "KXHIGHAUS-25FEB28-B72.5",
            "count": 172,
            "created_time": "2025-02-28T02:35:01.071575Z",
            "yes_price": 11,
            "no_price": 89,
            "taker_side": "no"
        },
        {
            "trade_id": "860d4738-39ba-4fb1-9ff2-b17e1f7deb83",
            "ticker": "KXHIGHAUS-25FEB28-B72.5",
            "count": 1,
            "created_time": "2025-02-28T02:34:43.735972Z",
            "yes_price": 13,
            "no_price": 87,
            "taker_side": "yes"
        },
        {
            "trade_id": "56575756-980b-430d-9bf4-d9e4d430ce94",
            "ticker": "KXHIGHAUS-25FEB28-B72.5",
            "count": 50,
            "created_time": "2025-02-28T02:34:42.904103Z",
            "yes_price": 11,
            "no_price": 89,
            "taker_side": "no"
        },
        {
            "trade_id": "12aebf50-a444-40bf-8ab9-37bdfbab79e7",
            "ticker": "KXHIGHAUS-25FEB28-B72.5",
            "count": 50,
            "created_time": "2025-02-28T02:24:57.300897Z",
            "yes_price": 13,
            "no_price": 87,
            "taker_side": "yes"
        },
        {
            "trade_id": "95a5f2fe-6d6d-4a7f-8b9b-12d22a1bfbe0",
            "ticker": "KXHIGHAUS-25FEB28-B72.5",
            "count": 23,
            "created_time": "2025-02-28T02:24:12.794729Z",
            "yes_price": 13,
            "no_price": 87,
            "taker_side": "yes"
        },
        {
            "trade_id": "53d05047-8230-49d6-9458-d13152b332a3",
            "ticker": "KXHIGHAUS-25FEB28-B72.5",
            "count": 1,
            "created_time": "2025-02-28T02:24:12.794729Z",
            "yes_price": 13,
            "no_price": 87,
            "taker_side": "yes"
        },
        {
            "trade_id": "24d3c73c-93fd-4275-a8eb-46fcef7200ae",
            "ticker": "KXHIGHAUS-25FEB28-B72.5",
            "count": 48,
            "created_time": "2025-02-28T02:24:12.794729Z",
            "yes_price": 13,
            "no_price": 87,
            "taker_side": "yes"
        },
        {
            "trade_id": "7a0bd2b5-6781-4cf5-b19f-d6fd6af796c4",
            "ticker": "KXHIGHAUS-25FEB28-B72.5",
            "count": 5,
            "created_time": "2025-02-28T01:47:34.410333Z",
            "yes_price": 13,
            "no_price": 87,
            "taker_side": "yes"
        },
        {
            "trade_id": "6cdcb2c8-57b5-4b85-9dd8-ace470d73789",
            "ticker": "KXHIGHAUS-25FEB28-B72.5",
            "count": 1,
            "created_time": "2025-02-28T01:47:34.410333Z",
            "yes_price": 13,
            "no_price": 87,
            "taker_side": "yes"
        },
        {
            "trade_id": "25003e9d-ab28-4c8e-b103-72ff5a6e1df2",
            "ticker": "KXHIGHAUS-25FEB28-B72.5",
            "count": 1,
            "created_time": "2025-02-28T01:47:34.410333Z",
            "yes_price": 13,
            "no_price": 87,
            "taker_side": "yes"
        },
        {
            "trade_id": "6a66f949-c751-4c8f-9bca-478cf26c6ce1",
            "ticker": "KXHIGHAUS-25FEB28-B72.5",
            "count": 1,
            "created_time": "2025-02-28T00:51:11.306989Z",
            "yes_price": 13,
            "no_price": 87,
            "taker_side": "yes"
        },
        {
            "trade_id": "3e71cbe7-4521-4161-bec9-82d6943fccf7",
            "ticker": "KXHIGHAUS-25FEB28-B72.5",
            "count": 3,
            "created_time": "2025-02-28T00:49:19.918289Z",
            "yes_price": 11,
            "no_price": 89,
            "taker_side": "no"
        },
        {
            "trade_id": "83d905e0-2546-4b66-bd96-7658443b45c1",
            "ticker": "KXHIGHAUS-25FEB28-B72.5",
            "count": 16,
            "created_time": "2025-02-27T23:58:41.386161Z",
            "yes_price": 10,
            "no_price": 90,
            "taker_side": "no"
        },
        {
            "trade_id": "f5442823-0b07-49e8-8569-7bf7e8696c7b",
            "ticker": "KXHIGHAUS-25FEB28-B72.5",
            "count": 119,
            "created_time": "2025-02-27T22:19:14.903874Z",
            "yes_price": 16,
            "no_price": 84,
            "taker_side": "yes"
        },
        {
            "trade_id": "99bd69dd-c2d3-45a4-9d01-c8554c5c7b41",
            "ticker": "KXHIGHAUS-25FEB28-B72.5",
            "count": 6,
            "created_time": "2025-02-27T22:18:26.697897Z",
            "yes_price": 15,
            "no_price": 85,
            "taker_side": "yes"
        },
        {
            "trade_id": "1a2f4fab-4f19-4199-ab47-3c38be8640c3",
            "ticker": "KXHIGHAUS-25FEB28-B72.5",
            "count": 62,
            "created_time": "2025-02-27T22:18:26.697897Z",
            "yes_price": 15,
            "no_price": 85,
            "taker_side": "yes"
        },
        {
            "trade_id": "ea7985a9-f51b-4285-a87e-b25c6275e08e",
            "ticker": "KXHIGHAUS-25FEB28-B72.5",
            "count": 29,
            "created_time": "2025-02-27T22:09:07.943157Z",
            "yes_price": 15,
            "no_price": 85,
            "taker_side": "yes"
        },
        {
            "trade_id": "816e924b-1af4-4082-ad09-eabaca748297",
            "ticker": "KXHIGHAUS-25FEB28-B72.5",
            "count": 5,
            "created_time": "2025-02-27T22:09:07.943157Z",
            "yes_price": 15,
            "no_price": 85,
            "taker_side": "yes"
        },
        {
            "trade_id": "4fefb8ad-1bab-446a-9fe0-b945502d8640",
            "ticker": "KXHIGHAUS-25FEB28-B72.5",
            "count": 16,
            "created_time": "2025-02-27T22:09:07.943157Z",
            "yes_price": 15,
            "no_price": 85,
            "taker_side": "yes"
        },
        {
            "trade_id": "8ab44879-2703-43a3-b9df-b79b0149647b",
            "ticker": "KXHIGHAUS-25FEB28-B72.5",
            "count": 25,
            "created_time": "2025-02-27T18:50:35.933231Z",
            "yes_price": 13,
            "no_price": 87,
            "taker_side": "yes"
        },
        {
            "trade_id": "730ed701-068c-49c9-ad01-248329e5bf74",
            "ticker": "KXHIGHAUS-25FEB28-B72.5",
            "count": 11,
            "created_time": "2025-02-27T18:50:35.933231Z",
            "yes_price": 13,
            "no_price": 87,
            "taker_side": "yes"
        },
        {
            "trade_id": "8c451e39-291d-43b1-8d72-2b072733c4ba",
            "ticker": "KXHIGHAUS-25FEB28-B72.5",
            "count": 3,
            "created_time": "2025-02-27T16:20:56.232931Z",
            "yes_price": 13,
            "no_price": 87,
            "taker_side": "yes"
        },
        {
            "trade_id": "ea99c83d-1aa4-46bf-8395-277d62b0ea5b",
            "ticker": "KXHIGHAUS-25FEB28-B72.5",
            "count": 36,
            "created_time": "2025-02-27T16:05:40.941114Z",
            "yes_price": 13,
            "no_price": 87,
            "taker_side": "yes"
        }
    ],
    "KXHIGHAUS-25FEB28-B74.5": [
        {
            "trade_id": "6a944246-72c3-4a3e-8b34-6f8578e2e59e",
            "ticker": "KXHIGHAUS-25FEB28-B74.5",
            "count": 56,
            "created_time": "2025-02-28T23:24:47.194628Z",
            "yes_price": 1,
            "no_price": 99,
            "taker_side": "yes"
        },
        {
            "trade_id": "49285e4f-91b5-429a-9dd4-677e998bceea",
            "ticker": "KXHIGHAUS-25FEB28-B74.5",
            "count": 467,
            "created_time": "2025-02-28T21:24:31.30306Z",
            "yes_price": 1,
            "no_price": 99,
            "taker_side": "yes"
        },
        {
            "trade_id": "c458ea64-b543-4b4a-a681-bc0d6ead6777",
            "ticker": "KXHIGHAUS-25FEB28-B74.5",
            "count": 163,
            "created_time": "2025-02-28T21:21:17.47218Z",
            "yes_price": 1,
            "no_price": 99,
            "taker_side": "yes"
        },
        {
            "trade_id": "66541a43-54aa-4cce-a181-a3c36b53ec8c",
            "ticker": "KXHIGHAUS-25FEB28-B74.5",
            "count": 143,
            "created_time": "2025-02-28T21:08:58.555965Z",
            "yes_price": 1,
            "no_price": 99,
            "taker_side": "yes"
        },
        {
            "trade_id": "83b80d2f-b520-4ede-a926-4dd1750857fc",
            "ticker": "KXHIGHAUS-25FEB28-B74.5",
            "count": 19,
            "created_time": "2025-02-28T20:35:31.613953Z",
            "yes_price": 1,
            "no_price": 99,
            "taker_side": "yes"
        },
        {
            "trade_id": "c0348668-5bd6-4c46-95b4-fcc370e20061",
            "ticker": "KXHIGHAUS-25FEB28-B74.5",
            "count": 50,
            "created_time": "2025-02-28T20:33:34.345794Z",
            "yes_price": 3,
            "no_price": 97,
            "taker_side": "no"
        },
        {
            "trade_id": "832e0533-5301-4907-aa6a-bce293499aa2",
            "ticker": "KXHIGHAUS-25FEB28-B74.5",
            "count": 55,
            "created_time": "2025-02-28T20:33:34.345794Z",
            "yes_price": 2,
            "no_price": 98,
            "taker_side": "no"
        },
        {
            "trade_id": "6cd5b2b0-9d26-41cd-a931-ebf5d35e799e",
            "ticker": "KXHIGHAUS-25FEB28-B74.5",
            "count": 3,
            "created_time": "2025-02-28T20:33:34.345794Z",
            "yes_price": 2,
            "no_price": 98,
            "taker_side": "no"
        },
        {
            "trade_id": "679f10eb-b816-4972-ab5b-15cb80b382c6",
            "ticker": "KXHIGHAUS-25FEB28-B74.5",
            "count": 24,
            "created_time": "2025-02-28T20:33:34.345794Z",
            "yes_price": 1,
            "no_price": 99,
            "taker_side": "no"
        },
        {
            "trade_id": "18e830bf-f767-4c4b-a649-77d3c1826dfc",
            "ticker": "KXHIGHAUS-25FEB28-B74.5",
            "count": 3,
            "created_time": "2025-02-28T20:33:34.345794Z",
            "yes_price": 3,
            "no_price": 97,
            "taker_side": "no"
        },
        {
            "trade_id": "11b2b951-620b-4d39-865a-db7ddee31ec0",
            "ticker": "KXHIGHAUS-25FEB28-B74.5",
            "count": 1,
            "created_time": "2025-02-28T20:33:34.345794Z",
            "yes_price": 1,
            "no_price": 99,
            "taker_side": "no"
        },
        {
            "trade_id": "05e84acf-76a7-4911-b014-587eaedf7a0c",
            "ticker": "KXHIGHAUS-25FEB28-B74.5",
            "count": 2,
            "created_time": "2025-02-28T20:33:34.345794Z",
            "yes_price": 1,
            "no_price": 99,
            "taker_side": "no"
        },
        {
            "trade_id": "824332c7-20cc-4149-9ba3-3435977d75d3",
            "ticker": "KXHIGHAUS-25FEB28-B74.5",
            "count": 50,
            "created_time": "2025-02-28T20:08:52.481185Z",
            "yes_price": 7,
            "no_price": 93,
            "taker_side": "yes"
        },
        {
            "trade_id": "1ad21988-8101-4bd5-a592-5c9258de5262",
            "ticker": "KXHIGHAUS-25FEB28-B74.5",
            "count": 308,
            "created_time": "2025-02-28T20:08:52.481185Z",
            "yes_price": 8,
            "no_price": 92,
            "taker_side": "yes"
        },
        {
            "trade_id": "5c53cfb4-2f8c-47b5-88ba-1287149d5946",
            "ticker": "KXHIGHAUS-25FEB28-B74.5",
            "count": 2466,
            "created_time": "2025-02-28T19:46:00.627655Z",
            "yes_price": 4,
            "no_price": 96,
            "taker_side": "yes"
        },
        {
            "trade_id": "49b6455f-a16a-4e3d-9231-69203aa5d64b",
            "ticker": "KXHIGHAUS-25FEB28-B74.5",
            "count": 50,
            "created_time": "2025-02-28T19:46:00.627655Z",
            "yes_price": 3,
            "no_price": 97,
            "taker_side": "yes"
        },
        {
            "trade_id": "f1450495-5dec-4de0-9122-a114483474c0",
            "ticker": "KXHIGHAUS-25FEB28-B74.5",
            "count": 2,
            "created_time": "2025-02-28T19:37:06.230209Z",
            "yes_price": 4,
            "no_price": 96,
            "taker_side": "yes"
        },
        {
            "trade_id": "ab0e7d06-cb09-468e-a0e3-f137c3fd9d57",
            "ticker": "KXHIGHAUS-25FEB28-B74.5",
            "count": 212,
            "created_time": "2025-02-28T19:37:06.230209Z",
            "yes_price": 4,
            "no_price": 96,
            "taker_side": "yes"
        },
        {
            "trade_id": "8b565bcd-0a46-4f9a-952e-64ffaa64341b",
            "ticker": "KXHIGHAUS-25FEB28-B74.5",
            "count": 322,
            "created_time": "2025-02-28T19:35:32.72654Z",
            "yes_price": 3,
            "no_price": 97,
            "taker_side": "yes"
        },
        {
            "trade_id": "d90f6eba-899e-41f1-b013-e5fed85e0913",
            "ticker": "KXHIGHAUS-25FEB28-B74.5",
            "count": 2,
            "created_time": "2025-02-28T19:35:23.113974Z",
            "yes_price": 1,
            "no_price": 99,
            "taker_side": "no"
        },
        {
            "trade_id": "6af9c3f7-cc6c-44c2-950f-fc0073a0f8d9",
            "ticker": "KXHIGHAUS-25FEB28-B74.5",
            "count": 50,
            "created_time": "2025-02-28T19:33:43.37936Z",
            "yes_price": 2,
            "no_price": 98,
            "taker_side": "yes"
        },
        {
            "trade_id": "375e0cfe-1f44-4f9b-b567-08979c82f885",
            "ticker": "KXHIGHAUS-25FEB28-B74.5",
            "count": 1912,
            "created_time": "2025-02-28T19:33:43.37936Z",
            "yes_price": 2,
            "no_price": 98,
            "taker_side": "yes"
        },
        {
            "trade_id": "c7e4cf96-d4cb-481d-81f5-b8abb584fa73",
            "ticker": "KXHIGHAUS-25FEB28-B74.5",
            "count": 32,
            "created_time": "2025-02-28T19:30:31.819117Z",
            "yes_price": 2,
            "no_price": 98,
            "taker_side": "yes"
        },
        {
            "trade_id": "8207b17a-a370-47ea-bd97-23ba49274dc9",
            "ticker": "KXHIGHAUS-25FEB28-B74.5",
            "count": 13,
            "created_time": "2025-02-28T19:29:34.674411Z",
            "yes_price": 3,
            "no_price": 97,
            "taker_side": "no"
        },
        {
            "trade_id": "2beeb7e3-ec14-4eaf-9a9f-c6c7fa9869a5",
            "ticker": "KXHIGHAUS-25FEB28-B74.5",
            "count": 43,
            "created_time": "2025-02-28T19:29:34.674411Z",
            "yes_price": 2,
            "no_price": 98,
            "taker_side": "no"
        },
        {
            "trade_id": "9eb0cd02-bd0c-4fd9-8cb3-5aced4ee71d5",
            "ticker": "KXHIGHAUS-25FEB28-B74.5",
            "count": 50,
            "created_time": "2025-02-28T19:28:40.865893Z",
            "yes_price": 6,
            "no_price": 94,
            "taker_side": "yes"
        },
        {
            "trade_id": "60b55752-1409-4077-ad41-1169c1a4361c",
            "ticker": "KXHIGHAUS-25FEB28-B74.5",
            "count": 28,
            "created_time": "2025-02-28T19:28:40.865893Z",
            "yes_price": 6,
            "no_price": 94,
            "taker_side": "yes"
        },
        {
            "trade_id": "74ceeb4f-4127-4e71-ab82-14c54fa953d2",
            "ticker": "KXHIGHAUS-25FEB28-B74.5",
            "count": 20,
            "created_time": "2025-02-28T19:25:05.582405Z",
            "yes_price": 1,
            "no_price": 99,
            "taker_side": "no"
        },
        {
            "trade_id": "4d9c2dd6-9044-44e3-a704-50313366415a",
            "ticker": "KXHIGHAUS-25FEB28-B74.5",
            "count": 20,
            "created_time": "2025-02-28T19:25:05.582405Z",
            "yes_price": 4,
            "no_price": 96,
            "taker_side": "no"
        },
        {
            "trade_id": "483cdfb9-c673-4005-a4f5-223c5c69264b",
            "ticker": "KXHIGHAUS-25FEB28-B74.5",
            "count": 300,
            "created_time": "2025-02-28T19:25:05.582405Z",
            "yes_price": 4,
            "no_price": 96,
            "taker_side": "no"
        },
        {
            "trade_id": "482439e7-111a-42b8-8da2-994ff1967f46",
            "ticker": "KXHIGHAUS-25FEB28-B74.5",
            "count": 50,
            "created_time": "2025-02-28T19:25:05.582405Z",
            "yes_price": 3,
            "no_price": 97,
            "taker_side": "no"
        },
        {
            "trade_id": "38bc1ca4-207e-412f-84be-fc51a64bb117",
            "ticker": "KXHIGHAUS-25FEB28-B74.5",
            "count": 1315,
            "created_time": "2025-02-28T19:25:05.582405Z",
            "yes_price": 6,
            "no_price": 94,
            "taker_side": "no"
        },
        {
            "trade_id": "29663575-6cf1-426f-b119-ab9b9456ad60",
            "ticker": "KXHIGHAUS-25FEB28-B74.5",
            "count": 50,
            "created_time": "2025-02-28T19:25:05.582405Z",
            "yes_price": 4,
            "no_price": 96,
            "taker_side": "no"
        },
        {
            "trade_id": "158a11fa-dd7a-486d-9587-ae64bfd02c35",
            "ticker": "KXHIGHAUS-25FEB28-B74.5",
            "count": 40,
            "created_time": "2025-02-28T19:25:05.582405Z",
            "yes_price": 2,
            "no_price": 98,
            "taker_side": "no"
        },
        {
            "trade_id": "09ad17cd-87c5-4c73-9553-699baf9be1f7",
            "ticker": "KXHIGHAUS-25FEB28-B74.5",
            "count": 300,
            "created_time": "2025-02-28T19:25:05.582405Z",
            "yes_price": 2,
            "no_price": 98,
            "taker_side": "no"
        },
        {
            "trade_id": "8c91f8a6-3b48-46b7-ba7b-269d230b015f",
            "ticker": "KXHIGHAUS-25FEB28-B74.5",
            "count": 497,
            "created_time": "2025-02-28T19:20:49.808367Z",
            "yes_price": 6,
            "no_price": 94,
            "taker_side": "no"
        },
        {
            "trade_id": "71b7f3e6-3977-4031-8503-ec59e13831fd",
            "ticker": "KXHIGHAUS-25FEB28-B74.5",
            "count": 17,
            "created_time": "2025-02-28T19:20:29.426527Z",
            "yes_price": 9,
            "no_price": 91,
            "taker_side": "yes"
        },
        {
            "trade_id": "fb0114ed-3a57-4776-a7c0-066c5740d293",
            "ticker": "KXHIGHAUS-25FEB28-B74.5",
            "count": 188,
            "created_time": "2025-02-28T19:17:15.344528Z",
            "yes_price": 6,
            "no_price": 94,
            "taker_side": "no"
        },
        {
            "trade_id": "765f81a5-c847-41aa-8c27-4c0d551062ea",
            "ticker": "KXHIGHAUS-25FEB28-B74.5",
            "count": 14,
            "created_time": "2025-02-28T19:17:15.344528Z",
            "yes_price": 9,
            "no_price": 91,
            "taker_side": "no"
        },
        {
            "trade_id": "32f9d0f1-47a3-49bf-b378-b4c45b58720b",
            "ticker": "KXHIGHAUS-25FEB28-B74.5",
            "count": 4,
            "created_time": "2025-02-28T19:16:32.272038Z",
            "yes_price": 9,
            "no_price": 91,
            "taker_side": "no"
        },
        {
            "trade_id": "09ba7095-90dd-4e55-bcc1-350f34659fa4",
            "ticker": "KXHIGHAUS-25FEB28-B74.5",
            "count": 2,
            "created_time": "2025-02-28T19:15:24.402477Z",
            "yes_price": 9,
            "no_price": 91,
            "taker_side": "yes"
        },
        {
            "trade_id": "a4fa8697-e0ad-4004-b86b-5ca14f3c2e9a",
            "ticker": "KXHIGHAUS-25FEB28-B74.5",
            "count": 1,
            "created_time": "2025-02-28T19:12:41.964816Z",
            "yes_price": 11,
            "no_price": 89,
            "taker_side": "yes"
        },
        {
            "trade_id": "dfa94aa9-32a1-4090-a669-4585e7e2d5c1",
            "ticker": "KXHIGHAUS-25FEB28-B74.5",
            "count": 19,
            "created_time": "2025-02-28T19:10:29.307176Z",
            "yes_price": 11,
            "no_price": 89,
            "taker_side": "yes"
        },
        {
            "trade_id": "3dfcc389-a531-4484-83c1-dc4ff6c7b2e2",
            "ticker": "KXHIGHAUS-25FEB28-B74.5",
            "count": 7,
            "created_time": "2025-02-28T19:09:35.507612Z",
            "yes_price": 7,
            "no_price": 93,
            "taker_side": "no"
        },
        {
            "trade_id": "05a1ee29-3df0-4c9c-b0ea-0ee7aeaed477",
            "ticker": "KXHIGHAUS-25FEB28-B74.5",
            "count": 50,
            "created_time": "2025-02-28T19:03:31.464762Z",
            "yes_price": 12,
            "no_price": 88,
            "taker_side": "no"
        },
        {
            "trade_id": "7a3b1e87-0dc2-4a16-9aca-1d86fe22d099",
            "ticker": "KXHIGHAUS-25FEB28-B74.5",
            "count": 100,
            "created_time": "2025-02-28T19:03:23.479975Z",
            "yes_price": 12,
            "no_price": 88,
            "taker_side": "no"
        },
        {
            "trade_id": "e0a824d2-e8c3-4ea5-8685-b3f9fdcb5f4c",
            "ticker": "KXHIGHAUS-25FEB28-B74.5",
            "count": 1,
            "created_time": "2025-02-28T18:55:27.278676Z",
            "yes_price": 28,
            "no_price": 72,
            "taker_side": "yes"
        },
        {
            "trade_id": "b9e4ca3e-03c9-43c3-bfde-10e2e7c42b39",
            "ticker": "KXHIGHAUS-25FEB28-B74.5",
            "count": 99,
            "created_time": "2025-02-28T18:55:27.278676Z",
            "yes_price": 20,
            "no_price": 80,
            "taker_side": "yes"
        },
        {
            "trade_id": "a2fb3e63-a29c-4fa8-b33d-d88e78386d9f",
            "ticker": "KXHIGHAUS-25FEB28-B74.5",
            "count": 1,
            "created_time": "2025-02-28T18:55:27.278676Z",
            "yes_price": 30,
            "no_price": 70,
            "taker_side": "yes"
        },
        {
            "trade_id": "a1fdbabd-83e9-4a6c-871c-4bc86aba4bc3",
            "ticker": "KXHIGHAUS-25FEB28-B74.5",
            "count": 1,
            "created_time": "2025-02-28T18:55:27.278676Z",
            "yes_price": 29,
            "no_price": 71,
            "taker_side": "yes"
        },
        {
            "trade_id": "5cecfff7-08ab-4d65-8019-76d5e0ef1674",
            "ticker": "KXHIGHAUS-25FEB28-B74.5",
            "count": 9,
            "created_time": "2025-02-28T18:55:27.278676Z",
            "yes_price": 30,
            "no_price": 70,
            "taker_side": "yes"
        },
        {
            "trade_id": "586d5a9d-ad63-47eb-9de4-568e2fc43503",
            "ticker": "KXHIGHAUS-25FEB28-B74.5",
            "count": 1,
            "created_time": "2025-02-28T18:55:27.278676Z",
            "yes_price": 27,
            "no_price": 73,
            "taker_side": "yes"
        },
        {
            "trade_id": "42d36c3e-74f3-47b4-b91f-72bcce643545",
            "ticker": "KXHIGHAUS-25FEB28-B74.5",
            "count": 18,
            "created_time": "2025-02-28T18:55:27.278676Z",
            "yes_price": 18,
            "no_price": 82,
            "taker_side": "yes"
        },
        {
            "trade_id": "26a804e6-a98f-4552-bc2c-2e5edcfcb6f5",
            "ticker": "KXHIGHAUS-25FEB28-B74.5",
            "count": 100,
            "created_time": "2025-02-28T18:55:27.278676Z",
            "yes_price": 20,
            "no_price": 80,
            "taker_side": "yes"
        },
        {
            "trade_id": "1962b30d-1e45-4519-b271-477170ea8b28",
            "ticker": "KXHIGHAUS-25FEB28-B74.5",
            "count": 1,
            "created_time": "2025-02-28T18:55:27.278676Z",
            "yes_price": 26,
            "no_price": 74,
            "taker_side": "yes"
        },
        {
            "trade_id": "0e5d7d2f-48f2-49c0-8f91-96b809202c98",
            "ticker": "KXHIGHAUS-25FEB28-B74.5",
            "count": 24,
            "created_time": "2025-02-28T18:49:22.286739Z",
            "yes_price": 13,
            "no_price": 87,
            "taker_side": "no"
        },
        {
            "trade_id": "8a99466e-74c5-40a1-94aa-9dbfeb318a3d",
            "ticker": "KXHIGHAUS-25FEB28-B74.5",
            "count": 50,
            "created_time": "2025-02-28T18:29:08.372925Z",
            "yes_price": 14,
            "no_price": 86,
            "taker_side": "no"
        },
        {
            "trade_id": "aa2455fe-16ab-4fd4-8df4-53544d0588b2",
            "ticker": "KXHIGHAUS-25FEB28-B74.5",
            "count": 24,
            "created_time": "2025-02-28T18:27:09.329223Z",
            "yes_price": 19,
            "no_price": 81,
            "taker_side": "yes"
        },
        {
            "trade_id": "e3e80966-8261-40b5-ad70-1ddcde1abb72",
            "ticker": "KXHIGHAUS-25FEB28-B74.5",
            "count": 26,
            "created_time": "2025-02-28T18:25:49.84302Z",
            "yes_price": 18,
            "no_price": 82,
            "taker_side": "yes"
        },
        {
            "trade_id": "ea851627-e441-432c-a29c-a007b974aaf0",
            "ticker": "KXHIGHAUS-25FEB28-B74.5",
            "count": 86,
            "created_time": "2025-02-28T18:19:07.671638Z",
            "yes_price": 14,
            "no_price": 86,
            "taker_side": "no"
        },
        {
            "trade_id": "e1609640-bc68-492b-b904-d43be6da4059",
            "ticker": "KXHIGHAUS-25FEB28-B74.5",
            "count": 57,
            "created_time": "2025-02-28T18:18:49.816795Z",
            "yes_price": 15,
            "no_price": 85,
            "taker_side": "no"
        },
        {
            "trade_id": "7a8a43bd-3951-419b-a9f0-d48380dd1e22",
            "ticker": "KXHIGHAUS-25FEB28-B74.5",
            "count": 22,
            "created_time": "2025-02-28T18:11:02.5176Z",
            "yes_price": 15,
            "no_price": 85,
            "taker_side": "yes"
        },
        {
            "trade_id": "35afb0c1-2130-4b0a-8a1b-3f485063f7b9",
            "ticker": "KXHIGHAUS-25FEB28-B74.5",
            "count": 22,
            "created_time": "2025-02-28T18:01:25.554803Z",
            "yes_price": 15,
            "no_price": 85,
            "taker_side": "no"
        },
        {
            "trade_id": "caf86be1-dfe5-4997-911a-810414e35653",
            "ticker": "KXHIGHAUS-25FEB28-B74.5",
            "count": 41,
            "created_time": "2025-02-28T18:00:55.263239Z",
            "yes_price": 14,
            "no_price": 86,
            "taker_side": "no"
        },
        {
            "trade_id": "74bd9e1b-e5b6-41c5-9e7d-40218c5a9881",
            "ticker": "KXHIGHAUS-25FEB28-B74.5",
            "count": 44,
            "created_time": "2025-02-28T18:00:48.932861Z",
            "yes_price": 15,
            "no_price": 85,
            "taker_side": "yes"
        },
        {
            "trade_id": "1ec17cea-6c7f-40ac-8183-9adc454106cc",
            "ticker": "KXHIGHAUS-25FEB28-B74.5",
            "count": 15,
            "created_time": "2025-02-28T18:00:30.884704Z",
            "yes_price": 15,
            "no_price": 85,
            "taker_side": "no"
        },
        {
            "trade_id": "566abf3d-e885-4342-ae56-28e3c2240f45",
            "ticker": "KXHIGHAUS-25FEB28-B74.5",
            "count": 5,
            "created_time": "2025-02-28T17:39:52.12294Z",
            "yes_price": 16,
            "no_price": 84,
            "taker_side": "yes"
        },
        {
            "trade_id": "e51eb3b8-4245-4dd5-b366-2b802e270334",
            "ticker": "KXHIGHAUS-25FEB28-B74.5",
            "count": 10,
            "created_time": "2025-02-28T17:32:47.092554Z",
            "yes_price": 12,
            "no_price": 88,
            "taker_side": "no"
        },
        {
            "trade_id": "76ced9bd-1e4c-4c38-8200-2a846df83f7c",
            "ticker": "KXHIGHAUS-25FEB28-B74.5",
            "count": 40,
            "created_time": "2025-02-28T17:25:05.585387Z",
            "yes_price": 12,
            "no_price": 88,
            "taker_side": "no"
        },
        {
            "trade_id": "923f79be-662c-40fa-a828-8d377c79dc8c",
            "ticker": "KXHIGHAUS-25FEB28-B74.5",
            "count": 15,
            "created_time": "2025-02-28T17:24:57.291678Z",
            "yes_price": 13,
            "no_price": 87,
            "taker_side": "no"
        },
        {
            "trade_id": "2578d4a1-d47a-4bc0-89bf-6850d3325a0d",
            "ticker": "KXHIGHAUS-25FEB28-B74.5",
            "count": 1,
            "created_time": "2025-02-28T17:01:53.736093Z",
            "yes_price": 26,
            "no_price": 74,
            "taker_side": "yes"
        },
        {
            "trade_id": "78ca4b7d-d496-4a1d-899a-d0d56dd0c312",
            "ticker": "KXHIGHAUS-25FEB28-B74.5",
            "count": 74,
            "created_time": "2025-02-28T17:00:34.069141Z",
            "yes_price": 23,
            "no_price": 77,
            "taker_side": "no"
        },
        {
            "trade_id": "df9d1123-395d-467d-8158-cf5de4c0c397",
            "ticker": "KXHIGHAUS-25FEB28-B74.5",
            "count": 20,
            "created_time": "2025-02-28T16:47:52.404666Z",
            "yes_price": 28,
            "no_price": 72,
            "taker_side": "yes"
        },
        {
            "trade_id": "7cef6f45-d86c-4a73-9203-7bb11f214b87",
            "ticker": "KXHIGHAUS-25FEB28-B74.5",
            "count": 50,
            "created_time": "2025-02-28T16:41:23.282922Z",
            "yes_price": 28,
            "no_price": 72,
            "taker_side": "yes"
        },
        {
            "trade_id": "a043d527-a2ac-4249-a65f-ea21cb3e7b9a",
            "ticker": "KXHIGHAUS-25FEB28-B74.5",
            "count": 13,
            "created_time": "2025-02-28T16:37:41.512702Z",
            "yes_price": 29,
            "no_price": 71,
            "taker_side": "yes"
        },
        {
            "trade_id": "9f5d81ee-896c-47e0-9329-e607c1916b43",
            "ticker": "KXHIGHAUS-25FEB28-B74.5",
            "count": 3,
            "created_time": "2025-02-28T16:37:41.512702Z",
            "yes_price": 29,
            "no_price": 71,
            "taker_side": "yes"
        },
        {
            "trade_id": "fc10f876-a461-4f78-93f6-f5c08105f601",
            "ticker": "KXHIGHAUS-25FEB28-B74.5",
            "count": 30,
            "created_time": "2025-02-28T16:19:24.151954Z",
            "yes_price": 27,
            "no_price": 73,
            "taker_side": "yes"
        },
        {
            "trade_id": "79f4b4a5-4d50-4256-a253-90d601a3e2f2",
            "ticker": "KXHIGHAUS-25FEB28-B74.5",
            "count": 21,
            "created_time": "2025-02-28T16:19:10.534103Z",
            "yes_price": 25,
            "no_price": 75,
            "taker_side": "yes"
        },
        {
            "trade_id": "15d34d9f-3b38-48ef-9e47-31c941e3d6f0",
            "ticker": "KXHIGHAUS-25FEB28-B74.5",
            "count": 197,
            "created_time": "2025-02-28T16:19:10.534103Z",
            "yes_price": 25,
            "no_price": 75,
            "taker_side": "yes"
        },
        {
            "trade_id": "0c417d3c-fb24-4c04-8860-544e353d6f7b",
            "ticker": "KXHIGHAUS-25FEB28-B74.5",
            "count": 6,
            "created_time": "2025-02-28T16:06:27.347309Z",
            "yes_price": 24,
            "no_price": 76,
            "taker_side": "yes"
        },
        {
            "trade_id": "0feeb759-3a6b-4fcc-ad43-36795e4f4197",
            "ticker": "KXHIGHAUS-25FEB28-B74.5",
            "count": 18,
            "created_time": "2025-02-28T15:51:25.645389Z",
            "yes_price": 23,
            "no_price": 77,
            "taker_side": "yes"
        },
        {
            "trade_id": "668113dc-848d-4ad7-b562-fa0b7d1c40ba",
            "ticker": "KXHIGHAUS-25FEB28-B74.5",
            "count": 3,
            "created_time": "2025-02-28T15:46:01.536558Z",
            "yes_price": 25,
            "no_price": 75,
            "taker_side": "yes"
        },
        {
            "trade_id": "179a9cf5-a96f-489b-9d09-c8fe16c9be17",
            "ticker": "KXHIGHAUS-25FEB28-B74.5",
            "count": 14,
            "created_time": "2025-02-28T15:39:39.376527Z",
            "yes_price": 23,
            "no_price": 77,
            "taker_side": "yes"
        },
        {
            "trade_id": "f2ab8253-5475-4d31-803c-fc09a79ae5f8",
            "ticker": "KXHIGHAUS-25FEB28-B74.5",
            "count": 4,
            "created_time": "2025-02-28T15:39:27.107747Z",
            "yes_price": 23,
            "no_price": 77,
            "taker_side": "yes"
        },
        {
            "trade_id": "497964e5-e60c-43fe-8fb9-8b7711ccf997",
            "ticker": "KXHIGHAUS-25FEB28-B74.5",
            "count": 15,
            "created_time": "2025-02-28T15:36:33.494839Z",
            "yes_price": 22,
            "no_price": 78,
            "taker_side": "yes"
        },
        {
            "trade_id": "b506684c-e364-4748-9782-9ec57e1b7803",
            "ticker": "KXHIGHAUS-25FEB28-B74.5",
            "count": 1,
            "created_time": "2025-02-28T15:36:31.03277Z",
            "yes_price": 22,
            "no_price": 78,
            "taker_side": "yes"
        },
        {
            "trade_id": "19fc86e2-fb28-460b-8c41-c297df9c64dd",
            "ticker": "KXHIGHAUS-25FEB28-B74.5",
            "count": 4,
            "created_time": "2025-02-28T15:24:35.027496Z",
            "yes_price": 23,
            "no_price": 77,
            "taker_side": "yes"
        },
        {
            "trade_id": "585e6a57-217d-4a54-b34e-e209914e44a7",
            "ticker": "KXHIGHAUS-25FEB28-B74.5",
            "count": 10,
            "created_time": "2025-02-28T15:12:25.946138Z",
            "yes_price": 21,
            "no_price": 79,
            "taker_side": "yes"
        },
        {
            "trade_id": "5d10826d-f92c-41ad-8954-aa5be79b8eb2",
            "ticker": "KXHIGHAUS-25FEB28-B74.5",
            "count": 2,
            "created_time": "2025-02-28T15:12:01.125494Z",
            "yes_price": 21,
            "no_price": 79,
            "taker_side": "yes"
        },
        {
            "trade_id": "a7697d32-c478-4a96-b1ee-0d0123815314",
            "ticker": "KXHIGHAUS-25FEB28-B74.5",
            "count": 1,
            "created_time": "2025-02-28T15:09:34.034475Z",
            "yes_price": 21,
            "no_price": 79,
            "taker_side": "no"
        },
        {
            "trade_id": "cac4ec44-b85e-47dc-97ce-8c31f66eecec",
            "ticker": "KXHIGHAUS-25FEB28-B74.5",
            "count": 31,
            "created_time": "2025-02-28T15:03:03.061206Z",
            "yes_price": 23,
            "no_price": 77,
            "taker_side": "yes"
        },
        {
            "trade_id": "1c6e8a46-8fc5-4f99-888f-7b4d2e459098",
            "ticker": "KXHIGHAUS-25FEB28-B74.5",
            "count": 8,
            "created_time": "2025-02-28T15:00:40.875357Z",
            "yes_price": 21,
            "no_price": 79,
            "taker_side": "no"
        },
        {
            "trade_id": "f72eb3ca-4e39-4dad-b670-1c4a5cac5971",
            "ticker": "KXHIGHAUS-25FEB28-B74.5",
            "count": 2,
            "created_time": "2025-02-28T14:41:15.984788Z",
            "yes_price": 23,
            "no_price": 77,
            "taker_side": "yes"
        },
        {
            "trade_id": "e55c795e-8299-4959-b4dc-e56e40bc7ea1",
            "ticker": "KXHIGHAUS-25FEB28-B74.5",
            "count": 6,
            "created_time": "2025-02-28T14:32:08.832565Z",
            "yes_price": 27,
            "no_price": 73,
            "taker_side": "yes"
        },
        {
            "trade_id": "1f46e924-fde2-447a-83f4-49a1dbfda4b2",
            "ticker": "KXHIGHAUS-25FEB28-B74.5",
            "count": 23,
            "created_time": "2025-02-28T14:32:08.832565Z",
            "yes_price": 27,
            "no_price": 73,
            "taker_side": "yes"
        },
        {
            "trade_id": "e2585c4b-f93e-44a3-8caf-0640129c7964",
            "ticker": "KXHIGHAUS-25FEB28-B74.5",
            "count": 1,
            "created_time": "2025-02-28T14:32:06.819387Z",
            "yes_price": 27,
            "no_price": 73,
            "taker_side": "yes"
        },
        {
            "trade_id": "c9e833a0-a72c-4ec9-9c4f-b9e09490e694",
            "ticker": "KXHIGHAUS-25FEB28-B74.5",
            "count": 3,
            "created_time": "2025-02-28T14:32:05.993007Z",
            "yes_price": 27,
            "no_price": 73,
            "taker_side": "yes"
        },
        {
            "trade_id": "02c0c9af-f608-4aed-bf6f-b05f2a62709a",
            "ticker": "KXHIGHAUS-25FEB28-B74.5",
            "count": 1,
            "created_time": "2025-02-28T14:32:05.993007Z",
            "yes_price": 27,
            "no_price": 73,
            "taker_side": "yes"
        },
        {
            "trade_id": "c207a807-7cd1-48a5-ae3a-f982c569ddfa",
            "ticker": "KXHIGHAUS-25FEB28-B74.5",
            "count": 14,
            "created_time": "2025-02-28T14:32:03.323311Z",
            "yes_price": 22,
            "no_price": 78,
            "taker_side": "no"
        },
        {
            "trade_id": "a51a5929-7848-4453-802c-2ef0437f9fa8",
            "ticker": "KXHIGHAUS-25FEB28-B74.5",
            "count": 1,
            "created_time": "2025-02-28T14:32:03.323311Z",
            "yes_price": 21,
            "no_price": 79,
            "taker_side": "no"
        },
        {
            "trade_id": "5bc90cba-ef92-4033-84fb-8e83c88eb830",
            "ticker": "KXHIGHAUS-25FEB28-B74.5",
            "count": 15,
            "created_time": "2025-02-28T14:32:03.323311Z",
            "yes_price": 22,
            "no_price": 78,
            "taker_side": "no"
        },
        {
            "trade_id": "966f011a-6d79-46df-b0f9-b6a788f36925",
            "ticker": "KXHIGHAUS-25FEB28-B74.5",
            "count": 3,
            "created_time": "2025-02-28T14:27:16.294585Z",
            "yes_price": 27,
            "no_price": 73,
            "taker_side": "yes"
        },
        {
            "trade_id": "e73d0acc-6d2e-42b5-9a72-f888677bda50",
            "ticker": "KXHIGHAUS-25FEB28-B74.5",
            "count": 1,
            "created_time": "2025-02-28T14:27:15.556881Z",
            "yes_price": 27,
            "no_price": 73,
            "taker_side": "yes"
        },
        {
            "trade_id": "b2948140-6943-420d-970d-2c02b4af0c2b",
            "ticker": "KXHIGHAUS-25FEB28-B74.5",
            "count": 15,
            "created_time": "2025-02-28T14:27:14.494215Z",
            "yes_price": 27,
            "no_price": 73,
            "taker_side": "yes"
        },
        {
            "trade_id": "9c061ece-1451-4f30-b531-349c2cdf8ad1",
            "ticker": "KXHIGHAUS-25FEB28-B74.5",
            "count": 12,
            "created_time": "2025-02-28T14:27:14.494215Z",
            "yes_price": 27,
            "no_price": 73,
            "taker_side": "yes"
        },
        {
            "trade_id": "e2b38ba6-5f0a-408b-8556-086a5333f529",
            "ticker": "KXHIGHAUS-25FEB28-B74.5",
            "count": 16,
            "created_time": "2025-02-28T14:27:12.901179Z",
            "yes_price": 22,
            "no_price": 78,
            "taker_side": "no"
        },
        {
            "trade_id": "d000cbde-5c73-40eb-a819-68f02aa62e6f",
            "ticker": "KXHIGHAUS-25FEB28-B74.5",
            "count": 10,
            "created_time": "2025-02-28T14:27:12.901179Z",
            "yes_price": 22,
            "no_price": 78,
            "taker_side": "no"
        },
        {
            "trade_id": "aac05ce4-022c-482c-94dd-fa81accb16d3",
            "ticker": "KXHIGHAUS-25FEB28-B74.5",
            "count": 3,
            "created_time": "2025-02-28T14:27:12.901179Z",
            "yes_price": 22,
            "no_price": 78,
            "taker_side": "no"
        },
        {
            "trade_id": "7115f48c-81c0-4728-9e9b-03f602305245",
            "ticker": "KXHIGHAUS-25FEB28-B74.5",
            "count": 1,
            "created_time": "2025-02-28T14:27:12.901179Z",
            "yes_price": 22,
            "no_price": 78,
            "taker_side": "no"
        },
        {
            "trade_id": "cb2230ee-b1be-4872-9631-720d4fb1ef39",
            "ticker": "KXHIGHAUS-25FEB28-B74.5",
            "count": 1,
            "created_time": "2025-02-28T14:21:05.770601Z",
            "yes_price": 27,
            "no_price": 73,
            "taker_side": "yes"
        },
        {
            "trade_id": "97ea8b3e-1b63-4a8c-a8b3-b7ec2107fdb3",
            "ticker": "KXHIGHAUS-25FEB28-B74.5",
            "count": 4,
            "created_time": "2025-02-28T14:21:03.276873Z",
            "yes_price": 22,
            "no_price": 78,
            "taker_side": "no"
        },
        {
            "trade_id": "86c509a6-7b26-4480-857a-00458036922a",
            "ticker": "KXHIGHAUS-25FEB28-B74.5",
            "count": 16,
            "created_time": "2025-02-28T14:16:23.427701Z",
            "yes_price": 27,
            "no_price": 73,
            "taker_side": "yes"
        },
        {
            "trade_id": "34d4584f-2e84-4a1f-a0ad-5f4d68bbee5f",
            "ticker": "KXHIGHAUS-25FEB28-B74.5",
            "count": 1,
            "created_time": "2025-02-28T14:16:23.427701Z",
            "yes_price": 27,
            "no_price": 73,
            "taker_side": "yes"
        },
        {
            "trade_id": "1b0ec86d-76c7-490c-a9ac-66cc10cff982",
            "ticker": "KXHIGHAUS-25FEB28-B74.5",
            "count": 53,
            "created_time": "2025-02-28T14:16:23.427701Z",
            "yes_price": 27,
            "no_price": 73,
            "taker_side": "yes"
        },
        {
            "trade_id": "92767c3c-59a5-4d12-93db-f44423e343b6",
            "ticker": "KXHIGHAUS-25FEB28-B74.5",
            "count": 20,
            "created_time": "2025-02-28T13:51:46.515868Z",
            "yes_price": 23,
            "no_price": 77,
            "taker_side": "no"
        },
        {
            "trade_id": "5e399ce2-4b13-4f50-ab1c-66b5283a5a24",
            "ticker": "KXHIGHAUS-25FEB28-B74.5",
            "count": 57,
            "created_time": "2025-02-28T13:51:46.515868Z",
            "yes_price": 23,
            "no_price": 77,
            "taker_side": "no"
        },
        {
            "trade_id": "5839e8fa-2318-4b7f-a407-9d791903b9ef",
            "ticker": "KXHIGHAUS-25FEB28-B74.5",
            "count": 24,
            "created_time": "2025-02-28T13:51:46.515868Z",
            "yes_price": 23,
            "no_price": 77,
            "taker_side": "no"
        },
        {
            "trade_id": "41e2cd7d-ce53-461d-95f2-f635f6b56253",
            "ticker": "KXHIGHAUS-25FEB28-B74.5",
            "count": 5,
            "created_time": "2025-02-28T13:51:46.515868Z",
            "yes_price": 23,
            "no_price": 77,
            "taker_side": "no"
        },
        {
            "trade_id": "fb32618a-fee8-4c0d-b7a9-545339dc3618",
            "ticker": "KXHIGHAUS-25FEB28-B74.5",
            "count": 9,
            "created_time": "2025-02-28T13:41:27.547224Z",
            "yes_price": 27,
            "no_price": 73,
            "taker_side": "yes"
        },
        {
            "trade_id": "b04c65e0-f2b7-41e1-90d1-32096b1aa644",
            "ticker": "KXHIGHAUS-25FEB28-B74.5",
            "count": 161,
            "created_time": "2025-02-28T13:41:27.547224Z",
            "yes_price": 28,
            "no_price": 72,
            "taker_side": "yes"
        },
        {
            "trade_id": "de8c6759-7209-494e-8c3f-486e990d22f3",
            "ticker": "KXHIGHAUS-25FEB28-B74.5",
            "count": 1,
            "created_time": "2025-02-28T13:26:14.061518Z",
            "yes_price": 23,
            "no_price": 77,
            "taker_side": "no"
        },
        {
            "trade_id": "9d13ff1c-27d7-4d51-a7f3-d0227685c50b",
            "ticker": "KXHIGHAUS-25FEB28-B74.5",
            "count": 1,
            "created_time": "2025-02-28T13:13:00.567329Z",
            "yes_price": 26,
            "no_price": 74,
            "taker_side": "yes"
        },
        {
            "trade_id": "846d1705-1e5a-40ea-92c9-b3258be29ce3",
            "ticker": "KXHIGHAUS-25FEB28-B74.5",
            "count": 10,
            "created_time": "2025-02-28T13:07:12.229188Z",
            "yes_price": 28,
            "no_price": 72,
            "taker_side": "yes"
        },
        {
            "trade_id": "e9aff6b8-85e2-4401-aa35-b4f953723a69",
            "ticker": "KXHIGHAUS-25FEB28-B74.5",
            "count": 19,
            "created_time": "2025-02-28T13:06:54.006528Z",
            "yes_price": 28,
            "no_price": 72,
            "taker_side": "yes"
        },
        {
            "trade_id": "e3af0fa0-d261-421f-8d00-19677664d5f2",
            "ticker": "KXHIGHAUS-25FEB28-B74.5",
            "count": 116,
            "created_time": "2025-02-28T13:06:54.006528Z",
            "yes_price": 29,
            "no_price": 71,
            "taker_side": "yes"
        },
        {
            "trade_id": "ba377c39-e5f7-496f-8ec4-fefa5e1b1532",
            "ticker": "KXHIGHAUS-25FEB28-B74.5",
            "count": 14,
            "created_time": "2025-02-28T13:06:54.006528Z",
            "yes_price": 28,
            "no_price": 72,
            "taker_side": "yes"
        },
        {
            "trade_id": "b7db6856-9139-4a76-bb71-b2218435b1f6",
            "ticker": "KXHIGHAUS-25FEB28-B74.5",
            "count": 113,
            "created_time": "2025-02-28T13:06:54.006528Z",
            "yes_price": 30,
            "no_price": 70,
            "taker_side": "yes"
        },
        {
            "trade_id": "a986242d-4614-4202-a358-b6d58b4ce35b",
            "ticker": "KXHIGHAUS-25FEB28-B74.5",
            "count": 27,
            "created_time": "2025-02-28T13:06:54.006528Z",
