{
    "KXHIGHAUS-25JAN07-T44": [
        {
            "trade_id": "c6b1752f-c65d-478f-81e8-04b9a961aed3",
            "ticker": "KXHIGHAUS-25JAN07-T44",
            "count": 491,
            "created_time": "2025-01-07T23:47:00.523289Z",
            "yes_price": 1,
            "no_price": 99,
            "taker_side": "yes"
        },
        {
            "trade_id": "7bfaf46c-5a29-449c-8360-d6e3b53c0ed9",
            "ticker": "KXHIGHAUS-25JAN07-T44",
            "count": 233,
            "created_time": "2025-01-07T19:00:50.717725Z",
            "yes_price": 2,
            "no_price": 98,
            "taker_side": "yes"
        },
        {
            "trade_id": "0ff82b17-3abe-4703-82e3-adfe8fd6340b",
            "ticker": "KXHIGHAUS-25JAN07-T44",
            "count": 2300,
            "created_time": "2025-01-07T18:34:01.019201Z",
            "yes_price": 1,
            "no_price": 99,
            "taker_side": "yes"
        },
        {
            "trade_id": "84998e8c-fb46-48a7-acff-c1b1838c3ffe",
            "ticker": "KXHIGHAUS-25JAN07-T44",
            "count": 43,
            "created_time": "2025-01-07T16:21:53.028622Z",
            "yes_price": 2,
            "no_price": 98,
            "taker_side": "yes"
        },
        {
            "trade_id": "2e7af39b-fa7c-4966-b531-c9d63b2b057d",
            "ticker": "KXHIGHAUS-25JAN07-T44",
            "count": 100,
            "created_time": "2025-01-07T16:21:53.028622Z",
            "yes_price": 1,
            "no_price": 99,
            "taker_side": "yes"
        },
        {
            "trade_id": "f9791ce1-810e-4dd0-bd4c-9258c9b12afe",
            "ticker": "KXHIGHAUS-25JAN07-T44",
            "count": 250,
            "created_time": "2025-01-07T14:43:29.147828Z",
            "yes_price": 2,
            "no_price": 98,
            "taker_side": "yes"
        },
        {
            "trade_id": "28b96e08-780f-4816-a453-2e71d8710839",
            "ticker": "KXHIGHAUS-25JAN07-T44",
            "count": 50,
            "created_time": "2025-01-07T14:43:29.147828Z",
            "yes_price": 2,
            "no_price": 98,
            "taker_side": "yes"
        },
        {
            "trade_id": "db54a1ac-8db2-4540-8b99-71b171e43b53",
            "ticker": "KXHIGHAUS-25JAN07-T44",
            "count": 50,
            "created_time": "2025-01-07T13:46:27.82479Z",
            "yes_price": 2,
            "no_price": 98,
            "taker_side": "yes"
        },
        {
            "trade_id": "8b4dabf1-e21c-4751-b642-595a056b27d5",
            "ticker": "KXHIGHAUS-25JAN07-T44",
            "count": 300,
            "created_time": "2025-01-07T13:46:27.82479Z",
            "yes_price": 2,
            "no_price": 98,
            "taker_side": "yes"
        },
        {
            "trade_id": "2407f738-38f2-4797-a723-708d76d608bc",
            "ticker": "KXHIGHAUS-25JAN07-T44",
            "count": 311,
            "created_time": "2025-01-07T13:22:01.313875Z",
            "yes_price": 1,
            "no_price": 99,
            "taker_side": "no"
        },
        {
            "trade_id": "4382a90c-2577-4804-894a-87fb12078fe0",
            "ticker": "KXHIGHAUS-25JAN07-T44",
            "count": 9,
            "created_time": "2025-01-07T13:17:59.806202Z",
            "yes_price": 1,
            "no_price": 99,
            "taker_side": "no"
        },
        {
            "trade_id": "14d7524d-216d-4495-99be-258fee9c5174",
            "ticker": "KXHIGHAUS-25JAN07-T44",
            "count": 1,
            "created_time": "2025-01-07T13:10:46.730809Z",
            "yes_price": 1,
            "no_price": 99,
            "taker_side": "no"
        },
        {
            "trade_id": "940bdb0b-28f8-4484-87c3-3bf91a98bdf1",
            "ticker": "KXHIGHAUS-25JAN07-T44",
            "count": 1,
            "created_time": "2025-01-07T13:10:36.79085Z",
            "yes_price": 1,
            "no_price": 99,
            "taker_side": "no"
        },
        {
            "trade_id": "e8d658cc-4ce0-4f4a-83b5-3df337a0d816",
            "ticker": "KXHIGHAUS-25JAN07-T44",
            "count": 1,
            "created_time": "2025-01-07T13:09:00.016151Z",
            "yes_price": 1,
            "no_price": 99,
            "taker_side": "no"
        },
        {
            "trade_id": "5b13f9b0-0374-480c-98e5-8fa7aa7e8eaa",
            "ticker": "KXHIGHAUS-25JAN07-T44",
            "count": 1,
            "created_time": "2025-01-07T13:08:49.160764Z",
            "yes_price": 1,
            "no_price": 99,
            "taker_side": "no"
        },
        {
            "trade_id": "fb0f4682-031d-4ab9-92b7-97ea49b1e8c2",
            "ticker": "KXHIGHAUS-25JAN07-T44",
            "count": 4,
            "created_time": "2025-01-07T13:07:18.912622Z",
            "yes_price": 1,
            "no_price": 99,
            "taker_side": "no"
        },
        {
            "trade_id": "5b976f9d-aa82-4f63-ad32-71406d96a5cb",
            "ticker": "KXHIGHAUS-25JAN07-T44",
            "count": 3,
            "created_time": "2025-01-07T13:06:48.746399Z",
            "yes_price": 1,
            "no_price": 99,
            "taker_side": "no"
        },
        {
            "trade_id": "b9a87c59-07a2-4540-ab30-55fbe220ff06",
            "ticker": "KXHIGHAUS-25JAN07-T44",
            "count": 9,
            "created_time": "2025-01-07T13:06:41.338647Z",
            "yes_price": 1,
            "no_price": 99,
            "taker_side": "no"
        },
        {
            "trade_id": "7c1eeeb9-b104-4d87-8313-14c3140ce34d",
            "ticker": "KXHIGHAUS-25JAN07-T44",
            "count": 2,
            "created_time": "2025-01-07T13:04:01.021041Z",
            "yes_price": 1,
            "no_price": 99,
            "taker_side": "no"
        },
        {
            "trade_id": "eedf18c4-4cf8-4555-8346-fb6dd47e62a0",
            "ticker": "KXHIGHAUS-25JAN07-T44",
            "count": 1,
            "created_time": "2025-01-07T13:03:49.569873Z",
            "yes_price": 1,
            "no_price": 99,
            "taker_side": "no"
        },
        {
            "trade_id": "dcfa83f5-bef0-42e9-8151-0983a8b7f884",
            "ticker": "KXHIGHAUS-25JAN07-T44",
            "count": 4,
            "created_time": "2025-01-07T13:03:26.236814Z",
            "yes_price": 1,
            "no_price": 99,
            "taker_side": "no"
        },
        {
            "trade_id": "f861e25a-2314-49ce-8f11-dccc0f081343",
            "ticker": "KXHIGHAUS-25JAN07-T44",
            "count": 3,
            "created_time": "2025-01-07T06:15:36.879533Z",
            "yes_price": 1,
            "no_price": 99,
            "taker_side": "no"
        },
        {
            "trade_id": "b0b00bc9-f111-47e9-ae56-93031d0849c0",
            "ticker": "KXHIGHAUS-25JAN07-T44",
            "count": 12,
            "created_time": "2025-01-07T05:20:33.019614Z",
            "yes_price": 1,
            "no_price": 99,
            "taker_side": "no"
        },
        {
            "trade_id": "d6454462-7f72-41f9-a30a-a5ee9d915ac7",
            "ticker": "KXHIGHAUS-25JAN07-T44",
            "count": 13,
            "created_time": "2025-01-07T05:12:07.276478Z",
            "yes_price": 1,
            "no_price": 99,
            "taker_side": "no"
        },
        {
            "trade_id": "ffa25813-a1cd-4aef-b64f-c0aa0341cdcb",
            "ticker": "KXHIGHAUS-25JAN07-T44",
            "count": 25,
            "created_time": "2025-01-07T04:47:00.342679Z",
            "yes_price": 1,
            "no_price": 99,
            "taker_side": "no"
        },
        {
            "trade_id": "615ffdc0-7c48-4a14-802c-bb59d69309ce",
            "ticker": "KXHIGHAUS-25JAN07-T44",
            "count": 25,
            "created_time": "2025-01-07T04:47:00.342679Z",
            "yes_price": 1,
            "no_price": 99,
            "taker_side": "no"
        },
        {
            "trade_id": "d771b677-b722-4fb1-b361-e6da828b973d",
            "ticker": "KXHIGHAUS-25JAN07-T44",
            "count": 15,
            "created_time": "2025-01-07T02:37:19.206826Z",
            "yes_price": 1,
            "no_price": 99,
            "taker_side": "no"
        },
        {
            "trade_id": "2c193484-ad29-4ff5-b995-6b367d1c49c4",
            "ticker": "KXHIGHAUS-25JAN07-T44",
            "count": 300,
            "created_time": "2025-01-07T02:32:43.158474Z",
            "yes_price": 6,
            "no_price": 94,
            "taker_side": "yes"
        },
        {
            "trade_id": "1b52fd7e-11e6-48c8-ba12-2f59ff941b0b",
            "ticker": "KXHIGHAUS-25JAN07-T44",
            "count": 300,
            "created_time": "2025-01-07T02:32:43.158474Z",
            "yes_price": 5,
            "no_price": 95,
            "taker_side": "yes"
        },
        {
            "trade_id": "19eb1ac7-cf3b-4ee7-aa6c-497f572e5a65",
            "ticker": "KXHIGHAUS-25JAN07-T44",
            "count": 300,
            "created_time": "2025-01-07T02:32:43.158474Z",
            "yes_price": 7,
            "no_price": 93,
            "taker_side": "yes"
        },
        {
            "trade_id": "5146e5d6-dac1-484e-a0bd-adcbd821a516",
            "ticker": "KXHIGHAUS-25JAN07-T44",
            "count": 10,
            "created_time": "2025-01-07T02:13:34.934869Z",
            "yes_price": 1,
            "no_price": 99,
            "taker_side": "no"
        }
    ],
    "KXHIGHAUS-25JAN07-B44.5": [
        {
            "trade_id": "3b78cc6c-2e9b-408b-a5d8-b371c9785eb5",
            "ticker": "KXHIGHAUS-25JAN07-B44.5",
            "count": 1146,
            "created_time": "2025-01-07T20:59:14.445773Z",
            "yes_price": 1,
            "no_price": 99,
            "taker_side": "yes"
        },
        {
            "trade_id": "4b5c449c-7929-4ef8-8044-c339f3ae72ed",
            "ticker": "KXHIGHAUS-25JAN07-B44.5",
            "count": 300,
            "created_time": "2025-01-07T19:52:22.07908Z",
            "yes_price": 1,
            "no_price": 99,
            "taker_side": "yes"
        },
        {
            "trade_id": "bc879d9d-7924-4df7-becb-402de381cd2f",
            "ticker": "KXHIGHAUS-25JAN07-B44.5",
            "count": 612,
            "created_time": "2025-01-07T19:44:53.104368Z",
            "yes_price": 3,
            "no_price": 97,
            "taker_side": "no"
        },
        {
            "trade_id": "da7ab478-cb47-49d1-8fe3-74e357d08e56",
            "ticker": "KXHIGHAUS-25JAN07-B44.5",
            "count": 388,
            "created_time": "2025-01-07T19:44:43.337887Z",
            "yes_price": 3,
            "no_price": 97,
            "taker_side": "no"
        },
        {
            "trade_id": "851aae06-6cf6-4477-9cb4-04aff1accbeb",
            "ticker": "KXHIGHAUS-25JAN07-B44.5",
            "count": 300,
            "created_time": "2025-01-07T19:44:04.719574Z",
            "yes_price": 3,
            "no_price": 97,
            "taker_side": "yes"
        },
        {
            "trade_id": "e2cc0bc9-0b36-4095-ba32-bb5f4ce12b12",
            "ticker": "KXHIGHAUS-25JAN07-B44.5",
            "count": 50,
            "created_time": "2025-01-07T19:43:12.914114Z",
            "yes_price": 1,
            "no_price": 99,
            "taker_side": "no"
        },
        {
            "trade_id": "ec136604-a5d4-4835-8d04-157bc37e9d30",
            "ticker": "KXHIGHAUS-25JAN07-B44.5",
            "count": 23,
            "created_time": "2025-01-07T19:42:31.834697Z",
            "yes_price": 1,
            "no_price": 99,
            "taker_side": "no"
        },
        {
            "trade_id": "0b225a26-9a13-40d7-b2f8-23748379021c",
            "ticker": "KXHIGHAUS-25JAN07-B44.5",
            "count": 2,
            "created_time": "2025-01-07T19:39:41.809522Z",
            "yes_price": 4,
            "no_price": 96,
            "taker_side": "yes"
        },
        {
            "trade_id": "e97d5f0f-e47b-4d56-843d-09bc6af69478",
            "ticker": "KXHIGHAUS-25JAN07-B44.5",
            "count": 6,
            "created_time": "2025-01-07T19:39:03.893538Z",
            "yes_price": 1,
            "no_price": 99,
            "taker_side": "no"
        },
        {
            "trade_id": "a6ca0a08-2262-4a76-b750-885f42397658",
            "ticker": "KXHIGHAUS-25JAN07-B44.5",
            "count": 25,
            "created_time": "2025-01-07T19:38:55.719603Z",
            "yes_price": 3,
            "no_price": 97,
            "taker_side": "yes"
        },
        {
            "trade_id": "8b4a9765-b954-4601-862b-34ade418146d",
            "ticker": "KXHIGHAUS-25JAN07-B44.5",
            "count": 4,
            "created_time": "2025-01-07T19:38:55.719603Z",
            "yes_price": 4,
            "no_price": 96,
            "taker_side": "yes"
        },
        {
            "trade_id": "df7f7eb4-9091-4097-8e8d-cab81eb1530e",
            "ticker": "KXHIGHAUS-25JAN07-B44.5",
            "count": 85,
            "created_time": "2025-01-07T19:34:39.023335Z",
            "yes_price": 1,
            "no_price": 99,
            "taker_side": "no"
        },
        {
            "trade_id": "26047f1f-988d-49fd-b341-ed7587f754ea",
            "ticker": "KXHIGHAUS-25JAN07-B44.5",
            "count": 56,
            "created_time": "2025-01-07T19:21:03.369191Z",
            "yes_price": 1,
            "no_price": 99,
            "taker_side": "no"
        },
        {
            "trade_id": "cdd53bc5-3ffa-42dc-a229-815c709c4a30",
            "ticker": "KXHIGHAUS-25JAN07-B44.5",
            "count": 332,
            "created_time": "2025-01-07T19:21:02.847996Z",
            "yes_price": 1,
            "no_price": 99,
            "taker_side": "no"
        },
        {
            "trade_id": "e2c77cf6-1a3f-4817-b3aa-39d3b412e6d6",
            "ticker": "KXHIGHAUS-25JAN07-B44.5",
            "count": 224,
            "created_time": "2025-01-07T19:14:58.035092Z",
            "yes_price": 2,
            "no_price": 98,
            "taker_side": "yes"
        },
        {
            "trade_id": "2ed402b8-423f-41a3-b02a-0828b7ade8dc",
            "ticker": "KXHIGHAUS-25JAN07-B44.5",
            "count": 1,
            "created_time": "2025-01-07T19:12:08.169451Z",
            "yes_price": 2,
            "no_price": 98,
            "taker_side": "yes"
        },
        {
            "trade_id": "867ebc3a-3278-4509-be7d-8a5e40eb7984",
            "ticker": "KXHIGHAUS-25JAN07-B44.5",
            "count": 1,
            "created_time": "2025-01-07T19:12:01.195889Z",
            "yes_price": 2,
            "no_price": 98,
            "taker_side": "yes"
        },
        {
            "trade_id": "06d86baa-b27f-490f-a0bb-1b0baf533d03",
            "ticker": "KXHIGHAUS-25JAN07-B44.5",
            "count": 1,
            "created_time": "2025-01-07T19:11:53.983369Z",
            "yes_price": 2,
            "no_price": 98,
            "taker_side": "yes"
        },
        {
            "trade_id": "5d799cef-d1c3-489e-93f6-1a2c594f3807",
            "ticker": "KXHIGHAUS-25JAN07-B44.5",
            "count": 1,
            "created_time": "2025-01-07T19:11:46.230939Z",
            "yes_price": 2,
            "no_price": 98,
            "taker_side": "yes"
        },
        {
            "trade_id": "63104ada-396e-4bfd-a62b-adcf07b6effa",
            "ticker": "KXHIGHAUS-25JAN07-B44.5",
            "count": 1,
            "created_time": "2025-01-07T19:11:39.290082Z",
            "yes_price": 2,
            "no_price": 98,
            "taker_side": "yes"
        },
        {
            "trade_id": "6098f0fa-e5a9-44d1-91c1-775f413e5ed4",
            "ticker": "KXHIGHAUS-25JAN07-B44.5",
            "count": 1,
            "created_time": "2025-01-07T19:11:32.31972Z",
            "yes_price": 2,
            "no_price": 98,
            "taker_side": "yes"
        },
        {
            "trade_id": "ed1bb9fe-f55e-4d07-84f7-4b426fbbc438",
            "ticker": "KXHIGHAUS-25JAN07-B44.5",
            "count": 1,
            "created_time": "2025-01-07T19:11:24.229227Z",
            "yes_price": 2,
            "no_price": 98,
            "taker_side": "yes"
        },
        {
            "trade_id": "2c44026c-079e-4dcf-b4c2-a19e4e3eea82",
            "ticker": "KXHIGHAUS-25JAN07-B44.5",
            "count": 1,
            "created_time": "2025-01-07T19:11:17.233294Z",
            "yes_price": 2,
            "no_price": 98,
            "taker_side": "yes"
        },
        {
            "trade_id": "0ea8c07b-e3e3-4627-bfcd-485cc9821102",
            "ticker": "KXHIGHAUS-25JAN07-B44.5",
            "count": 1,
            "created_time": "2025-01-07T19:11:10.225429Z",
            "yes_price": 2,
            "no_price": 98,
            "taker_side": "yes"
        },
        {
            "trade_id": "81667c73-5aad-4055-87b5-71062ed4b89c",
            "ticker": "KXHIGHAUS-25JAN07-B44.5",
            "count": 1,
            "created_time": "2025-01-07T19:11:03.003197Z",
            "yes_price": 2,
            "no_price": 98,
            "taker_side": "yes"
        },
        {
            "trade_id": "da2fed7f-66fd-4d7b-95ee-200d92b78c34",
            "ticker": "KXHIGHAUS-25JAN07-B44.5",
            "count": 1,
            "created_time": "2025-01-07T19:10:57.745961Z",
            "yes_price": 2,
            "no_price": 98,
            "taker_side": "no"
        },
        {
            "trade_id": "db12c0de-7990-4e9f-a19f-62050f434f76",
            "ticker": "KXHIGHAUS-25JAN07-B44.5",
            "count": 140,
            "created_time": "2025-01-07T19:07:42.209692Z",
            "yes_price": 1,
            "no_price": 99,
            "taker_side": "no"
        },
        {
            "trade_id": "b2a51461-0acd-4a98-bdd7-2ad3eb31a1cc",
            "ticker": "KXHIGHAUS-25JAN07-B44.5",
            "count": 1,
            "created_time": "2025-01-07T19:07:42.209692Z",
            "yes_price": 2,
            "no_price": 98,
            "taker_side": "no"
        },
        {
            "trade_id": "9b191f52-4921-4c16-ad4c-ea8c9b58936c",
            "ticker": "KXHIGHAUS-25JAN07-B44.5",
            "count": 32,
            "created_time": "2025-01-07T19:03:24.19192Z",
            "yes_price": 1,
            "no_price": 99,
            "taker_side": "no"
        },
        {
            "trade_id": "a6c97737-f646-458e-ba69-0ee4b9b00d4f",
            "ticker": "KXHIGHAUS-25JAN07-B44.5",
            "count": 78,
            "created_time": "2025-01-07T19:00:18.949608Z",
            "yes_price": 1,
            "no_price": 99,
            "taker_side": "no"
        },
        {
            "trade_id": "a8f0ad1a-7f12-4929-a2d6-86a7f26492c2",
            "ticker": "KXHIGHAUS-25JAN07-B44.5",
            "count": 15,
            "created_time": "2025-01-07T18:57:17.953529Z",
            "yes_price": 3,
            "no_price": 97,
            "taker_side": "yes"
        },
        {
            "trade_id": "6be41ff5-a443-4ab8-be05-f17cc2e6979c",
            "ticker": "KXHIGHAUS-25JAN07-B44.5",
            "count": 305,
            "created_time": "2025-01-07T18:57:17.953529Z",
            "yes_price": 6,
            "no_price": 94,
            "taker_side": "yes"
        },
        {
            "trade_id": "3bdb95f1-f993-4b2e-8886-61a7022e55e0",
            "ticker": "KXHIGHAUS-25JAN07-B44.5",
            "count": 48,
            "created_time": "2025-01-07T18:57:13.104848Z",
            "yes_price": 1,
            "no_price": 99,
            "taker_side": "no"
        },
        {
            "trade_id": "cdc0fc45-f265-43e4-9e43-21d4869312d4",
            "ticker": "KXHIGHAUS-25JAN07-B44.5",
            "count": 1000,
            "created_time": "2025-01-07T18:54:26.009332Z",
            "yes_price": 4,
            "no_price": 96,
            "taker_side": "yes"
        },
        {
            "trade_id": "8a1d6d10-9362-4f11-8edb-af52202c3d5e",
            "ticker": "KXHIGHAUS-25JAN07-B44.5",
            "count": 66,
            "created_time": "2025-01-07T18:54:26.009332Z",
            "yes_price": 3,
            "no_price": 97,
            "taker_side": "yes"
        },
        {
            "trade_id": "86da5b20-2cc5-42b3-be6b-29d15c792a80",
            "ticker": "KXHIGHAUS-25JAN07-B44.5",
            "count": 800,
            "created_time": "2025-01-07T18:54:26.009332Z",
            "yes_price": 3,
            "no_price": 97,
            "taker_side": "yes"
        },
        {
            "trade_id": "cef68dfd-bc3d-4ae0-843b-2350d021d778",
            "ticker": "KXHIGHAUS-25JAN07-B44.5",
            "count": 156,
            "created_time": "2025-01-07T18:49:34.38536Z",
            "yes_price": 3,
            "no_price": 97,
            "taker_side": "yes"
        },
        {
            "trade_id": "a42a7aa0-a8e5-49fc-b92b-a79cb57e83b8",
            "ticker": "KXHIGHAUS-25JAN07-B44.5",
            "count": 200,
            "created_time": "2025-01-07T18:49:17.286672Z",
            "yes_price": 2,
            "no_price": 98,
            "taker_side": "yes"
        },
        {
            "trade_id": "6cdb1890-0927-451a-a80b-669569a7710e",
            "ticker": "KXHIGHAUS-25JAN07-B44.5",
            "count": 178,
            "created_time": "2025-01-07T18:49:17.286672Z",
            "yes_price": 3,
            "no_price": 97,
            "taker_side": "yes"
        },
        {
            "trade_id": "b56a3a84-b2bb-4332-9adf-4fcad36d55c4",
            "ticker": "KXHIGHAUS-25JAN07-B44.5",
            "count": 15,
            "created_time": "2025-01-07T18:37:58.641389Z",
            "yes_price": 10,
            "no_price": 90,
            "taker_side": "yes"
        },
        {
            "trade_id": "756dc106-1e44-447c-b54b-80710bca0465",
            "ticker": "KXHIGHAUS-25JAN07-B44.5",
            "count": 87,
            "created_time": "2025-01-07T18:37:58.641389Z",
            "yes_price": 9,
            "no_price": 91,
            "taker_side": "yes"
        },
        {
            "trade_id": "951d0706-a3d9-44aa-9381-7fa27f56fbe5",
            "ticker": "KXHIGHAUS-25JAN07-B44.5",
            "count": 500,
            "created_time": "2025-01-07T18:33:33.825987Z",
            "yes_price": 5,
            "no_price": 95,
            "taker_side": "yes"
        },
        {
            "trade_id": "8ae642c4-90b7-4ff7-99bf-fb26188677a4",
            "ticker": "KXHIGHAUS-25JAN07-B44.5",
            "count": 78,
            "created_time": "2025-01-07T18:33:33.825987Z",
            "yes_price": 3,
            "no_price": 97,
            "taker_side": "yes"
        },
        {
            "trade_id": "7dccf1ea-5965-44e3-8a46-69121ee18ef7",
            "ticker": "KXHIGHAUS-25JAN07-B44.5",
            "count": 402,
            "created_time": "2025-01-07T18:33:33.825987Z",
            "yes_price": 4,
            "no_price": 96,
            "taker_side": "yes"
        },
        {
            "trade_id": "5188f55a-6040-4b8b-955d-28e3d98e6b9c",
            "ticker": "KXHIGHAUS-25JAN07-B44.5",
            "count": 25,
            "created_time": "2025-01-07T18:33:33.825987Z",
            "yes_price": 4,
            "no_price": 96,
            "taker_side": "yes"
        },
        {
            "trade_id": "4bb8833d-57da-476c-b9d3-84753b495c38",
            "ticker": "KXHIGHAUS-25JAN07-B44.5",
            "count": 558,
            "created_time": "2025-01-07T18:33:33.825987Z",
            "yes_price": 4,
            "no_price": 96,
            "taker_side": "yes"
        },
        {
            "trade_id": "edca9def-8352-4020-92b0-21ae4635db7c",
            "ticker": "KXHIGHAUS-25JAN07-B44.5",
            "count": 25,
            "created_time": "2025-01-07T18:14:33.293266Z",
            "yes_price": 3,
            "no_price": 97,
            "taker_side": "yes"
        },
        {
            "trade_id": "0472c2cf-b465-4063-a736-14c0f77f5e62",
            "ticker": "KXHIGHAUS-25JAN07-B44.5",
            "count": 98,
            "created_time": "2025-01-07T18:14:33.293266Z",
            "yes_price": 4,
            "no_price": 96,
            "taker_side": "yes"
        },
        {
            "trade_id": "fd45c65a-bfa2-49bc-bfd7-6c1aa108be28",
            "ticker": "KXHIGHAUS-25JAN07-B44.5",
            "count": 25,
            "created_time": "2025-01-07T17:40:43.32596Z",
            "yes_price": 5,
            "no_price": 95,
            "taker_side": "yes"
        },
        {
            "trade_id": "9593033f-4571-42da-9209-adffcc287672",
            "ticker": "KXHIGHAUS-25JAN07-B44.5",
            "count": 5,
            "created_time": "2025-01-07T17:40:43.32596Z",
            "yes_price": 4,
            "no_price": 96,
            "taker_side": "yes"
        },
        {
            "trade_id": "6af4ee78-b93e-4df7-9df0-c520f2e328b8",
            "ticker": "KXHIGHAUS-25JAN07-B44.5",
            "count": 12,
            "created_time": "2025-01-07T17:40:43.32596Z",
            "yes_price": 10,
            "no_price": 90,
            "taker_side": "yes"
        },
        {
            "trade_id": "64e6410c-279f-471e-b620-790bccb8dae2",
            "ticker": "KXHIGHAUS-25JAN07-B44.5",
            "count": 76,
            "created_time": "2025-01-07T17:40:43.32596Z",
            "yes_price": 5,
            "no_price": 95,
            "taker_side": "yes"
        },
        {
            "trade_id": "57ee7852-4358-4554-b7f7-0dcec99d9124",
            "ticker": "KXHIGHAUS-25JAN07-B44.5",
            "count": 70,
            "created_time": "2025-01-07T17:40:43.32596Z",
            "yes_price": 10,
            "no_price": 90,
            "taker_side": "yes"
        },
        {
            "trade_id": "54f0250d-8d00-4866-a096-c8f8d1b9f1e9",
            "ticker": "KXHIGHAUS-25JAN07-B44.5",
            "count": 4,
            "created_time": "2025-01-07T17:40:43.32596Z",
            "yes_price": 3,
            "no_price": 97,
            "taker_side": "yes"
        },
        {
            "trade_id": "2c002405-b75f-4c35-9ee6-37b837b3d367",
            "ticker": "KXHIGHAUS-25JAN07-B44.5",
            "count": 75,
            "created_time": "2025-01-07T17:40:43.32596Z",
            "yes_price": 10,
            "no_price": 90,
            "taker_side": "yes"
        },
        {
            "trade_id": "2aeb56e4-d085-4bd2-a37b-4c704e181bd2",
            "ticker": "KXHIGHAUS-25JAN07-B44.5",
            "count": 25,
            "created_time": "2025-01-07T17:40:43.32596Z",
            "yes_price": 4,
            "no_price": 96,
            "taker_side": "yes"
        },
        {
            "trade_id": "113dde1c-a779-45b3-8f9d-afc20fd00063",
            "ticker": "KXHIGHAUS-25JAN07-B44.5",
            "count": 13,
            "created_time": "2025-01-07T17:40:43.32596Z",
            "yes_price": 10,
            "no_price": 90,
            "taker_side": "yes"
        },
        {
            "trade_id": "7dfe6540-1a2c-4ceb-8976-ef799c1b1a0e",
            "ticker": "KXHIGHAUS-25JAN07-B44.5",
            "count": 250,
            "created_time": "2025-01-07T17:27:56.108323Z",
            "yes_price": 3,
            "no_price": 97,
            "taker_side": "no"
        },
        {
            "trade_id": "400e0322-dcc0-44b9-9092-6bff5e88724b",
            "ticker": "KXHIGHAUS-25JAN07-B44.5",
            "count": 194,
            "created_time": "2025-01-07T17:27:56.108323Z",
            "yes_price": 3,
            "no_price": 97,
            "taker_side": "no"
        },
        {
            "trade_id": "8786a315-55dd-4ab2-b9ef-6291ce6c2e51",
            "ticker": "KXHIGHAUS-25JAN07-B44.5",
            "count": 14,
            "created_time": "2025-01-07T17:24:28.106792Z",
            "yes_price": 3,
            "no_price": 97,
            "taker_side": "no"
        },
        {
            "trade_id": "684081c1-aad9-4b11-b2c1-d432ac9bd088",
            "ticker": "KXHIGHAUS-25JAN07-B44.5",
            "count": 2,
            "created_time": "2025-01-07T17:18:18.63075Z",
            "yes_price": 3,
            "no_price": 97,
            "taker_side": "no"
        },
        {
            "trade_id": "a6236cd8-119d-465d-b546-85b5faf7ae9f",
            "ticker": "KXHIGHAUS-25JAN07-B44.5",
            "count": 1,
            "created_time": "2025-01-07T17:18:03.028084Z",
            "yes_price": 3,
            "no_price": 97,
            "taker_side": "no"
        },
        {
            "trade_id": "a4f61848-f2e0-4384-8c46-e77eeb043b5f",
            "ticker": "KXHIGHAUS-25JAN07-B44.5",
            "count": 1,
            "created_time": "2025-01-07T17:17:47.735338Z",
            "yes_price": 3,
            "no_price": 97,
            "taker_side": "no"
        },
        {
            "trade_id": "0b1ffb6e-1d54-445d-a82d-b2ef2e33254c",
            "ticker": "KXHIGHAUS-25JAN07-B44.5",
            "count": 1,
            "created_time": "2025-01-07T17:17:21.650351Z",
            "yes_price": 3,
            "no_price": 97,
            "taker_side": "no"
        },
        {
            "trade_id": "8883c70c-3a3b-4c67-bbd4-c61a5f76076b",
            "ticker": "KXHIGHAUS-25JAN07-B44.5",
            "count": 1,
            "created_time": "2025-01-07T17:16:21.647415Z",
            "yes_price": 3,
            "no_price": 97,
            "taker_side": "no"
        },
        {
            "trade_id": "a54b923b-c235-4bc1-897e-16c615cd2c36",
            "ticker": "KXHIGHAUS-25JAN07-B44.5",
            "count": 1,
            "created_time": "2025-01-07T17:16:07.070084Z",
            "yes_price": 3,
            "no_price": 97,
            "taker_side": "no"
        },
        {
            "trade_id": "7a6fe68c-061d-4a86-a065-83b635efffbc",
            "ticker": "KXHIGHAUS-25JAN07-B44.5",
            "count": 2,
            "created_time": "2025-01-07T17:15:59.809235Z",
            "yes_price": 3,
            "no_price": 97,
            "taker_side": "no"
        },
        {
            "trade_id": "f8296aac-9ee7-4200-bbb8-3c554b69f796",
            "ticker": "KXHIGHAUS-25JAN07-B44.5",
            "count": 2,
            "created_time": "2025-01-07T17:15:45.533836Z",
            "yes_price": 3,
            "no_price": 97,
            "taker_side": "no"
        },
        {
            "trade_id": "b3e6a709-8994-44cd-b09c-f2a9111c6373",
            "ticker": "KXHIGHAUS-25JAN07-B44.5",
            "count": 2,
            "created_time": "2025-01-07T17:15:37.955183Z",
            "yes_price": 3,
            "no_price": 97,
            "taker_side": "no"
        },
        {
            "trade_id": "265b5bdb-eff3-467c-ba77-5b70547f9d41",
            "ticker": "KXHIGHAUS-25JAN07-B44.5",
            "count": 2,
            "created_time": "2025-01-07T17:15:22.127135Z",
            "yes_price": 3,
            "no_price": 97,
            "taker_side": "no"
        },
        {
            "trade_id": "e57d5dba-f28e-4fbd-ad59-33c6d44fcbde",
            "ticker": "KXHIGHAUS-25JAN07-B44.5",
            "count": 3,
            "created_time": "2025-01-07T17:14:59.402978Z",
            "yes_price": 3,
            "no_price": 97,
            "taker_side": "no"
        },
        {
            "trade_id": "507a1ff3-1a57-4faf-87bb-844662805264",
            "ticker": "KXHIGHAUS-25JAN07-B44.5",
            "count": 1,
            "created_time": "2025-01-07T17:14:51.570608Z",
            "yes_price": 3,
            "no_price": 97,
            "taker_side": "no"
        },
        {
            "trade_id": "ea25ceb2-a1b2-4e71-80e4-16a069147e5f",
            "ticker": "KXHIGHAUS-25JAN07-B44.5",
            "count": 2,
            "created_time": "2025-01-07T17:14:36.205128Z",
            "yes_price": 3,
            "no_price": 97,
            "taker_side": "no"
        },
        {
            "trade_id": "af182d70-8587-4d75-aa50-506dfbdeb5db",
            "ticker": "KXHIGHAUS-25JAN07-B44.5",
            "count": 2,
            "created_time": "2025-01-07T17:14:25.594951Z",
            "yes_price": 3,
            "no_price": 97,
            "taker_side": "no"
        },
        {
            "trade_id": "03647a96-53f5-418c-9ad2-2e04c36e7b48",
            "ticker": "KXHIGHAUS-25JAN07-B44.5",
            "count": 1,
            "created_time": "2025-01-07T17:14:09.302386Z",
            "yes_price": 3,
            "no_price": 97,
            "taker_side": "no"
        },
        {
            "trade_id": "76dc00e7-a24d-43eb-bb47-a6215578ffe5",
            "ticker": "KXHIGHAUS-25JAN07-B44.5",
            "count": 2,
            "created_time": "2025-01-07T17:14:00.575656Z",
            "yes_price": 3,
            "no_price": 97,
            "taker_side": "no"
        },
        {
            "trade_id": "e4f17c7d-8283-42ac-8128-8df1cb97b8e0",
            "ticker": "KXHIGHAUS-25JAN07-B44.5",
            "count": 1,
            "created_time": "2025-01-07T17:09:21.28718Z",
            "yes_price": 3,
            "no_price": 97,
            "taker_side": "no"
        },
        {
            "trade_id": "6dc96786-1ef6-4341-86cf-0ade7ee38750",
            "ticker": "KXHIGHAUS-25JAN07-B44.5",
            "count": 2,
            "created_time": "2025-01-07T17:09:03.999102Z",
            "yes_price": 3,
            "no_price": 97,
            "taker_side": "no"
        },
        {
            "trade_id": "7dfeb10f-e870-40ca-b9d7-479b2519aae0",
            "ticker": "KXHIGHAUS-25JAN07-B44.5",
            "count": 2,
            "created_time": "2025-01-07T17:08:46.666064Z",
            "yes_price": 3,
            "no_price": 97,
            "taker_side": "no"
        },
        {
            "trade_id": "03a6b2fa-e081-45d5-a97a-780ffc73ee19",
            "ticker": "KXHIGHAUS-25JAN07-B44.5",
            "count": 2,
            "created_time": "2025-01-07T17:08:29.590498Z",
            "yes_price": 3,
            "no_price": 97,
            "taker_side": "no"
        },
        {
            "trade_id": "e732bbc3-4757-484d-b5df-51149fb8c69a",
            "ticker": "KXHIGHAUS-25JAN07-B44.5",
            "count": 2,
            "created_time": "2025-01-07T17:08:09.877239Z",
            "yes_price": 3,
            "no_price": 97,
            "taker_side": "no"
        },
        {
            "trade_id": "124e1d15-b8cb-481b-8909-ae32fb5a316e",
            "ticker": "KXHIGHAUS-25JAN07-B44.5",
            "count": 2,
            "created_time": "2025-01-07T17:07:41.976898Z",
            "yes_price": 3,
            "no_price": 97,
            "taker_side": "no"
        },
        {
            "trade_id": "0bc986cb-811d-48d6-b066-3d448267051c",
            "ticker": "KXHIGHAUS-25JAN07-B44.5",
            "count": 1,
            "created_time": "2025-01-07T17:07:00.589244Z",
            "yes_price": 3,
            "no_price": 97,
            "taker_side": "no"
        },
        {
            "trade_id": "a01649c7-33e6-4c63-a36b-d840f9ca181c",
            "ticker": "KXHIGHAUS-25JAN07-B44.5",
            "count": 1,
            "created_time": "2025-01-07T17:06:50.523063Z",
            "yes_price": 3,
            "no_price": 97,
            "taker_side": "no"
        },
        {
            "trade_id": "3e9eba08-6a6d-425c-97f3-9226701cae1b",
            "ticker": "KXHIGHAUS-25JAN07-B44.5",
            "count": 2,
            "created_time": "2025-01-07T17:06:10.774408Z",
            "yes_price": 3,
            "no_price": 97,
            "taker_side": "no"
        },
        {
            "trade_id": "b07b25ec-08fe-471e-95f8-599fc309b028",
            "ticker": "KXHIGHAUS-25JAN07-B44.5",
            "count": 6,
            "created_time": "2025-01-07T17:02:51.817461Z",
            "yes_price": 3,
            "no_price": 97,
            "taker_side": "no"
        },
        {
            "trade_id": "fc122187-ac64-41fc-848f-067d1f07d657",
            "ticker": "KXHIGHAUS-25JAN07-B44.5",
            "count": 1,
            "created_time": "2025-01-07T17:02:42.824745Z",
            "yes_price": 3,
            "no_price": 97,
            "taker_side": "no"
        },
        {
            "trade_id": "23eb16e2-df01-49d2-965c-daf96eff1dcd",
            "ticker": "KXHIGHAUS-25JAN07-B44.5",
            "count": 1,
            "created_time": "2025-01-07T17:02:33.906637Z",
            "yes_price": 3,
            "no_price": 97,
            "taker_side": "no"
        },
        {
            "trade_id": "4d10aaf8-a0e4-4f12-b783-6babba8acad2",
            "ticker": "KXHIGHAUS-25JAN07-B44.5",
            "count": 1,
            "created_time": "2025-01-07T17:02:17.35713Z",
            "yes_price": 3,
            "no_price": 97,
            "taker_side": "no"
        },
        {
            "trade_id": "bc134cab-5021-4f3a-9921-04e0bc4f9ee8",
            "ticker": "KXHIGHAUS-25JAN07-B44.5",
            "count": 3,
            "created_time": "2025-01-07T17:02:01.126392Z",
            "yes_price": 3,
            "no_price": 97,
            "taker_side": "no"
        },
        {
            "trade_id": "ffa35552-9a9c-49f5-bab7-4b763f3ff50b",
            "ticker": "KXHIGHAUS-25JAN07-B44.5",
            "count": 6,
            "created_time": "2025-01-07T17:01:45.861609Z",
            "yes_price": 3,
            "no_price": 97,
            "taker_side": "no"
        },
        {
            "trade_id": "aba264b6-059d-439d-954e-00766de1a515",
            "ticker": "KXHIGHAUS-25JAN07-B44.5",
            "count": 8,
            "created_time": "2025-01-07T17:01:31.374818Z",
            "yes_price": 3,
            "no_price": 97,
            "taker_side": "no"
        },
        {
            "trade_id": "f37c56b8-64b5-4d3a-838b-83df059f8328",
            "ticker": "KXHIGHAUS-25JAN07-B44.5",
            "count": 15,
            "created_time": "2025-01-07T16:52:24.484544Z",
            "yes_price": 3,
            "no_price": 97,
            "taker_side": "yes"
        },
        {
            "trade_id": "7b7e2cdc-d979-4461-88cc-dd0742db12ed",
            "ticker": "KXHIGHAUS-25JAN07-B44.5",
            "count": 62,
            "created_time": "2025-01-07T16:25:56.329809Z",
            "yes_price": 3,
            "no_price": 97,
            "taker_side": "yes"
        },
        {
            "trade_id": "1bacebb5-33e5-4ddb-bfa5-d7e80ca0a492",
            "ticker": "KXHIGHAUS-25JAN07-B44.5",
            "count": 50,
            "created_time": "2025-01-07T16:22:00.536883Z",
            "yes_price": 1,
            "no_price": 99,
            "taker_side": "no"
        },
        {
            "trade_id": "ba1e08c6-3bc2-4c27-b7df-3daa7dc9b68c",
            "ticker": "KXHIGHAUS-25JAN07-B44.5",
            "count": 148,
            "created_time": "2025-01-07T16:21:43.119788Z",
            "yes_price": 2,
            "no_price": 98,
            "taker_side": "no"
        },
        {
            "trade_id": "f1d07f01-d7f1-4938-9901-b442816ae195",
            "ticker": "KXHIGHAUS-25JAN07-B44.5",
            "count": 52,
            "created_time": "2025-01-07T15:55:04.347025Z",
            "yes_price": 2,
            "no_price": 98,
            "taker_side": "no"
        },
        {
            "trade_id": "a495fb02-74e3-4d72-a30e-764bb11458b6",
            "ticker": "KXHIGHAUS-25JAN07-B44.5",
            "count": 22,
            "created_time": "2025-01-07T15:55:04.347025Z",
            "yes_price": 2,
            "no_price": 98,
            "taker_side": "no"
        },
        {
            "trade_id": "98a6b998-9562-4b51-853b-e4fd7fd08345",
            "ticker": "KXHIGHAUS-25JAN07-B44.5",
            "count": 1,
            "created_time": "2025-01-07T15:55:04.347025Z",
            "yes_price": 3,
            "no_price": 97,
            "taker_side": "no"
        },
        {
            "trade_id": "f12b1b9c-d306-4064-86bc-43df1c6eb7fc",
            "ticker": "KXHIGHAUS-25JAN07-B44.5",
            "count": 5,
            "created_time": "2025-01-07T15:54:15.548917Z",
            "yes_price": 3,
            "no_price": 97,
            "taker_side": "yes"
        },
        {
            "trade_id": "052c8ef9-ac2e-42a6-934f-c1b4c47d6889",
            "ticker": "KXHIGHAUS-25JAN07-B44.5",
            "count": 795,
            "created_time": "2025-01-07T15:54:15.548917Z",
            "yes_price": 4,
            "no_price": 96,
            "taker_side": "yes"
        },
        {
            "trade_id": "68f4a246-b1fa-4b09-87df-d0977ac9efb8",
            "ticker": "KXHIGHAUS-25JAN07-B44.5",
            "count": 500,
            "created_time": "2025-01-07T15:43:47.482506Z",
            "yes_price": 3,
            "no_price": 97,
            "taker_side": "yes"
        },
        {
            "trade_id": "b4fa1bbb-6fa1-4a24-b41a-3c44e53ff891",
            "ticker": "KXHIGHAUS-25JAN07-B44.5",
            "count": 1,
            "created_time": "2025-01-07T15:42:10.088442Z",
            "yes_price": 2,
            "no_price": 98,
            "taker_side": "no"
        },
        {
            "trade_id": "6227ff97-1a81-46cb-88f0-2bbec87a5a4d",
            "ticker": "KXHIGHAUS-25JAN07-B44.5",
            "count": 3,
            "created_time": "2025-01-07T15:40:45.370921Z",
            "yes_price": 2,
            "no_price": 98,
            "taker_side": "no"
        },
        {
            "trade_id": "62aa5545-ce99-43a7-8da0-5d482461211c",
            "ticker": "KXHIGHAUS-25JAN07-B44.5",
            "count": 1,
            "created_time": "2025-01-07T15:25:47.179355Z",
            "yes_price": 2,
            "no_price": 98,
            "taker_side": "no"
        },
        {
            "trade_id": "5a2a4e14-d0c9-4a8e-a9eb-af2430e360f9",
            "ticker": "KXHIGHAUS-25JAN07-B44.5",
            "count": 1,
            "created_time": "2025-01-07T15:25:38.284929Z",
            "yes_price": 2,
            "no_price": 98,
            "taker_side": "no"
        },
        {
            "trade_id": "a24d331e-3141-4be4-88e1-6ae23e3e2aae",
            "ticker": "KXHIGHAUS-25JAN07-B44.5",
            "count": 1,
            "created_time": "2025-01-07T15:25:27.249246Z",
            "yes_price": 2,
            "no_price": 98,
            "taker_side": "no"
        },
        {
            "trade_id": "e9471780-1410-4cd3-a11b-abf069e674f2",
            "ticker": "KXHIGHAUS-25JAN07-B44.5",
            "count": 1,
            "created_time": "2025-01-07T15:25:11.984127Z",
            "yes_price": 2,
            "no_price": 98,
            "taker_side": "no"
        },
        {
            "trade_id": "2bfe58fd-29d4-4d7e-8d4b-e337b3a63cbd",
            "ticker": "KXHIGHAUS-25JAN07-B44.5",
            "count": 1,
            "created_time": "2025-01-07T15:24:48.211057Z",
            "yes_price": 2,
            "no_price": 98,
            "taker_side": "no"
        },
        {
            "trade_id": "ac4cc43b-1200-4a06-987a-297ac0be5eb9",
            "ticker": "KXHIGHAUS-25JAN07-B44.5",
            "count": 1,
            "created_time": "2025-01-07T15:19:02.606438Z",
            "yes_price": 2,
            "no_price": 98,
            "taker_side": "no"
        },
        {
            "trade_id": "a844bff0-453c-4411-8981-a855d1914c8a",
            "ticker": "KXHIGHAUS-25JAN07-B44.5",
            "count": 1,
            "created_time": "2025-01-07T15:18:52.276896Z",
            "yes_price": 2,
            "no_price": 98,
            "taker_side": "no"
        },
        {
            "trade_id": "fec6abb5-f12e-4749-945e-7f8f4e409f55",
            "ticker": "KXHIGHAUS-25JAN07-B44.5",
            "count": 11,
            "created_time": "2025-01-07T14:19:39.116044Z",
            "yes_price": 2,
            "no_price": 98,
            "taker_side": "no"
        },
        {
            "trade_id": "ad2b9c75-37e9-410b-9502-9b555b325cf1",
            "ticker": "KXHIGHAUS-25JAN07-B44.5",
            "count": 75,
            "created_time": "2025-01-07T13:57:46.908037Z",
            "yes_price": 2,
            "no_price": 98,
            "taker_side": "no"
        },
        {
            "trade_id": "d7cae334-493e-4d5d-9a38-9af667454214",
            "ticker": "KXHIGHAUS-25JAN07-B44.5",
            "count": 100,
            "created_time": "2025-01-07T13:56:05.860118Z",
            "yes_price": 2,
            "no_price": 98,
            "taker_side": "no"
        },
        {
            "trade_id": "7a59928a-5ce8-49d8-89a5-bd780821c206",
            "ticker": "KXHIGHAUS-25JAN07-B44.5",
            "count": 9,
            "created_time": "2025-01-07T13:53:36.892113Z",
            "yes_price": 2,
            "no_price": 98,
            "taker_side": "no"
        },
        {
            "trade_id": "ffc170aa-b8a1-47c9-8ebb-5e66cd6c76bb",
            "ticker": "KXHIGHAUS-25JAN07-B44.5",
            "count": 300,
            "created_time": "2025-01-07T13:46:10.413102Z",
            "yes_price": 6,
            "no_price": 94,
            "taker_side": "yes"
        },
        {
            "trade_id": "3777effa-5358-4daa-809a-9f34c74fce2e",
            "ticker": "KXHIGHAUS-25JAN07-B44.5",
            "count": 300,
            "created_time": "2025-01-07T13:27:42.905335Z",
            "yes_price": 6,
            "no_price": 94,
            "taker_side": "yes"
        },
        {
            "trade_id": "2ca14734-54dc-498d-89ca-327567489634",
            "ticker": "KXHIGHAUS-25JAN07-B44.5",
            "count": 6,
            "created_time": "2025-01-07T13:27:42.905335Z",
            "yes_price": 5,
            "no_price": 95,
            "taker_side": "yes"
        },
        {
            "trade_id": "e4de360a-f77e-4846-9911-b8f804612669",
            "ticker": "KXHIGHAUS-25JAN07-B44.5",
            "count": 250,
            "created_time": "2025-01-07T13:26:53.358802Z",
            "yes_price": 3,
            "no_price": 97,
            "taker_side": "no"
        },
        {
            "trade_id": "84c5abdc-8d36-4271-83d0-f3b8a89a34c2",
            "ticker": "KXHIGHAUS-25JAN07-B44.5",
            "count": 72,
            "created_time": "2025-01-07T13:26:53.358802Z",
            "yes_price": 2,
            "no_price": 98,
            "taker_side": "no"
        },
        {
            "trade_id": "5691d3e1-6612-4012-b187-18df1d38f5b7",
            "ticker": "KXHIGHAUS-25JAN07-B44.5",
            "count": 824,
            "created_time": "2025-01-07T13:26:53.358802Z",
            "yes_price": 5,
            "no_price": 95,
            "taker_side": "no"
        },
        {
            "trade_id": "8c9080f4-053d-43bf-af35-42d28905d234",
            "ticker": "KXHIGHAUS-25JAN07-B44.5",
            "count": 100,
            "created_time": "2025-01-07T13:24:03.577112Z",
            "yes_price": 5,
            "no_price": 95,
            "taker_side": "no"
        },
        {
            "trade_id": "cd0322e6-7879-4543-901b-591846a0a243",
            "ticker": "KXHIGHAUS-25JAN07-B44.5",
            "count": 100,
            "created_time": "2025-01-07T13:23:50.589147Z",
            "yes_price": 5,
            "no_price": 95,
            "taker_side": "no"
        },
        {
            "trade_id": "1d75a707-b900-4f74-ac74-bd2c552c46d5",
            "ticker": "KXHIGHAUS-25JAN07-B44.5",
            "count": 1,
            "created_time": "2025-01-07T13:22:05.844126Z",
            "yes_price": 5,
            "no_price": 95,
            "taker_side": "no"
        },
        {
            "trade_id": "6d6044b4-1749-4c13-be2a-9961050bb16a",
            "ticker": "KXHIGHAUS-25JAN07-B44.5",
            "count": 300,
            "created_time": "2025-01-07T13:21:57.254554Z",
            "yes_price": 5,
            "no_price": 95,
            "taker_side": "no"
        },
        {
            "trade_id": "d3da968f-93ae-4659-b1ac-e9d1dfb2c6be",
            "ticker": "KXHIGHAUS-25JAN07-B44.5",
            "count": 5,
            "created_time": "2025-01-07T13:21:04.238567Z",
            "yes_price": 5,
            "no_price": 95,
            "taker_side": "no"
        },
        {
            "trade_id": "b817d500-ee8a-40a8-8a8d-bc66fd84600a",
            "ticker": "KXHIGHAUS-25JAN07-B44.5",
            "count": 100,
            "created_time": "2025-01-07T13:19:28.901814Z",
            "yes_price": 5,
            "no_price": 95,
            "taker_side": "no"
        },
        {
            "trade_id": "82f1e180-b0b5-4560-a657-1f6f6e4f434f",
            "ticker": "KXHIGHAUS-25JAN07-B44.5",
            "count": 100,
            "created_time": "2025-01-07T13:17:52.73675Z",
            "yes_price": 5,
            "no_price": 95,
            "taker_side": "no"
        },
        {
            "trade_id": "8e22b20f-5fb7-4823-884d-bb42620088bc",
            "ticker": "KXHIGHAUS-25JAN07-B44.5",
            "count": 10,
            "created_time": "2025-01-07T13:17:43.499969Z",
            "yes_price": 5,
            "no_price": 95,
            "taker_side": "no"
        },
        {
            "trade_id": "83863df7-0f5b-4995-82b0-0a708590776a",
            "ticker": "KXHIGHAUS-25JAN07-B44.5",
            "count": 5,
            "created_time": "2025-01-07T13:17:29.813156Z",
            "yes_price": 5,
            "no_price": 95,
            "taker_side": "no"
        },
        {
            "trade_id": "b7cdc761-2d35-4a89-a75a-d8299df26259",
            "ticker": "KXHIGHAUS-25JAN07-B44.5",
            "count": 100,
            "created_time": "2025-01-07T13:15:30.327894Z",
            "yes_price": 5,
            "no_price": 95,
            "taker_side": "no"
        },
        {
            "trade_id": "d079bdfd-b72b-4442-8b8e-6fbb4033f6cd",
            "ticker": "KXHIGHAUS-25JAN07-B44.5",
            "count": 2,
            "created_time": "2025-01-07T13:12:47.633045Z",
            "yes_price": 5,
            "no_price": 95,
            "taker_side": "no"
        },
        {
            "trade_id": "938802cc-47f2-42a4-8906-7e54fcdef23f",
            "ticker": "KXHIGHAUS-25JAN07-B44.5",
            "count": 100,
            "created_time": "2025-01-07T13:05:26.088455Z",
            "yes_price": 5,
            "no_price": 95,
            "taker_side": "no"
        },
        {
            "trade_id": "f70a4d49-5be2-4575-a109-30ba93e659bd",
            "ticker": "KXHIGHAUS-25JAN07-B44.5",
            "count": 100,
            "created_time": "2025-01-07T13:05:11.800916Z",
            "yes_price": 5,
            "no_price": 95,
            "taker_side": "no"
        },
        {
            "trade_id": "6d544a29-788a-40f8-8ac8-8d130f2ee421",
            "ticker": "KXHIGHAUS-25JAN07-B44.5",
            "count": 1,
            "created_time": "2025-01-07T06:41:02.70404Z",
            "yes_price": 5,
            "no_price": 95,
            "taker_side": "no"
        },
        {
            "trade_id": "b41e5eaa-d249-41fa-a73c-c7cb789bbb65",
            "ticker": "KXHIGHAUS-25JAN07-B44.5",
            "count": 2,
            "created_time": "2025-01-07T05:48:30.029407Z",
            "yes_price": 6,
            "no_price": 94,
            "taker_side": "yes"
        },
        {
            "trade_id": "05ccc0e5-a0e7-4912-bd25-a1549ed44619",
            "ticker": "KXHIGHAUS-25JAN07-B44.5",
            "count": 209,
            "created_time": "2025-01-07T05:46:52.605599Z",
            "yes_price": 5,
            "no_price": 95,
            "taker_side": "no"
        },
        {
            "trade_id": "6c1602ba-4eae-420c-9dae-ebbf2c7d3514",
            "ticker": "KXHIGHAUS-25JAN07-B44.5",
            "count": 12,
            "created_time": "2025-01-07T05:20:32.874829Z",
            "yes_price": 6,
            "no_price": 94,
            "taker_side": "no"
        },
        {
            "trade_id": "626db75b-6567-4bdc-8f10-215757eabbc2",
            "ticker": "KXHIGHAUS-25JAN07-B44.5",
            "count": 13,
            "created_time": "2025-01-07T05:12:07.37437Z",
            "yes_price": 6,
            "no_price": 94,
            "taker_side": "no"
        },
        {
            "trade_id": "c3bc8f89-7feb-4ec0-992a-acb9f76d0157",
            "ticker": "KXHIGHAUS-25JAN07-B44.5",
            "count": 50,
            "created_time": "2025-01-07T04:47:00.504952Z",
            "yes_price": 6,
            "no_price": 94,
            "taker_side": "no"
        },
        {
            "trade_id": "863c343f-7d34-496c-808f-e18259345bc5",
            "ticker": "KXHIGHAUS-25JAN07-B44.5",
            "count": 93,
            "created_time": "2025-01-07T04:21:00.181249Z",
            "yes_price": 7,
            "no_price": 93,
            "taker_side": "yes"
        },
        {
            "trade_id": "7d645202-b147-4984-9b03-055441145b60",
            "ticker": "KXHIGHAUS-25JAN07-B44.5",
            "count": 107,
            "created_time": "2025-01-07T04:21:00.181249Z",
            "yes_price": 7,
            "no_price": 93,
            "taker_side": "yes"
        },
        {
            "trade_id": "30d12080-8f2e-4f62-9271-492dff2c5c10",
            "ticker": "KXHIGHAUS-25JAN07-B44.5",
            "count": 118,
            "created_time": "2025-01-07T04:21:00.181249Z",
            "yes_price": 8,
            "no_price": 92,
            "taker_side": "yes"
        },
        {
            "trade_id": "9ca7cbe1-9e1c-4c9c-ad49-c44cf8d4f605",
            "ticker": "KXHIGHAUS-25JAN07-B44.5",
            "count": 7,
            "created_time": "2025-01-07T04:15:20.331855Z",
            "yes_price": 7,
            "no_price": 93,
            "taker_side": "yes"
        },
        {
            "trade_id": "455c1805-068c-404a-93c4-bae060620c6f",
            "ticker": "KXHIGHAUS-25JAN07-B44.5",
            "count": 33,
            "created_time": "2025-01-07T04:15:20.331855Z",
            "yes_price": 7,
            "no_price": 93,
            "taker_side": "yes"
        },
        {
            "trade_id": "07e80764-1c7a-47ae-a6f7-77cce1ef2632",
            "ticker": "KXHIGHAUS-25JAN07-B44.5",
            "count": 67,
            "created_time": "2025-01-07T04:08:23.345884Z",
            "yes_price": 7,
            "no_price": 93,
            "taker_side": "yes"
        },
        {
            "trade_id": "a2888f11-d934-454a-8630-8cdc86579620",
            "ticker": "KXHIGHAUS-25JAN07-B44.5",
            "count": 3,
            "created_time": "2025-01-07T02:38:01.499359Z",
            "yes_price": 2,
            "no_price": 98,
            "taker_side": "no"
        },
        {
            "trade_id": "ef0e1815-ed54-47f2-9e84-2e9eadc8fae1",
            "ticker": "KXHIGHAUS-25JAN07-B44.5",
            "count": 300,
            "created_time": "2025-01-07T02:17:40.161442Z",
            "yes_price": 9,
            "no_price": 91,
            "taker_side": "yes"
        },
        {
            "trade_id": "c07f7ae7-e66c-4346-8e2b-7f570b882d33",
            "ticker": "KXHIGHAUS-25JAN07-B44.5",
            "count": 300,
            "created_time": "2025-01-07T02:17:40.161442Z",
            "yes_price": 8,
            "no_price": 92,
            "taker_side": "yes"
        },
        {
            "trade_id": "40620813-ceca-4db2-8f28-7a3a676d5a27",
            "ticker": "KXHIGHAUS-25JAN07-B44.5",
            "count": 70,
            "created_time": "2025-01-06T23:56:01.060766Z",
            "yes_price": 7,
            "no_price": 93,
            "taker_side": "yes"
        },
        {
            "trade_id": "d96c06d5-3cee-4887-9620-feb94574d716",
            "ticker": "KXHIGHAUS-25JAN07-B44.5",
            "count": 100,
            "created_time": "2025-01-06T21:03:20.433185Z",
            "yes_price": 8,
            "no_price": 92,
            "taker_side": "yes"
        },
        {
            "trade_id": "c33d5437-8699-4df4-81c7-79905956fa88",
            "ticker": "KXHIGHAUS-25JAN07-B44.5",
            "count": 300,
            "created_time": "2025-01-06T21:03:20.433185Z",
            "yes_price": 10,
            "no_price": 90,
            "taker_side": "yes"
        },
        {
            "trade_id": "b4261347-62f7-4ff4-bc05-59eb0fed607a",
            "ticker": "KXHIGHAUS-25JAN07-B44.5",
            "count": 300,
            "created_time": "2025-01-06T21:03:20.433185Z",
            "yes_price": 9,
            "no_price": 91,
            "taker_side": "yes"
        },
        {
            "trade_id": "5d8a6e17-c423-4279-a724-ff95f5cc11de",
            "ticker": "KXHIGHAUS-25JAN07-B44.5",
            "count": 200,
            "created_time": "2025-01-06T21:03:20.433185Z",
            "yes_price": 9,
            "no_price": 91,
            "taker_side": "yes"
        },
        {
            "trade_id": "29b5a9ae-ed61-4dd0-bea2-80001d4836a4",
            "ticker": "KXHIGHAUS-25JAN07-B44.5",
            "count": 100,
            "created_time": "2025-01-06T21:03:20.433185Z",
            "yes_price": 8,
            "no_price": 92,
            "taker_side": "yes"
        }
    ],
    "KXHIGHAUS-25JAN07-B46.5": [
        {
            "trade_id": "0eade2e0-3823-4104-ae21-4f74e70280ff",
            "ticker": "KXHIGHAUS-25JAN07-B46.5",
            "count": 20,
            "created_time": "2025-01-08T01:10:49.942205Z",
            "yes_price": 1,
            "no_price": 99,
            "taker_side": "yes"
        },
        {
            "trade_id": "e803a9b7-28f6-4e1d-a2c4-a7a1de38caa5",
            "ticker": "KXHIGHAUS-25JAN07-B46.5",
            "count": 10,
            "created_time": "2025-01-08T00:27:37.798197Z",
            "yes_price": 1,
            "no_price": 99,
            "taker_side": "yes"
        },
        {
            "trade_id": "282202fc-ca74-4461-a0a7-edf1b7255bf4",
            "ticker": "KXHIGHAUS-25JAN07-B46.5",
            "count": 70,
            "created_time": "2025-01-07T23:38:21.690121Z",
            "yes_price": 1,
            "no_price": 99,
            "taker_side": "yes"
        },
        {
            "trade_id": "112d85ed-a04c-42db-8e19-983981bf9271",
            "ticker": "KXHIGHAUS-25JAN07-B46.5",
            "count": 93,
            "created_time": "2025-01-07T21:52:58.952073Z",
            "yes_price": 1,
            "no_price": 99,
            "taker_side": "yes"
        },
        {
            "trade_id": "8b30f6f2-ed74-4303-ae62-1ec1870d33a6",
            "ticker": "KXHIGHAUS-25JAN07-B46.5",
            "count": 500,
            "created_time": "2025-01-07T21:48:21.276833Z",
            "yes_price": 1,
            "no_price": 99,
            "taker_side": "yes"
        },
        {
            "trade_id": "ce67b8f5-8abd-4aed-a666-c3e97db97c3e",
            "ticker": "KXHIGHAUS-25JAN07-B46.5",
            "count": 187,
            "created_time": "2025-01-07T21:31:14.003424Z",
            "yes_price": 1,
            "no_price": 99,
            "taker_side": "yes"
        },
        {
            "trade_id": "b86260c6-78e8-4a15-b12a-99188da0ec3f",
            "ticker": "KXHIGHAUS-25JAN07-B46.5",
            "count": 1000,
            "created_time": "2025-01-07T21:27:02.516952Z",
            "yes_price": 1,
            "no_price": 99,
            "taker_side": "yes"
        },
        {
            "trade_id": "94627850-a0df-402d-b5fd-dcfeb9db71ce",
            "ticker": "KXHIGHAUS-25JAN07-B46.5",
            "count": 93,
            "created_time": "2025-01-07T21:20:34.128848Z",
            "yes_price": 1,
            "no_price": 99,
            "taker_side": "yes"
        },
        {
            "trade_id": "c073476a-6fc9-49dc-a398-1bbda5d21557",
            "ticker": "KXHIGHAUS-25JAN07-B46.5",
            "count": 89,
            "created_time": "2025-01-07T21:03:44.928504Z",
            "yes_price": 1,
            "no_price": 99,
            "taker_side": "yes"
        },
        {
            "trade_id": "64a39372-00d6-4e5b-8b8d-02d93eca9aad",
            "ticker": "KXHIGHAUS-25JAN07-B46.5",
            "count": 46,
            "created_time": "2025-01-07T20:56:10.909065Z",
            "yes_price": 1,
            "no_price": 99,
            "taker_side": "yes"
        },
        {
            "trade_id": "6c179f40-3eae-4051-a33a-99582c381bac",
            "ticker": "KXHIGHAUS-25JAN07-B46.5",
            "count": 93,
            "created_time": "2025-01-07T20:52:29.234073Z",
            "yes_price": 1,
            "no_price": 99,
            "taker_side": "yes"
        },
        {
            "trade_id": "c9ffcfba-4f6a-4c12-ba96-e101ebd6f7b6",
            "ticker": "KXHIGHAUS-25JAN07-B46.5",
            "count": 163,
            "created_time": "2025-01-07T20:48:30.017642Z",
            "yes_price": 1,
            "no_price": 99,
            "taker_side": "yes"
        },
        {
            "trade_id": "4fc23edd-c4fa-4124-ae8c-676b1a331951",
            "ticker": "KXHIGHAUS-25JAN07-B46.5",
            "count": 665,
            "created_time": "2025-01-07T20:48:30.017642Z",
            "yes_price": 1,
            "no_price": 99,
            "taker_side": "yes"
        },
        {
            "trade_id": "fdae66d7-eedc-4ccd-8b46-31989032e8f7",
            "ticker": "KXHIGHAUS-25JAN07-B46.5",
            "count": 935,
            "created_time": "2025-01-07T20:47:46.835036Z",
            "yes_price": 1,
            "no_price": 99,
            "taker_side": "yes"
        },
        {
            "trade_id": "d1bf5ba7-5e16-4d19-b77d-1c1c879350e6",
            "ticker": "KXHIGHAUS-25JAN07-B46.5",
            "count": 73,
            "created_time": "2025-01-07T20:47:04.890512Z",
            "yes_price": 1,
            "no_price": 99,
            "taker_side": "yes"
        },
        {
            "trade_id": "e52a3117-ec8e-4d36-8b1a-edbff3cc211c",
            "ticker": "KXHIGHAUS-25JAN07-B46.5",
            "count": 80,
            "created_time": "2025-01-07T20:46:36.467498Z",
            "yes_price": 1,
            "no_price": 99,
            "taker_side": "yes"
        },
        {
            "trade_id": "d113ed64-e5c1-4cce-ada8-c9a666505d92",
            "ticker": "KXHIGHAUS-25JAN07-B46.5",
            "count": 8,
            "created_time": "2025-01-07T20:43:25.976145Z",
            "yes_price": 1,
            "no_price": 99,
            "taker_side": "yes"
        },
        {
            "trade_id": "dafddb94-f16c-4cf7-ad60-0b1c084e5f76",
            "ticker": "KXHIGHAUS-25JAN07-B46.5",
            "count": 50,
            "created_time": "2025-01-07T20:40:37.408442Z",
            "yes_price": 1,
            "no_price": 99,
            "taker_side": "yes"
        },
        {
            "trade_id": "9f094ad9-cdb9-45ee-89e0-878dfbdd7303",
            "ticker": "KXHIGHAUS-25JAN07-B46.5",
            "count": 100,
            "created_time": "2025-01-07T20:40:12.685545Z",
            "yes_price": 1,
            "no_price": 99,
            "taker_side": "yes"
        },
        {
            "trade_id": "a6bd99e6-37de-4ba2-8f47-ef50acd5bb61",
            "ticker": "KXHIGHAUS-25JAN07-B46.5",
            "count": 202,
            "created_time": "2025-01-07T20:39:51.940094Z",
            "yes_price": 1,
            "no_price": 99,
            "taker_side": "yes"
        },
        {
            "trade_id": "dcde7681-45af-46d3-a13c-9f222af75e6c",
            "ticker": "KXHIGHAUS-25JAN07-B46.5",
            "count": 93,
            "created_time": "2025-01-07T20:39:38.136143Z",
            "yes_price": 1,
            "no_price": 99,
            "taker_side": "yes"
        },
        {
            "trade_id": "28862062-1c39-4c31-b756-7f056ed65fa9",
            "ticker": "KXHIGHAUS-25JAN07-B46.5",
            "count": 2,
            "created_time": "2025-01-07T20:37:50.70161Z",
            "yes_price": 1,
            "no_price": 99,
            "taker_side": "yes"
        },
        {
            "trade_id": "44f5529c-6f81-4e8c-aada-f22fc4e52f50",
            "ticker": "KXHIGHAUS-25JAN07-B46.5",
            "count": 2,
            "created_time": "2025-01-07T20:37:40.703993Z",
            "yes_price": 1,
            "no_price": 99,
            "taker_side": "yes"
        },
        {
            "trade_id": "6a7d34e1-38a1-4c99-b1f3-cdfa7845688f",
            "ticker": "KXHIGHAUS-25JAN07-B46.5",
            "count": 3,
            "created_time": "2025-01-07T20:37:28.239098Z",
            "yes_price": 2,
            "no_price": 98,
            "taker_side": "yes"
        },
        {
            "trade_id": "aa0eb8df-1253-4e77-ba68-3bf699764cd1",
            "ticker": "KXHIGHAUS-25JAN07-B46.5",
            "count": 12,
            "created_time": "2025-01-07T20:37:08.848689Z",
            "yes_price": 2,
            "no_price": 98,
            "taker_side": "yes"
        },
        {
            "trade_id": "3be58776-7f50-4457-ba73-94d6a8cf3b7e",
            "ticker": "KXHIGHAUS-25JAN07-B46.5",
            "count": 517,
            "created_time": "2025-01-07T20:37:08.383544Z",
            "yes_price": 1,
            "no_price": 99,
            "taker_side": "no"
        },
        {
            "trade_id": "a35996bc-235d-441a-8e42-b97404605711",
            "ticker": "KXHIGHAUS-25JAN07-B46.5",
            "count": 683,
            "created_time": "2025-01-07T20:37:08.381869Z",
            "yes_price": 1,
            "no_price": 99,
            "taker_side": "no"
        },
        {
            "trade_id": "e48a4644-4df2-4353-9b09-6aa530d7ad82",
            "ticker": "KXHIGHAUS-25JAN07-B46.5",
            "count": 823,
            "created_time": "2025-01-07T20:37:08.315524Z",
            "yes_price": 1,
            "no_price": 99,
            "taker_side": "no"
        },
        {
            "trade_id": "9826f206-62b6-4ba3-b1a1-4c071e777342",
            "ticker": "KXHIGHAUS-25JAN07-B46.5",
            "count": 200,
            "created_time": "2025-01-07T20:37:08.225488Z",
            "yes_price": 1,
            "no_price": 99,
            "taker_side": "no"
        },
        {
            "trade_id": "f8832e84-fd1c-4265-ba2f-49fb95aa75aa",
            "ticker": "KXHIGHAUS-25JAN07-B46.5",
            "count": 100,
            "created_time": "2025-01-07T20:37:08.142071Z",
            "yes_price": 12,
            "no_price": 88,
            "taker_side": "no"
        },
        {
            "trade_id": "dfbd0c67-315b-4824-819d-bcc1f6fa716d",
            "ticker": "KXHIGHAUS-25JAN07-B46.5",
            "count": 168,
            "created_time": "2025-01-07T20:37:08.142071Z",
            "yes_price": 29,
            "no_price": 71,
            "taker_side": "no"
        },
        {
            "trade_id": "d2a0eff2-6f26-4108-bb90-4fd7c41c7479",
            "ticker": "KXHIGHAUS-25JAN07-B46.5",
            "count": 20,
            "created_time": "2025-01-07T20:37:08.142071Z",
            "yes_price": 25,
            "no_price": 75,
            "taker_side": "no"
        },
        {
            "trade_id": "cf31d906-4ca0-4aed-add2-b65c80f73e57",
            "ticker": "KXHIGHAUS-25JAN07-B46.5",
            "count": 379,
            "created_time": "2025-01-07T20:37:08.142071Z",
            "yes_price": 13,
            "no_price": 87,
            "taker_side": "no"
        },
        {
            "trade_id": "cd2bba32-306f-477b-bfcd-d3a26e5765a3",
            "ticker": "KXHIGHAUS-25JAN07-B46.5",
            "count": 10,
            "created_time": "2025-01-07T20:37:08.142071Z",
            "yes_price": 7,
            "no_price": 93,
            "taker_side": "no"
        },
        {
            "trade_id": "b9e190f7-1cef-4377-ad62-0ad1be647b2a",
            "ticker": "KXHIGHAUS-25JAN07-B46.5",
            "count": 50,
            "created_time": "2025-01-07T20:37:08.142071Z",
            "yes_price": 7,
            "no_price": 93,
            "taker_side": "no"
        },
        {
            "trade_id": "b3b577da-384b-47cc-889c-32d98a86cf9a",
            "ticker": "KXHIGHAUS-25JAN07-B46.5",
            "count": 11,
            "created_time": "2025-01-07T20:37:08.142071Z",
            "yes_price": 4,
            "no_price": 96,
            "taker_side": "no"
        },
        {
            "trade_id": "add9535f-7911-421f-81d7-1f19d64326fd",
            "ticker": "KXHIGHAUS-25JAN07-B46.5",
            "count": 50,
            "created_time": "2025-01-07T20:37:08.142071Z",
            "yes_price": 1,
            "no_price": 99,
            "taker_side": "no"
        },
        {
            "trade_id": "a2ee9f3c-3d7c-416e-917d-81f0a364415e",
            "ticker": "KXHIGHAUS-25JAN07-B46.5",
            "count": 5567,
            "created_time": "2025-01-07T20:37:08.142071Z",
            "yes_price": 1,
            "no_price": 99,
            "taker_side": "no"
        },
        {
            "trade_id": "8c64227e-62aa-42ec-aa0b-3716eaa506f1",
            "ticker": "KXHIGHAUS-25JAN07-B46.5",
            "count": 35,
            "created_time": "2025-01-07T20:37:08.142071Z",
            "yes_price": 30,
            "no_price": 70,
            "taker_side": "no"
        },
        {
            "trade_id": "70815ee7-0184-4789-837d-da81addebb57",
            "ticker": "KXHIGHAUS-25JAN07-B46.5",
            "count": 500,
            "created_time": "2025-01-07T20:37:08.142071Z",
            "yes_price": 20,
            "no_price": 80,
            "taker_side": "no"
        },
        {
            "trade_id": "705e37a7-60cf-4453-b610-7b80aa723519",
            "ticker": "KXHIGHAUS-25JAN07-B46.5",
            "count": 2,
            "created_time": "2025-01-07T20:37:08.142071Z",
            "yes_price": 12,
            "no_price": 88,
            "taker_side": "no"
        },
        {
            "trade_id": "5ea50af7-2492-4330-afae-12df4714e406",
            "ticker": "KXHIGHAUS-25JAN07-B46.5",
            "count": 150,
            "created_time": "2025-01-07T20:37:08.142071Z",
            "yes_price": 2,
            "no_price": 98,
            "taker_side": "no"
        },
        {
            "trade_id": "584a3859-037f-4b49-80b0-62d176edacb4",
            "ticker": "KXHIGHAUS-25JAN07-B46.5",
            "count": 20,
            "created_time": "2025-01-07T20:37:08.142071Z",
            "yes_price": 5,
            "no_price": 95,
            "taker_side": "no"
        },
        {
            "trade_id": "535c0221-7adb-4b31-917f-f7f64751e7e9",
            "ticker": "KXHIGHAUS-25JAN07-B46.5",
            "count": 200,
            "created_time": "2025-01-07T20:37:08.142071Z",
            "yes_price": 30,
            "no_price": 70,
            "taker_side": "no"
        },
        {
            "trade_id": "258b7192-a2b5-4f18-91fb-97acf7f25030",
            "ticker": "KXHIGHAUS-25JAN07-B46.5",
            "count": 50,
            "created_time": "2025-01-07T20:37:08.142071Z",
            "yes_price": 5,
            "no_price": 95,
            "taker_side": "no"
        },
        {
            "trade_id": "18478689-3969-4304-a448-bd4b27555bff",
            "ticker": "KXHIGHAUS-25JAN07-B46.5",
            "count": 50,
            "created_time": "2025-01-07T20:37:08.142071Z",
            "yes_price": 18,
            "no_price": 82,
            "taker_side": "no"
        },
        {
            "trade_id": "e096238e-be91-4704-afce-433a372d036b",
            "ticker": "KXHIGHAUS-25JAN07-B46.5",
            "count": 35,
            "created_time": "2025-01-07T20:35:49.980041Z",
            "yes_price": 32,
            "no_price": 68,
            "taker_side": "yes"
        },
        {
            "trade_id": "5b8f9755-5919-45a6-8497-5e7bbfc0503d",
            "ticker": "KXHIGHAUS-25JAN07-B46.5",
            "count": 30,
            "created_time": "2025-01-07T20:35:49.980041Z",
            "yes_price": 32,
            "no_price": 68,
            "taker_side": "yes"
        },
        {
            "trade_id": "786e8979-cbb1-4293-afbf-d419a07c3299",
            "ticker": "KXHIGHAUS-25JAN07-B46.5",
            "count": 12,
            "created_time": "2025-01-07T20:35:31.458715Z",
            "yes_price": 29,
            "no_price": 71,
            "taker_side": "no"
        },
        {
            "trade_id": "07d9e7da-ae25-4978-a929-e4ce552b18c3",
            "ticker": "KXHIGHAUS-25JAN07-B46.5",
            "count": 20,
            "created_time": "2025-01-07T20:33:49.270261Z",
            "yes_price": 27,
            "no_price": 73,
            "taker_side": "no"
        },
        {
            "trade_id": "0fffc036-8dbf-4431-a4f8-75ff73b897d5",
            "ticker": "KXHIGHAUS-25JAN07-B46.5",
            "count": 214,
            "created_time": "2025-01-07T20:22:07.594023Z",
            "yes_price": 34,
            "no_price": 66,
            "taker_side": "yes"
        },
        {
            "trade_id": "d5c483f0-d124-4cf2-9f2e-1d058afbada3",
            "ticker": "KXHIGHAUS-25JAN07-B46.5",
            "count": 250,
            "created_time": "2025-01-07T20:21:15.748526Z",
            "yes_price": 34,
            "no_price": 66,
            "taker_side": "yes"
        },
        {
            "trade_id": "1db98267-81e2-4c72-abfe-0d606ab6fc27",
            "ticker": "KXHIGHAUS-25JAN07-B46.5",
            "count": 50,
            "created_time": "2025-01-07T20:21:08.179288Z",
            "yes_price": 33,
            "no_price": 67,
            "taker_side": "no"
        },
        {
            "trade_id": "e373bbe1-0a89-4383-b69a-88d526d894bf",
            "ticker": "KXHIGHAUS-25JAN07-B46.5",
            "count": 6,
            "created_time": "2025-01-07T20:20:56.894148Z",
            "yes_price": 34,
            "no_price": 66,
            "taker_side": "no"
        },
        {
            "trade_id": "b24bbeb6-cf8c-43d7-8d7e-878aa30a8daf",
            "ticker": "KXHIGHAUS-25JAN07-B46.5",
            "count": 30,
            "created_time": "2025-01-07T20:20:56.894148Z",
            "yes_price": 35,
            "no_price": 65,
            "taker_side": "no"
        },
        {
            "trade_id": "5a1970e3-1c9e-4607-8489-a7e80a2b0c9d",
            "ticker": "KXHIGHAUS-25JAN07-B46.5",
            "count": 1,
            "created_time": "2025-01-07T20:15:17.768986Z",
            "yes_price": 37,
            "no_price": 63,
            "taker_side": "no"
        },
        {
            "trade_id": "e754cde7-ea3a-4676-998a-c44a4569346a",
            "ticker": "KXHIGHAUS-25JAN07-B46.5",
            "count": 300,
            "created_time": "2025-01-07T20:15:13.149921Z",
            "yes_price": 39,
            "no_price": 61,
            "taker_side": "no"
        },
        {
            "trade_id": "d90d864a-6b42-4643-adf3-9be77b5eb33b",
            "ticker": "KXHIGHAUS-25JAN07-B46.5",
            "count": 5,
            "created_time": "2025-01-07T20:14:41.89749Z",
            "yes_price": 45,
            "no_price": 55,
            "taker_side": "yes"
        },
        {
            "trade_id": "8fb2404c-4e79-4fe7-9357-eea661da4907",
            "ticker": "KXHIGHAUS-25JAN07-B46.5",
            "count": 5,
            "created_time": "2025-01-07T20:14:41.89749Z",
            "yes_price": 49,
            "no_price": 51,
            "taker_side": "yes"
        },
        {
            "trade_id": "71ef4cbe-87e4-46fe-81c6-47a5f6f7219b",
            "ticker": "KXHIGHAUS-25JAN07-B46.5",
            "count": 100,
            "created_time": "2025-01-07T20:14:13.401944Z",
            "yes_price": 44,
            "no_price": 56,
            "taker_side": "no"
        },
        {
            "trade_id": "dbe90f98-b527-4e7d-86cf-eacf011ecd4c",
            "ticker": "KXHIGHAUS-25JAN07-B46.5",
            "count": 25,
            "created_time": "2025-01-07T20:14:00.549764Z",
            "yes_price": 45,
            "no_price": 55,
            "taker_side": "yes"
        },
        {
            "trade_id": "88ae83bc-5cd1-4827-b4da-ba355d8e4794",
            "ticker": "KXHIGHAUS-25JAN07-B46.5",
            "count": 25,
            "created_time": "2025-01-07T20:13:50.984263Z",
            "yes_price": 45,
            "no_price": 55,
            "taker_side": "yes"
        },
        {
            "trade_id": "3fc9007b-bf2e-4a56-89f5-ab2429cc6467",
            "ticker": "KXHIGHAUS-25JAN07-B46.5",
            "count": 18,
            "created_time": "2025-01-07T20:13:42.190241Z",
            "yes_price": 45,
            "no_price": 55,
            "taker_side": "yes"
        },
        {
            "trade_id": "b472aeb4-591f-4181-a58d-244db9943052",
            "ticker": "KXHIGHAUS-25JAN07-B46.5",
            "count": 8,
            "created_time": "2025-01-07T20:11:10.415488Z",
            "yes_price": 54,
            "no_price": 46,
            "taker_side": "yes"
        },
        {
            "trade_id": "652d19ac-553f-4891-8757-b2f561969abb",
            "ticker": "KXHIGHAUS-25JAN07-B46.5",
            "count": 7,
            "created_time": "2025-01-07T20:10:57.411607Z",
            "yes_price": 41,
            "no_price": 59,
            "taker_side": "no"
        },
        {
            "trade_id": "81ef6a53-5308-4ead-9aae-aaa04958ec23",
            "ticker": "KXHIGHAUS-25JAN07-B46.5",
            "count": 413,
            "created_time": "2025-01-07T20:09:58.332424Z",
            "yes_price": 53,
            "no_price": 47,
            "taker_side": "yes"
        },
        {
            "trade_id": "e786c794-93ab-469a-b5de-0965f2048f76",
            "ticker": "KXHIGHAUS-25JAN07-B46.5",
            "count": 1,
            "created_time": "2025-01-07T20:09:56.455981Z",
            "yes_price": 53,
            "no_price": 47,
            "taker_side": "yes"
        },
        {
            "trade_id": "9edeac5f-9954-4726-8321-35cd13e89096",
            "ticker": "KXHIGHAUS-25JAN07-B46.5",
            "count": 1,
            "created_time": "2025-01-07T20:09:46.941764Z",
            "yes_price": 48,
            "no_price": 52,
            "taker_side": "yes"
        },
        {
            "trade_id": "bbd04525-644c-4664-ab1a-4da9b1b8ec5c",
            "ticker": "KXHIGHAUS-25JAN07-B46.5",
            "count": 151,
            "created_time": "2025-01-07T20:09:39.982303Z",
            "yes_price": 50,
            "no_price": 50,
            "taker_side": "yes"
        },
        {
            "trade_id": "9d3995ec-5981-4cac-858a-1003fdf1dfc3",
            "ticker": "KXHIGHAUS-25JAN07-B46.5",
            "count": 412,
            "created_time": "2025-01-07T20:09:39.982303Z",
            "yes_price": 45,
            "no_price": 55,
            "taker_side": "yes"
        },
        {
            "trade_id": "407064d2-273c-40e9-a16e-76c6296b3673",
            "ticker": "KXHIGHAUS-25JAN07-B46.5",
            "count": 10,
            "created_time": "2025-01-07T20:09:39.982303Z",
            "yes_price": 50,
            "no_price": 50,
            "taker_side": "yes"
        },
        {
            "trade_id": "08da5447-3b27-4954-a9b2-e6041a4ea186",
            "ticker": "KXHIGHAUS-25JAN07-B46.5",
            "count": 25,
            "created_time": "2025-01-07T20:09:39.982303Z",
            "yes_price": 50,
            "no_price": 50,
            "taker_side": "yes"
        },
        {
            "trade_id": "b8863a5b-fcea-4609-aee6-12c5f3a82bcd",
            "ticker": "KXHIGHAUS-25JAN07-B46.5",
            "count": 200,
            "created_time": "2025-01-07T20:09:34.480504Z",
            "yes_price": 45,
            "no_price": 55,
            "taker_side": "yes"
        },
        {
            "trade_id": "193cbeb1-d0e3-4558-b5d9-b8d68210228b",
            "ticker": "KXHIGHAUS-25JAN07-B46.5",
            "count": 42,
            "created_time": "2025-01-07T20:09:30.354772Z",
            "yes_price": 45,
            "no_price": 55,
            "taker_side": "yes"
        },
        {
            "trade_id": "efe51686-3228-4abd-aaee-833dacb88897",
            "ticker": "KXHIGHAUS-25JAN07-B46.5",
            "count": 20,
            "created_time": "2025-01-07T20:09:07.998969Z",
            "yes_price": 43,
            "no_price": 57,
            "taker_side": "yes"
        },
        {
            "trade_id": "ae5b4e28-7c29-4041-b654-60861586db32",
            "ticker": "KXHIGHAUS-25JAN07-B46.5",
            "count": 411,
            "created_time": "2025-01-07T20:09:07.998969Z",
            "yes_price": 44,
            "no_price": 56,
            "taker_side": "yes"
        },
        {
            "trade_id": "9344b4cc-f6f6-46c5-af10-9c5dcf1ba8ba",
            "ticker": "KXHIGHAUS-25JAN07-B46.5",
            "count": 44,
            "created_time": "2025-01-07T20:09:07.998969Z",
            "yes_price": 43,
            "no_price": 57,
            "taker_side": "yes"
        },
        {
            "trade_id": "5f21373c-b6cc-49d2-9ba2-78b05a81bc0f",
            "ticker": "KXHIGHAUS-25JAN07-B46.5",
            "count": 1,
            "created_time": "2025-01-07T20:09:07.998969Z",
            "yes_price": 43,
            "no_price": 57,
            "taker_side": "yes"
        },
        {
            "trade_id": "3c933c33-8917-400b-b31c-6d496fcb8508",
            "ticker": "KXHIGHAUS-25JAN07-B46.5",
            "count": 25,
            "created_time": "2025-01-07T20:09:07.998969Z",
            "yes_price": 44,
            "no_price": 56,
            "taker_side": "yes"
        },
        {
            "trade_id": "c70d74fd-011e-4183-aad0-1bfcf9eeef20",
            "ticker": "KXHIGHAUS-25JAN07-B46.5",
            "count": 73,
            "created_time": "2025-01-07T20:08:32.114951Z",
            "yes_price": 40,
            "no_price": 60,
            "taker_side": "no"
        },
        {
            "trade_id": "9481af45-cde7-43c2-8731-3628591f9bad",
            "ticker": "KXHIGHAUS-25JAN07-B46.5",
            "count": 1,
            "created_time": "2025-01-07T20:08:32.114951Z",
            "yes_price": 41,
            "no_price": 59,
            "taker_side": "no"
        },
        {
            "trade_id": "164177ba-08a4-4168-8cf4-a5d680360464",
            "ticker": "KXHIGHAUS-25JAN07-B46.5",
            "count": 68,
            "created_time": "2025-01-07T20:08:32.114951Z",
            "yes_price": 41,
            "no_price": 59,
            "taker_side": "no"
        },
        {
            "trade_id": "33de3881-1ab3-40f5-b861-99e98af040e8",
            "ticker": "KXHIGHAUS-25JAN07-B46.5",
            "count": 42,
            "created_time": "2025-01-07T20:08:27.322967Z",
            "yes_price": 44,
            "no_price": 56,
            "taker_side": "yes"
        },
        {
            "trade_id": "ae6abef1-20e1-4c27-be75-ed3669d32e94",
            "ticker": "KXHIGHAUS-25JAN07-B46.5",
            "count": 8,
            "created_time": "2025-01-07T20:08:24.649434Z",
            "yes_price": 41,
            "no_price": 59,
            "taker_side": "no"
        },
        {
            "trade_id": "bb0f6e1f-fd62-4da3-8ede-9f9d4e9e2d0a",
            "ticker": "KXHIGHAUS-25JAN07-B46.5",
            "count": 25,
            "created_time": "2025-01-07T20:08:03.751893Z",
            "yes_price": 43,
            "no_price": 57,
            "taker_side": "yes"
        },
        {
            "trade_id": "53467ee6-2cf4-439a-b45b-2dbb23953d31",
            "ticker": "KXHIGHAUS-25JAN07-B46.5",
            "count": 18,
            "created_time": "2025-01-07T20:08:03.751893Z",
            "yes_price": 43,
            "no_price": 57,
            "taker_side": "yes"
        },
        {
            "trade_id": "ede32b4d-ab4a-410e-b92a-0b8e1a32b94d",
            "ticker": "KXHIGHAUS-25JAN07-B46.5",
            "count": 119,
            "created_time": "2025-01-07T20:07:48.815117Z",
            "yes_price": 44,
            "no_price": 56,
            "taker_side": "yes"
        },
        {
            "trade_id": "01c1a96e-b799-422c-bf09-d7e5d708ffe6",
            "ticker": "KXHIGHAUS-25JAN07-B46.5",
            "count": 151,
            "created_time": "2025-01-07T20:07:48.815117Z",
            "yes_price": 44,
            "no_price": 56,
            "taker_side": "yes"
        },
        {
            "trade_id": "ed0983b5-11df-4210-a418-a5bdd57ed7c2",
            "ticker": "KXHIGHAUS-25JAN07-B46.5",
            "count": 62,
            "created_time": "2025-01-07T20:07:31.196439Z",
            "yes_price": 38,
            "no_price": 62,
            "taker_side": "no"
        },
        {
            "trade_id": "ddf4c238-3072-48fe-99d7-09df93239cb2",
            "ticker": "KXHIGHAUS-25JAN07-B46.5",
            "count": 76,
            "created_time": "2025-01-07T20:07:09.623435Z",
            "yes_price": 40,
            "no_price": 60,
            "taker_side": "no"
        },
        {
            "trade_id": "8d7d961e-0dd7-4635-9d92-e7be2c7aaff0",
            "ticker": "KXHIGHAUS-25JAN07-B46.5",
            "count": 110,
            "created_time": "2025-01-07T20:07:09.623435Z",
            "yes_price": 40,
            "no_price": 60,
            "taker_side": "no"
        },
        {
            "trade_id": "a4e49861-b1ce-4862-9dde-95c0ca2a7bac",
            "ticker": "KXHIGHAUS-25JAN07-B46.5",
            "count": 68,
            "created_time": "2025-01-07T20:06:59.875403Z",
            "yes_price": 41,
            "no_price": 59,
            "taker_side": "no"
        },
        {
            "trade_id": "42362aba-d559-4324-a935-9d6d1d0b6e21",
            "ticker": "KXHIGHAUS-25JAN07-B46.5",
            "count": 25,
            "created_time": "2025-01-07T20:06:59.875403Z",
            "yes_price": 41,
            "no_price": 59,
            "taker_side": "no"
        },
        {
            "trade_id": "f4a2ba58-8e65-4a98-b663-0d04d593b397",
            "ticker": "KXHIGHAUS-25JAN07-B46.5",
            "count": 7,
            "created_time": "2025-01-07T20:06:52.398886Z",
            "yes_price": 41,
            "no_price": 59,
            "taker_side": "no"
        },
        {
            "trade_id": "de53f7ab-f9ac-4462-a009-fec9f8de0a85",
            "ticker": "KXHIGHAUS-25JAN07-B46.5",
            "count": 90,
            "created_time": "2025-01-07T20:06:12.049816Z",
            "yes_price": 40,
            "no_price": 60,
            "taker_side": "no"
        },
        {
            "trade_id": "94713aaa-fdc0-4e7e-b445-d5b3ac4e0e4d",
            "ticker": "KXHIGHAUS-25JAN07-B46.5",
            "count": 49,
            "created_time": "2025-01-07T20:02:23.620006Z",
            "yes_price": 33,
            "no_price": 67,
            "taker_side": "no"
        },
        {
            "trade_id": "dbae510f-f977-4267-be83-2920a6936b3c",
            "ticker": "KXHIGHAUS-25JAN07-B46.5",
            "count": 168,
            "created_time": "2025-01-07T19:59:09.855486Z",
            "yes_price": 45,
            "no_price": 55,
            "taker_side": "yes"
        },
        {
            "trade_id": "dabf2624-5321-4786-bc4e-bb7bfed27849",
            "ticker": "KXHIGHAUS-25JAN07-B46.5",
            "count": 20,
            "created_time": "2025-01-07T19:59:09.855486Z",
            "yes_price": 46,
            "no_price": 54,
            "taker_side": "yes"
        },
        {
            "trade_id": "9ec11027-9fa5-4600-9732-321fdaa88972",
            "ticker": "KXHIGHAUS-25JAN07-B46.5",
            "count": 24,
            "created_time": "2025-01-07T19:59:09.855486Z",
            "yes_price": 46,
            "no_price": 54,
            "taker_side": "yes"
        },
        {
            "trade_id": "bd10ec60-6422-48bf-96cc-75f81f9465df",
            "ticker": "KXHIGHAUS-25JAN07-B46.5",
            "count": 35,
            "created_time": "2025-01-07T19:59:04.809375Z",
            "yes_price": 31,
            "no_price": 69,
            "taker_side": "no"
        },
        {
            "trade_id": "b1ff3698-3e70-4f99-bd5a-ad0b4d459b7c",
            "ticker": "KXHIGHAUS-25JAN07-B46.5",
            "count": 25,
            "created_time": "2025-01-07T19:59:04.809375Z",
            "yes_price": 31,
            "no_price": 69,
            "taker_side": "no"
        },
        {
            "trade_id": "e9134a9c-8843-4108-9ddd-5673d30ce9f4",
            "ticker": "KXHIGHAUS-25JAN07-B46.5",
            "count": 35,
            "created_time": "2025-01-07T19:57:33.850247Z",
            "yes_price": 45,
            "no_price": 55,
            "taker_side": "yes"
        },
        {
            "trade_id": "cc835173-7c18-4612-8020-f6b58dbb9b3d",
            "ticker": "KXHIGHAUS-25JAN07-B46.5",
            "count": 10,
            "created_time": "2025-01-07T19:57:33.850247Z",
            "yes_price": 45,
            "no_price": 55,
            "taker_side": "yes"
        },
        {
            "trade_id": "1b390281-e62d-4324-93ab-3ad34af8d7ff",
            "ticker": "KXHIGHAUS-25JAN07-B46.5",
            "count": 160,
            "created_time": "2025-01-07T19:57:33.850247Z",
            "yes_price": 46,
            "no_price": 54,
            "taker_side": "yes"
        },
        {
            "trade_id": "1078f777-676f-4b44-861b-a1695095cdc0",
            "ticker": "KXHIGHAUS-25JAN07-B46.5",
            "count": 25,
            "created_time": "2025-01-07T19:57:33.850247Z",
            "yes_price": 45,
            "no_price": 55,
            "taker_side": "yes"
        },
        {
            "trade_id": "63290033-68a3-46ea-bd54-3e10cc74d2c6",
            "ticker": "KXHIGHAUS-25JAN07-B46.5",
            "count": 20,
            "created_time": "2025-01-07T19:53:26.367507Z",
            "yes_price": 46,
            "no_price": 54,
            "taker_side": "yes"
        },
        {
            "trade_id": "dcb07fa5-3d0c-4bcd-9895-9c8c1a6e5ba1",
            "ticker": "KXHIGHAUS-25JAN07-B46.5",
            "count": 139,
            "created_time": "2025-01-07T19:52:52.837068Z",
            "yes_price": 40,
            "no_price": 60,
            "taker_side": "no"
        },
        {
            "trade_id": "2c376003-58c6-483f-9f6c-432cef18b10a",
            "ticker": "KXHIGHAUS-25JAN07-B46.5",
            "count": 78,
            "created_time": "2025-01-07T19:52:52.837068Z",
            "yes_price": 41,
            "no_price": 59,
            "taker_side": "no"
        },
        {
            "trade_id": "b8f3928a-626d-4058-b8c7-2d1d46927110",
            "ticker": "KXHIGHAUS-25JAN07-B46.5",
            "count": 34,
            "created_time": "2025-01-07T19:52:17.628682Z",
            "yes_price": 41,
            "no_price": 59,
            "taker_side": "no"
        },
        {
            "trade_id": "b7fa81e2-24ea-495c-97b2-f134a406354f",
            "ticker": "KXHIGHAUS-25JAN07-B46.5",
            "count": 76,
            "created_time": "2025-01-07T19:52:17.628682Z",
            "yes_price": 42,
            "no_price": 58,
            "taker_side": "no"
        },
        {
            "trade_id": "725c573e-bdd7-4c75-b966-e65054227cfb",
            "ticker": "KXHIGHAUS-25JAN07-B46.5",
            "count": 25,
            "created_time": "2025-01-07T19:52:17.628682Z",
            "yes_price": 41,
            "no_price": 59,
            "taker_side": "no"
        },
        {
            "trade_id": "0f6b1317-9fcd-4070-af9e-f97a06d00338",
            "ticker": "KXHIGHAUS-25JAN07-B46.5",
            "count": 161,
            "created_time": "2025-01-07T19:52:17.628682Z",
            "yes_price": 40,
            "no_price": 60,
            "taker_side": "no"
        },
        {
            "trade_id": "2b1d7bba-a357-47fc-8b8e-51f473cedeb6",
            "ticker": "KXHIGHAUS-25JAN07-B46.5",
            "count": 500,
            "created_time": "2025-01-07T19:51:17.175175Z",
            "yes_price": 44,
            "no_price": 56,
            "taker_side": "yes"
        },
        {
            "trade_id": "f328bd57-59e3-4950-8547-f2744d23a2ae",
            "ticker": "KXHIGHAUS-25JAN07-B46.5",
            "count": 14,
            "created_time": "2025-01-07T19:49:57.461334Z",
            "yes_price": 47,
            "no_price": 53,
            "taker_side": "yes"
        },
        {
            "trade_id": "35e9e393-bf30-4940-a2f2-06ed91504dd2",
            "ticker": "KXHIGHAUS-25JAN07-B46.5",
            "count": 490,
            "created_time": "2025-01-07T19:49:57.461334Z",
            "yes_price": 47,
            "no_price": 53,
            "taker_side": "yes"
        },
        {
            "trade_id": "66ff0af3-54a2-4bef-abc9-b73a91a87cce",
            "ticker": "KXHIGHAUS-25JAN07-B46.5",
            "count": 3,
            "created_time": "2025-01-07T19:49:51.227236Z",
            "yes_price": 45,
            "no_price": 55,
            "taker_side": "yes"
        },
        {
            "trade_id": "3d80b3bd-221b-4dd0-9484-59f3ef3b373e",
            "ticker": "KXHIGHAUS-25JAN07-B46.5",
            "count": 25,
            "created_time": "2025-01-07T19:49:51.227236Z",
            "yes_price": 46,
            "no_price": 54,
            "taker_side": "yes"
        },
        {
            "trade_id": "dacb756e-8b40-494b-a338-28bb146444bd",
            "ticker": "KXHIGHAUS-25JAN07-B46.5",
            "count": 17,
            "created_time": "2025-01-07T19:49:46.410799Z",
            "yes_price": 39,
            "no_price": 61,
            "taker_side": "no"
        },
        {
            "trade_id": "e1d6f99c-989e-47b7-8ba9-744eced6b969",
            "ticker": "KXHIGHAUS-25JAN07-B46.5",
            "count": 25,
            "created_time": "2025-01-07T19:49:31.721847Z",
            "yes_price": 38,
            "no_price": 62,
            "taker_side": "no"
        },
        {
            "trade_id": "d129ad94-d18a-440a-bb0c-d3315de7ed89",
            "ticker": "KXHIGHAUS-25JAN07-B46.5",
            "count": 45,
            "created_time": "2025-01-07T19:47:34.736682Z",
            "yes_price": 40,
            "no_price": 60,
            "taker_side": "no"
        },
        {
            "trade_id": "bcfcd67d-9ffa-47a4-ab2a-e3beca673d4a",
            "ticker": "KXHIGHAUS-25JAN07-B46.5",
            "count": 3,
            "created_time": "2025-01-07T19:47:34.736682Z",
            "yes_price": 42,
            "no_price": 58,
            "taker_side": "no"
        },
        {
            "trade_id": "b341649f-ba21-41f3-8fca-edb2f4cf3b7f",
            "ticker": "KXHIGHAUS-25JAN07-B46.5",
            "count": 500,
            "created_time": "2025-01-07T19:47:34.736682Z",
            "yes_price": 40,
            "no_price": 60,
            "taker_side": "no"
        },
        {
            "trade_id": "a00af27d-89a0-49e8-bb3d-1d91968bda49",
            "ticker": "KXHIGHAUS-25JAN07-B46.5",
            "count": 185,
            "created_time": "2025-01-07T19:47:34.736682Z",
            "yes_price": 38,
            "no_price": 62,
            "taker_side": "no"
        },
        {
            "trade_id": "531060ca-3f17-4fa5-be5b-f52560d806cd",
            "ticker": "KXHIGHAUS-25JAN07-B46.5",
            "count": 78,
            "created_time": "2025-01-07T19:47:34.736682Z",
            "yes_price": 40,
            "no_price": 60,
            "taker_side": "no"
        },
        {
            "trade_id": "2d050f3b-72e1-47ba-becb-6200bedb6ba5",
            "ticker": "KXHIGHAUS-25JAN07-B46.5",
            "count": 200,
            "created_time": "2025-01-07T19:47:34.736682Z",
            "yes_price": 40,
            "no_price": 60,
            "taker_side": "no"
        },
        {
            "trade_id": "abf5a062-3198-4c93-a610-a6cf22ef4cc3",
            "ticker": "KXHIGHAUS-25JAN07-B46.5",
            "count": 10,
            "created_time": "2025-01-07T19:47:13.074445Z",
            "yes_price": 47,
            "no_price": 53,
            "taker_side": "yes"
        },
        {
            "trade_id": "3ad2bb9c-8a0f-4ab7-ba57-9e27543c2767",
            "ticker": "KXHIGHAUS-25JAN07-B46.5",
            "count": 1,
            "created_time": "2025-01-07T19:46:41.316846Z",
            "yes_price": 41,
            "no_price": 59,
            "taker_side": "no"
        },
        {
            "trade_id": "65d8513a-9a1d-4bc3-9d89-4c957fa7ad5a",
            "ticker": "KXHIGHAUS-25JAN07-B46.5",
            "count": 80,
            "created_time": "2025-01-07T19:43:41.495775Z",
            "yes_price": 48,
            "no_price": 52,
            "taker_side": "yes"
        },
        {
            "trade_id": "f698303d-ee8b-40d4-866a-9b9cd318e869",
            "ticker": "KXHIGHAUS-25JAN07-B46.5",
            "count": 16,
            "created_time": "2025-01-07T19:43:12.65047Z",
            "yes_price": 47,
            "no_price": 53,
            "taker_side": "yes"
        },
        {
            "trade_id": "c8745601-64c3-43ea-9d43-d0dd934bcb8c",
            "ticker": "KXHIGHAUS-25JAN07-B46.5",
            "count": 30,
            "created_time": "2025-01-07T19:43:12.65047Z",
            "yes_price": 45,
            "no_price": 55,
            "taker_side": "yes"
        },
        {
            "trade_id": "ac853fb6-11d9-4c00-b223-754723c81799",
            "ticker": "KXHIGHAUS-25JAN07-B46.5",
            "count": 6,
            "created_time": "2025-01-07T19:43:12.65047Z",
            "yes_price": 44,
            "no_price": 56,
            "taker_side": "yes"
        },
        {
            "trade_id": "8fd7440f-73ff-4e37-bf1d-6dada7943abd",
            "ticker": "KXHIGHAUS-25JAN07-B46.5",
            "count": 50,
            "created_time": "2025-01-07T19:43:12.65047Z",
            "yes_price": 44,
            "no_price": 56,
            "taker_side": "yes"
        },
        {
            "trade_id": "8192d729-00a2-47d9-b44e-179349b1c7af",
            "ticker": "KXHIGHAUS-25JAN07-B46.5",
            "count": 56,
            "created_time": "2025-01-07T19:43:12.65047Z",
            "yes_price": 47,
            "no_price": 53,
            "taker_side": "yes"
        },
        {
            "trade_id": "4384cf91-0906-4403-9e14-73d9045693e1",
            "ticker": "KXHIGHAUS-25JAN07-B46.5",
            "count": 76,
            "created_time": "2025-01-07T19:43:12.65047Z",
            "yes_price": 45,
            "no_price": 55,
            "taker_side": "yes"
        },
        {
            "trade_id": "06096b0a-223d-46ce-b67a-8f30c3a429b8",
            "ticker": "KXHIGHAUS-25JAN07-B46.5",
            "count": 266,
            "created_time": "2025-01-07T19:43:12.65047Z",
            "yes_price": 48,
            "no_price": 52,
            "taker_side": "yes"
        },
        {
            "trade_id": "a45f4637-1bde-4838-9781-0791b41aa3ba",
            "ticker": "KXHIGHAUS-25JAN07-B46.5",
            "count": 16,
            "created_time": "2025-01-07T19:42:56.435219Z",
            "yes_price": 40,
            "no_price": 60,
            "taker_side": "no"
        },
        {
            "trade_id": "5dc8ab63-432f-4746-a68d-fb785f462b47",
            "ticker": "KXHIGHAUS-25JAN07-B46.5",
            "count": 23,
            "created_time": "2025-01-07T19:42:31.819927Z",
            "yes_price": 40,
            "no_price": 60,
            "taker_side": "no"
        },
        {
            "trade_id": "f580558e-2c94-42ae-b049-b0a9a4009ba0",
            "ticker": "KXHIGHAUS-25JAN07-B46.5",
            "count": 38,
            "created_time": "2025-01-07T19:41:51.17809Z",
            "yes_price": 39,
            "no_price": 61,
            "taker_side": "no"
        },
        {
            "trade_id": "a98e11fc-9992-4091-8d35-c773efbbe5df",
            "ticker": "KXHIGHAUS-25JAN07-B46.5",
            "count": 15,
            "created_time": "2025-01-07T19:40:55.075255Z",
            "yes_price": 38,
            "no_price": 62,
            "taker_side": "no"
        },
        {
            "trade_id": "099b130b-72bc-447a-8b46-0d76f9226b33",
            "ticker": "KXHIGHAUS-25JAN07-B46.5",
            "count": 6,
            "created_time": "2025-01-07T19:39:03.890344Z",
            "yes_price": 37,
            "no_price": 63,
            "taker_side": "no"
        },
        {
            "trade_id": "db0ce78a-6248-447d-878a-f7562556268b",
            "ticker": "KXHIGHAUS-25JAN07-B46.5",
            "count": 15,
            "created_time": "2025-01-07T19:34:25.632942Z",
            "yes_price": 37,
            "no_price": 63,
