{
    "KXHIGHAUS-25APR27-T87": [
        {
            "trade_id": "bae33d0e-d143-467d-9788-9a284daa313a",
            "ticker": "KXHIGHAUS-25APR27-T87",
            "count": 55,
            "created_time": "2025-04-28T01:38:10.704579Z",
            "yes_price": 99,
            "no_price": 1,
            "taker_side": "no"
        },
        {
            "trade_id": "9f37d988-3cd0-4cc9-9a82-664d5ce1abea",
            "ticker": "KXHIGHAUS-25APR27-T87",
            "count": 177,
            "created_time": "2025-04-28T00:49:57.892904Z",
            "yes_price": 99,
            "no_price": 1,
            "taker_side": "no"
        },
        {
            "trade_id": "e9415b80-c291-4ecd-99ab-378c517b3ceb",
            "ticker": "KXHIGHAUS-25APR27-T87",
            "count": 90,
            "created_time": "2025-04-27T23:43:55.320909Z",
            "yes_price": 99,
            "no_price": 1,
            "taker_side": "no"
        },
        {
            "trade_id": "d7fc1d9d-8c41-4064-81f4-e0521ade03ee",
            "ticker": "KXHIGHAUS-25APR27-T87",
            "count": 205,
            "created_time": "2025-04-27T23:43:38.749677Z",
            "yes_price": 99,
            "no_price": 1,
            "taker_side": "no"
        },
        {
            "trade_id": "ee293b53-be10-400d-a95a-daffc846760a",
            "ticker": "KXHIGHAUS-25APR27-T87",
            "count": 15,
            "created_time": "2025-04-27T23:38:03.577323Z",
            "yes_price": 99,
            "no_price": 1,
            "taker_side": "no"
        },
        {
            "trade_id": "c540e750-3a8c-44a3-bd8d-aef05db49471",
            "ticker": "KXHIGHAUS-25APR27-T87",
            "count": 83,
            "created_time": "2025-04-27T23:35:59.064696Z",
            "yes_price": 99,
            "no_price": 1,
            "taker_side": "no"
        },
        {
            "trade_id": "177a9abe-153e-419b-8153-4048d3b9d2dc",
            "ticker": "KXHIGHAUS-25APR27-T87",
            "count": 458,
            "created_time": "2025-04-27T23:13:02.867572Z",
            "yes_price": 99,
            "no_price": 1,
            "taker_side": "no"
        },
        {
            "trade_id": "c16d0d63-2b7a-4ca7-8537-a5c8ac7bb525",
            "ticker": "KXHIGHAUS-25APR27-T87",
            "count": 10,
            "created_time": "2025-04-27T23:05:22.153262Z",
            "yes_price": 99,
            "no_price": 1,
            "taker_side": "no"
        },
        {
            "trade_id": "dd6ecf0d-f46c-43d8-a598-dfd9231800c1",
            "ticker": "KXHIGHAUS-25APR27-T87",
            "count": 15,
            "created_time": "2025-04-27T23:00:13.027146Z",
            "yes_price": 99,
            "no_price": 1,
            "taker_side": "no"
        },
        {
            "trade_id": "e62361fa-b7e7-4e65-87be-95a42a2631a7",
            "ticker": "KXHIGHAUS-25APR27-T87",
            "count": 15,
            "created_time": "2025-04-27T22:56:01.350597Z",
            "yes_price": 99,
            "no_price": 1,
            "taker_side": "yes"
        },
        {
            "trade_id": "c8d84efa-2406-4840-96cb-96801d2f40f3",
            "ticker": "KXHIGHAUS-25APR27-T87",
            "count": 200,
            "created_time": "2025-04-27T22:56:01.350597Z",
            "yes_price": 99,
            "no_price": 1,
            "taker_side": "yes"
        },
        {
            "trade_id": "73ee5609-33e1-4c8c-b92a-2ccff1319169",
            "ticker": "KXHIGHAUS-25APR27-T87",
            "count": 75,
            "created_time": "2025-04-27T22:47:42.113843Z",
            "yes_price": 95,
            "no_price": 5,
            "taker_side": "yes"
        },
        {
            "trade_id": "a9330055-046e-4dbf-9211-ce25c67451c7",
            "ticker": "KXHIGHAUS-25APR27-T87",
            "count": 75,
            "created_time": "2025-04-27T22:18:05.61397Z",
            "yes_price": 94,
            "no_price": 6,
            "taker_side": "yes"
        },
        {
            "trade_id": "8fa5c3f1-9e41-4fe5-8009-984737a161af",
            "ticker": "KXHIGHAUS-25APR27-T87",
            "count": 33,
            "created_time": "2025-04-27T22:18:05.61397Z",
            "yes_price": 95,
            "no_price": 5,
            "taker_side": "yes"
        },
        {
            "trade_id": "c44547c2-30ea-4770-8216-07a331df533f",
            "ticker": "KXHIGHAUS-25APR27-T87",
            "count": 25,
            "created_time": "2025-04-27T22:17:48.086507Z",
            "yes_price": 94,
            "no_price": 6,
            "taker_side": "yes"
        },
        {
            "trade_id": "e9861a86-a8f6-4da9-baa6-65d69a8b2fc4",
            "ticker": "KXHIGHAUS-25APR27-T87",
            "count": 15,
            "created_time": "2025-04-27T21:51:33.349699Z",
            "yes_price": 95,
            "no_price": 5,
            "taker_side": "yes"
        },
        {
            "trade_id": "68ca4920-2d91-4a0b-911d-610e270b08af",
            "ticker": "KXHIGHAUS-25APR27-T87",
            "count": 10,
            "created_time": "2025-04-27T21:49:20.839461Z",
            "yes_price": 94,
            "no_price": 6,
            "taker_side": "no"
        },
        {
            "trade_id": "8d6710dd-30af-475d-9b17-0b3c4725f15c",
            "ticker": "KXHIGHAUS-25APR27-T87",
            "count": 50,
            "created_time": "2025-04-27T21:49:20.78182Z",
            "yes_price": 94,
            "no_price": 6,
            "taker_side": "yes"
        },
        {
            "trade_id": "7a77724e-b25c-4af4-8368-145a34135885",
            "ticker": "KXHIGHAUS-25APR27-T87",
            "count": 2,
            "created_time": "2025-04-27T21:40:46.037953Z",
            "yes_price": 80,
            "no_price": 20,
            "taker_side": "no"
        },
        {
            "trade_id": "370ff4a1-8782-46b9-b56e-d0e2dbbd363e",
            "ticker": "KXHIGHAUS-25APR27-T87",
            "count": 1,
            "created_time": "2025-04-27T21:40:07.497755Z",
            "yes_price": 80,
            "no_price": 20,
            "taker_side": "no"
        },
        {
            "trade_id": "ed106f5b-8d43-454f-9fbf-7e16e3de4962",
            "ticker": "KXHIGHAUS-25APR27-T87",
            "count": 10,
            "created_time": "2025-04-27T21:39:19.776519Z",
            "yes_price": 93,
            "no_price": 7,
            "taker_side": "yes"
        },
        {
            "trade_id": "0d1f6c14-afdf-48a5-92d2-b826a32516de",
            "ticker": "KXHIGHAUS-25APR27-T87",
            "count": 64,
            "created_time": "2025-04-27T21:32:31.837397Z",
            "yes_price": 94,
            "no_price": 6,
            "taker_side": "yes"
        },
        {
            "trade_id": "e802f896-6e1b-41b1-8aa6-53a6d7010218",
            "ticker": "KXHIGHAUS-25APR27-T87",
            "count": 1,
            "created_time": "2025-04-27T21:30:22.173659Z",
            "yes_price": 93,
            "no_price": 7,
            "taker_side": "yes"
        },
        {
            "trade_id": "5d742f21-1688-444c-ae5b-5959fceec4db",
            "ticker": "KXHIGHAUS-25APR27-T87",
            "count": 50,
            "created_time": "2025-04-27T21:20:28.257873Z",
            "yes_price": 91,
            "no_price": 9,
            "taker_side": "yes"
        },
        {
            "trade_id": "56c0399e-3912-4b09-bc53-510e3c5e4a01",
            "ticker": "KXHIGHAUS-25APR27-T87",
            "count": 58,
            "created_time": "2025-04-27T21:20:28.257873Z",
            "yes_price": 92,
            "no_price": 8,
            "taker_side": "yes"
        },
        {
            "trade_id": "30e19e68-b682-455a-a78d-73f33899cc49",
            "ticker": "KXHIGHAUS-25APR27-T87",
            "count": 61,
            "created_time": "2025-04-27T21:20:12.69562Z",
            "yes_price": 85,
            "no_price": 15,
            "taker_side": "no"
        },
        {
            "trade_id": "547126db-8434-4127-bd8b-a7f99875d80f",
            "ticker": "KXHIGHAUS-25APR27-T87",
            "count": 177,
            "created_time": "2025-04-27T21:15:14.090296Z",
            "yes_price": 95,
            "no_price": 5,
            "taker_side": "yes"
        },
        {
            "trade_id": "bc7ea113-77d3-495a-901e-1797af2fa405",
            "ticker": "KXHIGHAUS-25APR27-T87",
            "count": 11,
            "created_time": "2025-04-27T21:13:07.549924Z",
            "yes_price": 87,
            "no_price": 13,
            "taker_side": "no"
        },
        {
            "trade_id": "3d118447-9f7d-4d3c-89b8-83a93b2ce0d1",
            "ticker": "KXHIGHAUS-25APR27-T87",
            "count": 6,
            "created_time": "2025-04-27T21:13:07.549924Z",
            "yes_price": 86,
            "no_price": 14,
            "taker_side": "no"
        },
        {
            "trade_id": "1b16c573-2bd5-4a8c-bbc0-193d3458b435",
            "ticker": "KXHIGHAUS-25APR27-T87",
            "count": 4,
            "created_time": "2025-04-27T21:13:07.549924Z",
            "yes_price": 87,
            "no_price": 13,
            "taker_side": "no"
        },
        {
            "trade_id": "74236e60-8a1c-4031-89ca-3f55ec07edd1",
            "ticker": "KXHIGHAUS-25APR27-T87",
            "count": 1,
            "created_time": "2025-04-27T21:03:45.223765Z",
            "yes_price": 97,
            "no_price": 3,
            "taker_side": "yes"
        },
        {
            "trade_id": "1ba65a3a-01c3-4b7a-982f-ca7eeff9bff4",
            "ticker": "KXHIGHAUS-25APR27-T87",
            "count": 30,
            "created_time": "2025-04-27T21:01:33.346299Z",
            "yes_price": 91,
            "no_price": 9,
            "taker_side": "yes"
        },
        {
            "trade_id": "0658dd4e-ffba-4f8a-84e8-5ac2dfe2866c",
            "ticker": "KXHIGHAUS-25APR27-T87",
            "count": 15,
            "created_time": "2025-04-27T20:49:33.615002Z",
            "yes_price": 81,
            "no_price": 19,
            "taker_side": "no"
        },
        {
            "trade_id": "ca5b28e7-cbf1-4b72-a885-a27bb96a5ed9",
            "ticker": "KXHIGHAUS-25APR27-T87",
            "count": 8,
            "created_time": "2025-04-27T20:48:34.136749Z",
            "yes_price": 81,
            "no_price": 19,
            "taker_side": "yes"
        },
        {
            "trade_id": "eab4b294-be55-4940-8a24-ebcc5f262609",
            "ticker": "KXHIGHAUS-25APR27-T87",
            "count": 15,
            "created_time": "2025-04-27T20:48:24.597487Z",
            "yes_price": 82,
            "no_price": 18,
            "taker_side": "yes"
        },
        {
            "trade_id": "29bd6c9e-ed1f-43e4-af77-cf9d2e231f9f",
            "ticker": "KXHIGHAUS-25APR27-T87",
            "count": 40,
            "created_time": "2025-04-27T20:48:11.876197Z",
            "yes_price": 81,
            "no_price": 19,
            "taker_side": "yes"
        },
        {
            "trade_id": "a0baba93-45ab-4fde-b647-cbf3ddd6de38",
            "ticker": "KXHIGHAUS-25APR27-T87",
            "count": 6,
            "created_time": "2025-04-27T20:47:00.040981Z",
            "yes_price": 80,
            "no_price": 20,
            "taker_side": "no"
        },
        {
            "trade_id": "010d319a-93cc-4a76-9345-7bd07cab95f4",
            "ticker": "KXHIGHAUS-25APR27-T87",
            "count": 6,
            "created_time": "2025-04-27T20:46:32.930812Z",
            "yes_price": 77,
            "no_price": 23,
            "taker_side": "no"
        },
        {
            "trade_id": "3ec74bc2-7035-4358-94b7-4b4e49e117be",
            "ticker": "KXHIGHAUS-25APR27-T87",
            "count": 14,
            "created_time": "2025-04-27T20:43:05.771916Z",
            "yes_price": 78,
            "no_price": 22,
            "taker_side": "yes"
        },
        {
            "trade_id": "52f34bf7-ba36-4414-b51f-acccf11b628c",
            "ticker": "KXHIGHAUS-25APR27-T87",
            "count": 32,
            "created_time": "2025-04-27T20:38:53.094997Z",
            "yes_price": 78,
            "no_price": 22,
            "taker_side": "yes"
        },
        {
            "trade_id": "4be85422-4b21-4d1a-a084-eb799de522e6",
            "ticker": "KXHIGHAUS-25APR27-T87",
            "count": 96,
            "created_time": "2025-04-27T20:38:37.824972Z",
            "yes_price": 74,
            "no_price": 26,
            "taker_side": "yes"
        },
        {
            "trade_id": "13e7dbe4-4510-4663-a128-ff25ed96fcf3",
            "ticker": "KXHIGHAUS-25APR27-T87",
            "count": 100,
            "created_time": "2025-04-27T20:38:37.824972Z",
            "yes_price": 75,
            "no_price": 25,
            "taker_side": "yes"
        },
        {
            "trade_id": "f5fd94de-440e-4e3e-adeb-fc72a47e8627",
            "ticker": "KXHIGHAUS-25APR27-T87",
            "count": 6,
            "created_time": "2025-04-27T20:36:39.18346Z",
            "yes_price": 65,
            "no_price": 35,
            "taker_side": "yes"
        },
        {
            "trade_id": "5d185b30-7d59-410b-b40c-67712cbd459f",
            "ticker": "KXHIGHAUS-25APR27-T87",
            "count": 4,
            "created_time": "2025-04-27T20:36:39.18346Z",
            "yes_price": 64,
            "no_price": 36,
            "taker_side": "yes"
        },
        {
            "trade_id": "2c7245c6-8f0f-460a-89d0-0ac9a84b9fcd",
            "ticker": "KXHIGHAUS-25APR27-T87",
            "count": 50,
            "created_time": "2025-04-27T20:27:42.460661Z",
            "yes_price": 45,
            "no_price": 55,
            "taker_side": "yes"
        },
        {
            "trade_id": "a4e5bfa5-aa55-4152-95fb-c222813475b3",
            "ticker": "KXHIGHAUS-25APR27-T87",
            "count": 11,
            "created_time": "2025-04-27T20:26:39.158129Z",
            "yes_price": 49,
            "no_price": 51,
            "taker_side": "yes"
        },
        {
            "trade_id": "8056ebed-790a-47ff-875c-cc9d306b4e12",
            "ticker": "KXHIGHAUS-25APR27-T87",
            "count": 2,
            "created_time": "2025-04-27T20:24:48.423982Z",
            "yes_price": 37,
            "no_price": 63,
            "taker_side": "yes"
        },
        {
            "trade_id": "52eab8ea-3509-4a09-a9b2-28833450dc5e",
            "ticker": "KXHIGHAUS-25APR27-T87",
            "count": 50,
            "created_time": "2025-04-27T20:24:48.423982Z",
            "yes_price": 38,
            "no_price": 62,
            "taker_side": "yes"
        },
        {
            "trade_id": "8b06f210-73ad-4ccd-8696-9e1238a9c281",
            "ticker": "KXHIGHAUS-25APR27-T87",
            "count": 6,
            "created_time": "2025-04-27T20:24:42.8956Z",
            "yes_price": 27,
            "no_price": 73,
            "taker_side": "no"
        },
        {
            "trade_id": "21d92640-4d4a-4d23-ac7b-96bf8507c651",
            "ticker": "KXHIGHAUS-25APR27-T87",
            "count": 15,
            "created_time": "2025-04-27T20:20:16.744063Z",
            "yes_price": 25,
            "no_price": 75,
            "taker_side": "no"
        },
        {
            "trade_id": "073abf85-1aa9-4bcb-8f59-3996113aed52",
            "ticker": "KXHIGHAUS-25APR27-T87",
            "count": 11,
            "created_time": "2025-04-27T20:17:26.826299Z",
            "yes_price": 24,
            "no_price": 76,
            "taker_side": "no"
        },
        {
            "trade_id": "ccb5a48a-0d79-4302-81f3-426ff9e8258f",
            "ticker": "KXHIGHAUS-25APR27-T87",
            "count": 9,
            "created_time": "2025-04-27T20:17:20.702575Z",
            "yes_price": 54,
            "no_price": 46,
            "taker_side": "yes"
        },
        {
            "trade_id": "31d2b0e0-e4b2-4532-9435-b490b355978f",
            "ticker": "KXHIGHAUS-25APR27-T87",
            "count": 5,
            "created_time": "2025-04-27T20:17:20.702575Z",
            "yes_price": 54,
            "no_price": 46,
            "taker_side": "yes"
        },
        {
            "trade_id": "b8e6640a-b96f-4b10-ae36-0986a74a7e76",
            "ticker": "KXHIGHAUS-25APR27-T87",
            "count": 15,
            "created_time": "2025-04-27T20:16:27.275415Z",
            "yes_price": 47,
            "no_price": 53,
            "taker_side": "yes"
        },
        {
            "trade_id": "d1e4e12c-a022-4756-84f2-c4e208bcdf6f",
            "ticker": "KXHIGHAUS-25APR27-T87",
            "count": 1,
            "created_time": "2025-04-27T20:16:13.210894Z",
            "yes_price": 46,
            "no_price": 54,
            "taker_side": "yes"
        },
        {
            "trade_id": "53c854a4-8eac-413d-8c6e-df26eaeb1de4",
            "ticker": "KXHIGHAUS-25APR27-T87",
            "count": 10,
            "created_time": "2025-04-27T20:16:13.210894Z",
            "yes_price": 47,
            "no_price": 53,
            "taker_side": "yes"
        },
        {
            "trade_id": "64a5398e-79ee-4a85-be4c-7c1707e690da",
            "ticker": "KXHIGHAUS-25APR27-T87",
            "count": 21,
            "created_time": "2025-04-27T20:13:52.448329Z",
            "yes_price": 45,
            "no_price": 55,
            "taker_side": "yes"
        },
        {
            "trade_id": "37b27f8a-245e-40af-aa56-7ff82eb9d145",
            "ticker": "KXHIGHAUS-25APR27-T87",
            "count": 14,
            "created_time": "2025-04-27T20:13:52.448329Z",
            "yes_price": 46,
            "no_price": 54,
            "taker_side": "yes"
        },
        {
            "trade_id": "b20b4768-f5e0-412e-b63d-174b8e38634b",
            "ticker": "KXHIGHAUS-25APR27-T87",
            "count": 41,
            "created_time": "2025-04-27T20:09:52.166033Z",
            "yes_price": 35,
            "no_price": 65,
            "taker_side": "no"
        },
        {
            "trade_id": "80f78a76-f637-40ff-9f0e-928b0f848d9f",
            "ticker": "KXHIGHAUS-25APR27-T87",
            "count": 35,
            "created_time": "2025-04-27T20:09:52.166033Z",
            "yes_price": 36,
            "no_price": 64,
            "taker_side": "no"
        },
        {
            "trade_id": "699ecc70-85c7-4225-9818-a7a5352743e8",
            "ticker": "KXHIGHAUS-25APR27-T87",
            "count": 40,
            "created_time": "2025-04-27T20:03:59.386397Z",
            "yes_price": 29,
            "no_price": 71,
            "taker_side": "no"
        },
        {
            "trade_id": "56473b91-b131-4edf-8ddd-52ce1f44b67f",
            "ticker": "KXHIGHAUS-25APR27-T87",
            "count": 102,
            "created_time": "2025-04-27T19:58:24.198496Z",
            "yes_price": 28,
            "no_price": 72,
            "taker_side": "no"
        },
        {
            "trade_id": "076f7b46-10c3-4d56-a73d-95f036587dfa",
            "ticker": "KXHIGHAUS-25APR27-T87",
            "count": 146,
            "created_time": "2025-04-27T19:58:24.198496Z",
            "yes_price": 31,
            "no_price": 69,
            "taker_side": "no"
        },
        {
            "trade_id": "39de9522-1901-49c7-96b7-e6f70e83d67a",
            "ticker": "KXHIGHAUS-25APR27-T87",
            "count": 4,
            "created_time": "2025-04-27T19:57:32.57547Z",
            "yes_price": 31,
            "no_price": 69,
            "taker_side": "no"
        },
        {
            "trade_id": "d519f8d7-4c71-4057-b848-ce975acbdbb7",
            "ticker": "KXHIGHAUS-25APR27-T87",
            "count": 11,
            "created_time": "2025-04-27T19:56:41.742195Z",
            "yes_price": 41,
            "no_price": 59,
            "taker_side": "yes"
        },
        {
            "trade_id": "b2277a89-ee11-43f8-8d38-a9eed2165018",
            "ticker": "KXHIGHAUS-25APR27-T87",
            "count": 15,
            "created_time": "2025-04-27T19:55:34.032156Z",
            "yes_price": 43,
            "no_price": 57,
            "taker_side": "yes"
        },
        {
            "trade_id": "6b00b4da-17f3-44b6-ae41-03b81af58233",
            "ticker": "KXHIGHAUS-25APR27-T87",
            "count": 35,
            "created_time": "2025-04-27T19:55:34.032156Z",
            "yes_price": 44,
            "no_price": 56,
            "taker_side": "yes"
        },
        {
            "trade_id": "b9021898-50a0-438c-a396-85b03fbe9d2b",
            "ticker": "KXHIGHAUS-25APR27-T87",
            "count": 16,
            "created_time": "2025-04-27T19:55:22.107528Z",
            "yes_price": 42,
            "no_price": 58,
            "taker_side": "no"
        },
        {
            "trade_id": "ef6c40e9-85f4-4d86-b98a-0e30d1236b4a",
            "ticker": "KXHIGHAUS-25APR27-T87",
            "count": 50,
            "created_time": "2025-04-27T19:53:30.836807Z",
            "yes_price": 49,
            "no_price": 51,
            "taker_side": "yes"
        },
        {
            "trade_id": "c999e2f9-9e7a-48b9-9de2-2956865ebb8d",
            "ticker": "KXHIGHAUS-25APR27-T87",
            "count": 15,
            "created_time": "2025-04-27T19:50:34.573342Z",
            "yes_price": 51,
            "no_price": 49,
            "taker_side": "no"
        },
        {
            "trade_id": "5735408a-ceb7-42b2-97ee-63a04cfcad81",
            "ticker": "KXHIGHAUS-25APR27-T87",
            "count": 15,
            "created_time": "2025-04-27T19:50:34.573342Z",
            "yes_price": 51,
            "no_price": 49,
            "taker_side": "no"
        },
        {
            "trade_id": "0ffa94f6-b63b-42b4-aa02-2207ac819300",
            "ticker": "KXHIGHAUS-25APR27-T87",
            "count": 69,
            "created_time": "2025-04-27T19:50:34.573342Z",
            "yes_price": 50,
            "no_price": 50,
            "taker_side": "no"
        },
        {
            "trade_id": "1fc58aa0-fbf4-4d52-a6cc-6aa081b4fc66",
            "ticker": "KXHIGHAUS-25APR27-T87",
            "count": 10,
            "created_time": "2025-04-27T19:50:29.78784Z",
            "yes_price": 51,
            "no_price": 49,
            "taker_side": "no"
        },
        {
            "trade_id": "cdf263c2-a981-4b97-9d09-ea1bfc1985b5",
            "ticker": "KXHIGHAUS-25APR27-T87",
            "count": 15,
            "created_time": "2025-04-27T19:49:49.631087Z",
            "yes_price": 50,
            "no_price": 50,
            "taker_side": "no"
        },
        {
            "trade_id": "dfaa0dea-39be-4535-bdb5-eea62bbafebe",
            "ticker": "KXHIGHAUS-25APR27-T87",
            "count": 25,
            "created_time": "2025-04-27T19:49:39.4168Z",
            "yes_price": 50,
            "no_price": 50,
            "taker_side": "no"
        },
        {
            "trade_id": "a67ed809-4bea-4c6d-bde0-921a13f67fbc",
            "ticker": "KXHIGHAUS-25APR27-T87",
            "count": 5,
            "created_time": "2025-04-27T19:49:39.4168Z",
            "yes_price": 50,
            "no_price": 50,
            "taker_side": "no"
        },
        {
            "trade_id": "ba6f002a-7ce1-44ca-9488-ffe1fbf68049",
            "ticker": "KXHIGHAUS-25APR27-T87",
            "count": 10,
            "created_time": "2025-04-27T19:46:20.446033Z",
            "yes_price": 50,
            "no_price": 50,
            "taker_side": "no"
        },
        {
            "trade_id": "f1ea36a9-82bc-4999-85ff-86f019a6ec57",
            "ticker": "KXHIGHAUS-25APR27-T87",
            "count": 169,
            "created_time": "2025-04-27T19:44:15.433257Z",
            "yes_price": 69,
            "no_price": 31,
            "taker_side": "yes"
        },
        {
            "trade_id": "bc36d7f2-96d0-4bf0-9f67-438d2d9634f1",
            "ticker": "KXHIGHAUS-25APR27-T87",
            "count": 50,
            "created_time": "2025-04-27T19:44:15.433257Z",
            "yes_price": 50,
            "no_price": 50,
            "taker_side": "yes"
        },
        {
            "trade_id": "86b27f4a-67a6-44b1-ae47-2d4530cba923",
            "ticker": "KXHIGHAUS-25APR27-T87",
            "count": 13,
            "created_time": "2025-04-27T19:44:15.433257Z",
            "yes_price": 61,
            "no_price": 39,
            "taker_side": "yes"
        },
        {
            "trade_id": "804e3484-a02e-41d0-b743-dc0cc71e6b8e",
            "ticker": "KXHIGHAUS-25APR27-T87",
            "count": 6,
            "created_time": "2025-04-27T19:44:15.433257Z",
            "yes_price": 51,
            "no_price": 49,
            "taker_side": "yes"
        },
        {
            "trade_id": "7c7ceaaf-e150-402c-bc74-658777bf28db",
            "ticker": "KXHIGHAUS-25APR27-T87",
            "count": 200,
            "created_time": "2025-04-27T19:44:15.433257Z",
            "yes_price": 68,
            "no_price": 32,
            "taker_side": "yes"
        },
        {
            "trade_id": "76cbeebe-9904-4fa2-bfa3-cad448eb704b",
            "ticker": "KXHIGHAUS-25APR27-T87",
            "count": 40,
            "created_time": "2025-04-27T19:44:15.433257Z",
            "yes_price": 62,
            "no_price": 38,
            "taker_side": "yes"
        },
        {
            "trade_id": "5a9aedba-da11-4109-97e3-db81399aa272",
            "ticker": "KXHIGHAUS-25APR27-T87",
            "count": 23,
            "created_time": "2025-04-27T19:44:15.433257Z",
            "yes_price": 42,
            "no_price": 58,
            "taker_side": "yes"
        },
        {
            "trade_id": "45685868-cf6a-4ec0-823f-53735ecf6139",
            "ticker": "KXHIGHAUS-25APR27-T87",
            "count": 25,
            "created_time": "2025-04-27T19:44:15.433257Z",
            "yes_price": 51,
            "no_price": 49,
            "taker_side": "yes"
        },
        {
            "trade_id": "31154791-a436-4a58-b3d0-bae7a0edde0a",
            "ticker": "KXHIGHAUS-25APR27-T87",
            "count": 9,
            "created_time": "2025-04-27T19:44:15.433257Z",
            "yes_price": 67,
            "no_price": 33,
            "taker_side": "yes"
        },
        {
            "trade_id": "209009c9-f84c-474a-a157-a7b98b8bdb42",
            "ticker": "KXHIGHAUS-25APR27-T87",
            "count": 15,
            "created_time": "2025-04-27T19:44:15.433257Z",
            "yes_price": 41,
            "no_price": 59,
            "taker_side": "yes"
        },
        {
            "trade_id": "75abc403-9699-4bd3-8ee2-d7f59814f67f",
            "ticker": "KXHIGHAUS-25APR27-T87",
            "count": 50,
            "created_time": "2025-04-27T19:43:53.700014Z",
            "yes_price": 41,
            "no_price": 59,
            "taker_side": "yes"
        },
        {
            "trade_id": "040fdae3-3b14-4221-8861-4da615249726",
            "ticker": "KXHIGHAUS-25APR27-T87",
            "count": 1,
            "created_time": "2025-04-27T19:43:30.805222Z",
            "yes_price": 30,
            "no_price": 70,
            "taker_side": "yes"
        },
        {
            "trade_id": "b90f91d5-82dc-47fb-b5ba-1acf593f1a85",
            "ticker": "KXHIGHAUS-25APR27-T87",
            "count": 14,
            "created_time": "2025-04-27T19:43:04.877789Z",
            "yes_price": 34,
            "no_price": 66,
            "taker_side": "yes"
        },
        {
            "trade_id": "836e61f8-f4f6-4bbe-bb0e-95a16828a802",
            "ticker": "KXHIGHAUS-25APR27-T87",
            "count": 10,
            "created_time": "2025-04-27T19:42:49.456061Z",
            "yes_price": 20,
            "no_price": 80,
            "taker_side": "no"
        },
        {
            "trade_id": "7a423a87-a06e-45f9-8250-d2ffa4f8c650",
            "ticker": "KXHIGHAUS-25APR27-T87",
            "count": 12,
            "created_time": "2025-04-27T19:42:14.611277Z",
            "yes_price": 34,
            "no_price": 66,
            "taker_side": "yes"
        },
        {
            "trade_id": "fd455fd2-b839-4610-b482-8dc78f91f7ac",
            "ticker": "KXHIGHAUS-25APR27-T87",
            "count": 12,
            "created_time": "2025-04-27T19:37:35.589698Z",
            "yes_price": 72,
            "no_price": 28,
            "taker_side": "yes"
        },
        {
            "trade_id": "dfa4aab8-b171-45fb-8833-63f4f29d8fd7",
            "ticker": "KXHIGHAUS-25APR27-T87",
            "count": 21,
            "created_time": "2025-04-27T19:37:35.589698Z",
            "yes_price": 38,
            "no_price": 62,
            "taker_side": "yes"
        },
        {
            "trade_id": "43cb8e6d-7f7e-457f-ac7f-4b9a59839e10",
            "ticker": "KXHIGHAUS-25APR27-T87",
            "count": 50,
            "created_time": "2025-04-27T19:37:35.589698Z",
            "yes_price": 37,
            "no_price": 63,
            "taker_side": "yes"
        },
        {
            "trade_id": "3079feb7-99fd-4e68-bb6f-9813d588121a",
            "ticker": "KXHIGHAUS-25APR27-T87",
            "count": 11,
            "created_time": "2025-04-27T19:36:17.499034Z",
            "yes_price": 31,
            "no_price": 69,
            "taker_side": "yes"
        },
        {
            "trade_id": "51862e26-0a63-46cf-a3f8-c51631ae3eb8",
            "ticker": "KXHIGHAUS-25APR27-T87",
            "count": 21,
            "created_time": "2025-04-27T19:33:35.620049Z",
            "yes_price": 35,
            "no_price": 65,
            "taker_side": "yes"
        },
        {
            "trade_id": "207a63fa-dd61-429c-af33-405fffc61e2b",
            "ticker": "KXHIGHAUS-25APR27-T87",
            "count": 50,
            "created_time": "2025-04-27T19:33:35.620049Z",
            "yes_price": 34,
            "no_price": 66,
            "taker_side": "yes"
        },
        {
            "trade_id": "a74b26f4-4d39-49a3-8f0d-3eb23e5ee1d8",
            "ticker": "KXHIGHAUS-25APR27-T87",
            "count": 7,
            "created_time": "2025-04-27T19:33:09.276742Z",
            "yes_price": 28,
            "no_price": 72,
            "taker_side": "no"
        },
        {
            "trade_id": "b6daa4ad-116d-4023-8492-44ecbaf6ca7b",
            "ticker": "KXHIGHAUS-25APR27-T87",
            "count": 3,
            "created_time": "2025-04-27T19:32:59.069831Z",
            "yes_price": 29,
            "no_price": 71,
            "taker_side": "no"
        },
        {
            "trade_id": "e4aab401-481d-4276-b8c9-dcceb1e92903",
            "ticker": "KXHIGHAUS-25APR27-T87",
            "count": 15,
            "created_time": "2025-04-27T19:32:58.929926Z",
            "yes_price": 29,
            "no_price": 71,
            "taker_side": "no"
        },
        {
            "trade_id": "d7a3206b-b46f-447c-9c45-93a76ade1211",
            "ticker": "KXHIGHAUS-25APR27-T87",
            "count": 10,
            "created_time": "2025-04-27T19:31:13.360329Z",
            "yes_price": 27,
            "no_price": 73,
            "taker_side": "yes"
        },
        {
            "trade_id": "0d41e1e9-fa85-4eb5-a078-c76f04ca7211",
            "ticker": "KXHIGHAUS-25APR27-T87",
            "count": 50,
            "created_time": "2025-04-27T19:31:13.360329Z",
            "yes_price": 27,
            "no_price": 73,
            "taker_side": "yes"
        },
        {
            "trade_id": "21ef12ef-9b10-4250-a3de-f05b41867d5c",
            "ticker": "KXHIGHAUS-25APR27-T87",
            "count": 15,
            "created_time": "2025-04-27T19:27:45.493784Z",
            "yes_price": 35,
            "no_price": 65,
            "taker_side": "no"
        },
        {
            "trade_id": "ffa631d5-9cc9-4f25-8bcb-f7de5a3ac100",
            "ticker": "KXHIGHAUS-25APR27-T87",
            "count": 21,
            "created_time": "2025-04-27T19:27:40.991501Z",
            "yes_price": 32,
            "no_price": 68,
            "taker_side": "yes"
        },
        {
            "trade_id": "dfef23ee-5ba5-45a2-a231-b3290d946638",
            "ticker": "KXHIGHAUS-25APR27-T87",
            "count": 50,
            "created_time": "2025-04-27T19:27:40.991501Z",
            "yes_price": 32,
            "no_price": 68,
            "taker_side": "yes"
        },
        {
            "trade_id": "85a42620-aaf0-4d58-9f17-5f0728abe730",
            "ticker": "KXHIGHAUS-25APR27-T87",
            "count": 1,
            "created_time": "2025-04-27T19:26:47.650682Z",
            "yes_price": 31,
            "no_price": 69,
            "taker_side": "no"
        },
        {
            "trade_id": "9aa61f09-1f75-4ebc-ab15-1765d7b54e91",
            "ticker": "KXHIGHAUS-25APR27-T87",
            "count": 21,
            "created_time": "2025-04-27T19:26:29.327946Z",
            "yes_price": 31,
            "no_price": 69,
            "taker_side": "yes"
        },
        {
            "trade_id": "52ef165b-572b-40c0-b592-bfc0c36259c7",
            "ticker": "KXHIGHAUS-25APR27-T87",
            "count": 40,
            "created_time": "2025-04-27T19:25:53.730042Z",
            "yes_price": 30,
            "no_price": 70,
            "taker_side": "no"
        },
        {
            "trade_id": "f3306180-350c-41da-a2f7-3c067a5ca8c2",
            "ticker": "KXHIGHAUS-25APR27-T87",
            "count": 12,
            "created_time": "2025-04-27T19:25:26.144683Z",
            "yes_price": 26,
            "no_price": 74,
            "taker_side": "no"
        },
        {
            "trade_id": "0b2c7912-a1d2-416f-857b-72e6821bb961",
            "ticker": "KXHIGHAUS-25APR27-T87",
            "count": 1,
            "created_time": "2025-04-27T19:24:47.846672Z",
            "yes_price": 29,
            "no_price": 71,
            "taker_side": "no"
        },
        {
            "trade_id": "289f3850-5477-4162-803d-1a2c3b233fc3",
            "ticker": "KXHIGHAUS-25APR27-T87",
            "count": 3,
            "created_time": "2025-04-27T19:24:22.338298Z",
            "yes_price": 29,
            "no_price": 71,
            "taker_side": "no"
        },
        {
            "trade_id": "7ce53868-6db1-45c3-b7b2-3d25198885d7",
            "ticker": "KXHIGHAUS-25APR27-T87",
            "count": 1,
            "created_time": "2025-04-27T19:22:11.536305Z",
            "yes_price": 18,
            "no_price": 82,
            "taker_side": "no"
        },
        {
            "trade_id": "96f6e202-fd64-467e-9659-2bc9f5967094",
            "ticker": "KXHIGHAUS-25APR27-T87",
            "count": 11,
            "created_time": "2025-04-27T19:22:05.542411Z",
            "yes_price": 28,
            "no_price": 72,
            "taker_side": "yes"
        },
        {
            "trade_id": "5fb2c249-02e1-4e92-a598-76fb4bae93a4",
            "ticker": "KXHIGHAUS-25APR27-T87",
            "count": 9,
            "created_time": "2025-04-27T19:22:05.542411Z",
            "yes_price": 22,
            "no_price": 78,
            "taker_side": "yes"
        },
        {
            "trade_id": "2c5efcbe-d3c1-417a-a796-44adb1b6bb22",
            "ticker": "KXHIGHAUS-25APR27-T87",
            "count": 300,
            "created_time": "2025-04-27T19:22:05.542411Z",
            "yes_price": 29,
            "no_price": 71,
            "taker_side": "yes"
        },
        {
            "trade_id": "fa46d92c-de86-47e1-bf4b-5f2dfe76ce86",
            "ticker": "KXHIGHAUS-25APR27-T87",
            "count": 50,
            "created_time": "2025-04-27T19:19:53.102439Z",
            "yes_price": 20,
            "no_price": 80,
            "taker_side": "yes"
        },
        {
            "trade_id": "5ffcb644-aed4-413d-8628-68d912bad0af",
            "ticker": "KXHIGHAUS-25APR27-T87",
            "count": 8,
            "created_time": "2025-04-27T19:10:27.159221Z",
            "yes_price": 17,
            "no_price": 83,
            "taker_side": "no"
        },
        {
            "trade_id": "fd11105f-05c4-4553-b67c-a865634eca03",
            "ticker": "KXHIGHAUS-25APR27-T87",
            "count": 18,
            "created_time": "2025-04-27T19:10:24.028496Z",
            "yes_price": 27,
            "no_price": 73,
            "taker_side": "yes"
        },
        {
            "trade_id": "f682dbe0-c09f-4059-ab75-8663e145cc1a",
            "ticker": "KXHIGHAUS-25APR27-T87",
            "count": 8,
            "created_time": "2025-04-27T19:10:24.028496Z",
            "yes_price": 17,
            "no_price": 83,
            "taker_side": "yes"
        },
        {
            "trade_id": "b888da24-f584-4063-a0d5-bad1280073a4",
            "ticker": "KXHIGHAUS-25APR27-T87",
            "count": 50,
            "created_time": "2025-04-27T19:10:24.028496Z",
            "yes_price": 17,
            "no_price": 83,
            "taker_side": "yes"
        },
        {
            "trade_id": "a9057d03-84b0-4c1e-823a-3d82d6d0c98d",
            "ticker": "KXHIGHAUS-25APR27-T87",
            "count": 50,
            "created_time": "2025-04-27T19:09:26.737199Z",
            "yes_price": 16,
            "no_price": 84,
            "taker_side": "yes"
        },
        {
            "trade_id": "05dd449e-4144-47a7-9195-b31a89e4a121",
            "ticker": "KXHIGHAUS-25APR27-T87",
            "count": 5,
            "created_time": "2025-04-27T19:07:58.378989Z",
            "yes_price": 8,
            "no_price": 92,
            "taker_side": "no"
        },
        {
            "trade_id": "de538207-0ddd-4d7f-80e7-f16765e30b91",
            "ticker": "KXHIGHAUS-25APR27-T87",
            "count": 50,
            "created_time": "2025-04-27T19:00:35.926106Z",
            "yes_price": 8,
            "no_price": 92,
            "taker_side": "no"
        },
        {
            "trade_id": "a7668193-6173-4909-8b78-d5c9305d5288",
            "ticker": "KXHIGHAUS-25APR27-T87",
            "count": 183,
            "created_time": "2025-04-27T19:00:35.926106Z",
            "yes_price": 7,
            "no_price": 93,
            "taker_side": "no"
        },
        {
            "trade_id": "6aa79331-3010-4558-b990-fcbaab2037e2",
            "ticker": "KXHIGHAUS-25APR27-T87",
            "count": 9,
            "created_time": "2025-04-27T18:59:03.500621Z",
            "yes_price": 8,
            "no_price": 92,
            "taker_side": "no"
        },
        {
            "trade_id": "f830eecf-eecd-413b-88a1-db4784862739",
            "ticker": "KXHIGHAUS-25APR27-T87",
            "count": 50,
            "created_time": "2025-04-27T18:38:04.745128Z",
            "yes_price": 9,
            "no_price": 91,
            "taker_side": "yes"
        },
        {
            "trade_id": "8ea2d929-39d1-468d-ad7d-ca7c2f4b6c08",
            "ticker": "KXHIGHAUS-25APR27-T87",
            "count": 40,
            "created_time": "2025-04-27T18:38:04.745128Z",
            "yes_price": 10,
            "no_price": 90,
            "taker_side": "yes"
        },
        {
            "trade_id": "6f8df703-69bf-4db9-a175-396c0ce16ccf",
            "ticker": "KXHIGHAUS-25APR27-T87",
            "count": 1,
            "created_time": "2025-04-27T18:02:16.991591Z",
            "yes_price": 4,
            "no_price": 96,
            "taker_side": "no"
        },
        {
            "trade_id": "cb0767d0-dd2c-49ec-b2fc-365bc6c09873",
            "ticker": "KXHIGHAUS-25APR27-T87",
            "count": 50,
            "created_time": "2025-04-27T16:58:49.852506Z",
            "yes_price": 4,
            "no_price": 96,
            "taker_side": "no"
        },
        {
            "trade_id": "844d8e05-1c52-4b3c-981d-ad0cb0e86fa3",
            "ticker": "KXHIGHAUS-25APR27-T87",
            "count": 58,
            "created_time": "2025-04-27T16:58:49.852506Z",
            "yes_price": 3,
            "no_price": 97,
            "taker_side": "no"
        },
        {
            "trade_id": "7af84a4a-f0aa-4447-b78c-9fd3cf1a0a60",
            "ticker": "KXHIGHAUS-25APR27-T87",
            "count": 48,
            "created_time": "2025-04-27T16:58:49.852506Z",
            "yes_price": 3,
            "no_price": 97,
            "taker_side": "no"
        },
        {
            "trade_id": "5b52d8f8-1b92-4aac-96d3-86d4a392ab68",
            "ticker": "KXHIGHAUS-25APR27-T87",
            "count": 8,
            "created_time": "2025-04-27T16:56:14.784449Z",
            "yes_price": 4,
            "no_price": 96,
            "taker_side": "no"
        },
        {
            "trade_id": "b59e892d-d577-43c1-b09e-03a83d5c581f",
            "ticker": "KXHIGHAUS-25APR27-T87",
            "count": 119,
            "created_time": "2025-04-27T16:39:39.796298Z",
            "yes_price": 4,
            "no_price": 96,
            "taker_side": "yes"
        },
        {
            "trade_id": "98c37074-3cf6-4181-bc78-222e9d68166e",
            "ticker": "KXHIGHAUS-25APR27-T87",
            "count": 50,
            "created_time": "2025-04-27T16:39:39.796298Z",
            "yes_price": 4,
            "no_price": 96,
            "taker_side": "yes"
        },
        {
            "trade_id": "1ef8e65e-2894-4b79-a53c-44ef07d05ae8",
            "ticker": "KXHIGHAUS-25APR27-T87",
            "count": 64,
            "created_time": "2025-04-27T16:39:39.796298Z",
            "yes_price": 4,
            "no_price": 96,
            "taker_side": "yes"
        },
        {
            "trade_id": "22f77fdd-490a-41f1-bea3-1d943b31bb1a",
            "ticker": "KXHIGHAUS-25APR27-T87",
            "count": 31,
            "created_time": "2025-04-27T16:39:27.710262Z",
            "yes_price": 3,
            "no_price": 97,
            "taker_side": "no"
        },
        {
            "trade_id": "04f629c7-8f05-4277-a05b-f70ae44005f9",
            "ticker": "KXHIGHAUS-25APR27-T87",
            "count": 200,
            "created_time": "2025-04-27T16:00:51.277973Z",
            "yes_price": 3,
            "no_price": 97,
            "taker_side": "no"
        },
        {
            "trade_id": "729ab81d-4d22-49aa-8c64-9a38af42e7fb",
            "ticker": "KXHIGHAUS-25APR27-T87",
            "count": 6,
            "created_time": "2025-04-27T15:48:19.435207Z",
            "yes_price": 3,
            "no_price": 97,
            "taker_side": "no"
        },
        {
            "trade_id": "58c7d141-af49-4ff8-9ce3-84152ca717eb",
            "ticker": "KXHIGHAUS-25APR27-T87",
            "count": 2,
            "created_time": "2025-04-27T15:45:36.345554Z",
            "yes_price": 3,
            "no_price": 97,
            "taker_side": "no"
        },
        {
            "trade_id": "a5f5d230-69ef-4465-b54a-81acdc02455d",
            "ticker": "KXHIGHAUS-25APR27-T87",
            "count": 4,
            "created_time": "2025-04-27T15:42:21.798134Z",
            "yes_price": 3,
            "no_price": 97,
            "taker_side": "no"
        },
        {
            "trade_id": "09726ad6-8eb5-4bb9-8ba7-ccb72bad7f04",
            "ticker": "KXHIGHAUS-25APR27-T87",
            "count": 309,
            "created_time": "2025-04-27T15:36:53.02774Z",
            "yes_price": 3,
            "no_price": 97,
            "taker_side": "yes"
        },
        {
            "trade_id": "6a7353d6-0b9e-4e61-b3e1-921fd03dd791",
            "ticker": "KXHIGHAUS-25APR27-T87",
            "count": 2,
            "created_time": "2025-04-27T15:14:42.358706Z",
            "yes_price": 2,
            "no_price": 98,
            "taker_side": "no"
        },
        {
            "trade_id": "e57c5779-3fd2-41d9-8bf1-be9cdfc0b6b6",
            "ticker": "KXHIGHAUS-25APR27-T87",
            "count": 3,
            "created_time": "2025-04-27T15:14:25.22435Z",
            "yes_price": 2,
            "no_price": 98,
            "taker_side": "no"
        },
        {
            "trade_id": "3a989a51-e568-46b1-b77e-543207730227",
            "ticker": "KXHIGHAUS-25APR27-T87",
            "count": 1,
            "created_time": "2025-04-27T15:14:12.081155Z",
            "yes_price": 2,
            "no_price": 98,
            "taker_side": "no"
        },
        {
            "trade_id": "e9bd3179-ad43-4d48-9670-04d253e18062",
            "ticker": "KXHIGHAUS-25APR27-T87",
            "count": 1,
            "created_time": "2025-04-27T15:14:09.023446Z",
            "yes_price": 2,
            "no_price": 98,
            "taker_side": "no"
        },
        {
            "trade_id": "6dd7dfc3-3448-42e8-817e-308557cfc768",
            "ticker": "KXHIGHAUS-25APR27-T87",
            "count": 3,
            "created_time": "2025-04-27T15:12:57.647701Z",
            "yes_price": 2,
            "no_price": 98,
            "taker_side": "no"
        },
        {
            "trade_id": "6091c3fa-b4dd-4e3e-942d-e803e3d6df0e",
            "ticker": "KXHIGHAUS-25APR27-T87",
            "count": 2,
            "created_time": "2025-04-27T15:12:56.800245Z",
            "yes_price": 2,
            "no_price": 98,
            "taker_side": "no"
        },
        {
            "trade_id": "e84a4c44-bc12-4d68-a7a6-9cc7fbe00fbd",
            "ticker": "KXHIGHAUS-25APR27-T87",
            "count": 127,
            "created_time": "2025-04-27T14:57:52.220527Z",
            "yes_price": 3,
            "no_price": 97,
            "taker_side": "no"
        },
        {
            "trade_id": "ec4bbb1a-2b2f-4d86-943a-cb7a39343822",
            "ticker": "KXHIGHAUS-25APR27-T87",
            "count": 5,
            "created_time": "2025-04-27T14:54:45.632948Z",
            "yes_price": 3,
            "no_price": 97,
            "taker_side": "no"
        },
        {
            "trade_id": "e10961a9-4604-45d6-8bfe-de79ad090d78",
            "ticker": "KXHIGHAUS-25APR27-T87",
            "count": 12,
            "created_time": "2025-04-27T14:48:02.983272Z",
            "yes_price": 5,
            "no_price": 95,
            "taker_side": "no"
        },
        {
            "trade_id": "a6250297-645d-44ad-9fc6-5446be674554",
            "ticker": "KXHIGHAUS-25APR27-T87",
            "count": 50,
            "created_time": "2025-04-27T14:48:01.602277Z",
            "yes_price": 4,
            "no_price": 96,
            "taker_side": "yes"
        },
        {
            "trade_id": "67daa544-ae65-40db-ae03-ad6c57da181f",
            "ticker": "KXHIGHAUS-25APR27-T87",
            "count": 133,
            "created_time": "2025-04-27T14:48:01.602277Z",
            "yes_price": 4,
            "no_price": 96,
            "taker_side": "yes"
        },
        {
            "trade_id": "48a4f69f-5ac5-4408-9a61-8f3cb4e8e204",
            "ticker": "KXHIGHAUS-25APR27-T87",
            "count": 419,
            "created_time": "2025-04-27T14:48:01.602277Z",
            "yes_price": 3,
            "no_price": 97,
            "taker_side": "yes"
        },
        {
            "trade_id": "3a629651-722e-4e3f-8010-3589fdf7aaf0",
            "ticker": "KXHIGHAUS-25APR27-T87",
            "count": 86,
            "created_time": "2025-04-27T14:48:01.602277Z",
            "yes_price": 4,
            "no_price": 96,
            "taker_side": "yes"
        },
        {
            "trade_id": "87f912fd-e477-491f-9aa0-db961cb512a8",
            "ticker": "KXHIGHAUS-25APR27-T87",
            "count": 6,
            "created_time": "2025-04-27T14:28:18.529134Z",
            "yes_price": 3,
            "no_price": 97,
            "taker_side": "yes"
        },
        {
            "trade_id": "edff5466-60e8-4ae7-abd5-d3266ab8c13f",
            "ticker": "KXHIGHAUS-25APR27-T87",
            "count": 2,
            "created_time": "2025-04-27T14:19:16.258521Z",
            "yes_price": 2,
            "no_price": 98,
            "taker_side": "no"
        },
        {
            "trade_id": "3c133bf4-71c5-4e6f-9a16-d41a0db0775f",
            "ticker": "KXHIGHAUS-25APR27-T87",
            "count": 2,
            "created_time": "2025-04-27T14:17:46.792861Z",
            "yes_price": 2,
            "no_price": 98,
            "taker_side": "no"
        },
        {
            "trade_id": "ecb8ad29-3d7b-4b02-abd4-283414577b08",
            "ticker": "KXHIGHAUS-25APR27-T87",
            "count": 7,
            "created_time": "2025-04-27T14:16:30.862589Z",
            "yes_price": 2,
            "no_price": 98,
            "taker_side": "no"
        },
        {
            "trade_id": "d56eedd2-e987-419a-89fe-73571359662b",
            "ticker": "KXHIGHAUS-25APR27-T87",
            "count": 1,
            "created_time": "2025-04-27T14:09:33.864926Z",
            "yes_price": 3,
            "no_price": 97,
            "taker_side": "no"
        },
        {
            "trade_id": "869fb9e7-00f5-46b0-9eb3-829086d96d1d",
            "ticker": "KXHIGHAUS-25APR27-T87",
            "count": 78,
            "created_time": "2025-04-27T14:09:31.960555Z",
            "yes_price": 3,
            "no_price": 97,
            "taker_side": "no"
        },
        {
            "trade_id": "6dba8577-68f0-4790-ae91-b7cce30900c7",
            "ticker": "KXHIGHAUS-25APR27-T87",
            "count": 78,
            "created_time": "2025-04-27T14:06:25.563901Z",
            "yes_price": 3,
            "no_price": 97,
            "taker_side": "no"
        },
        {
            "trade_id": "9a619c17-e00b-4c1a-b0ee-d570c59157cd",
            "ticker": "KXHIGHAUS-25APR27-T87",
            "count": 8,
            "created_time": "2025-04-27T14:03:19.671757Z",
            "yes_price": 3,
            "no_price": 97,
            "taker_side": "no"
        },
        {
            "trade_id": "4bfa017e-9dc3-4137-9069-038abb3d923c",
            "ticker": "KXHIGHAUS-25APR27-T87",
            "count": 70,
            "created_time": "2025-04-27T14:03:19.671757Z",
            "yes_price": 4,
            "no_price": 96,
            "taker_side": "no"
        },
        {
            "trade_id": "f5f48b11-666a-4c8a-b0ea-4b2c17811f9f",
            "ticker": "KXHIGHAUS-25APR27-T87",
            "count": 89,
            "created_time": "2025-04-27T14:00:34.542181Z",
            "yes_price": 4,
            "no_price": 96,
            "taker_side": "no"
        },
        {
            "trade_id": "3352cb41-cc6f-40a5-9295-10aa68e3027c",
            "ticker": "KXHIGHAUS-25APR27-T87",
            "count": 106,
            "created_time": "2025-04-27T14:00:28.721522Z",
            "yes_price": 5,
            "no_price": 95,
            "taker_side": "no"
        },
        {
            "trade_id": "a7a97ffa-a6ae-4547-9047-59d3f4ec57d0",
            "ticker": "KXHIGHAUS-25APR27-T87",
            "count": 69,
            "created_time": "2025-04-27T13:57:27.112349Z",
            "yes_price": 6,
            "no_price": 94,
            "taker_side": "no"
        },
        {
            "trade_id": "dd9b144e-bc50-4f94-8f49-ff54e8f44bb5",
            "ticker": "KXHIGHAUS-25APR27-T87",
            "count": 67,
            "created_time": "2025-04-27T13:52:46.219013Z",
            "yes_price": 7,
            "no_price": 93,
            "taker_side": "yes"
        },
        {
            "trade_id": "e161f866-7dd0-459d-b343-8030f39e3aa4",
            "ticker": "KXHIGHAUS-25APR27-T87",
            "count": 2,
            "created_time": "2025-04-27T13:51:10.157649Z",
            "yes_price": 7,
            "no_price": 93,
            "taker_side": "yes"
        },
        {
            "trade_id": "dbbef6a4-4e9c-44d7-b923-bff303941b67",
            "ticker": "KXHIGHAUS-25APR27-T87",
            "count": 44,
            "created_time": "2025-04-27T13:31:40.001702Z",
            "yes_price": 6,
            "no_price": 94,
            "taker_side": "no"
        },
        {
            "trade_id": "42f3f359-7fe2-41eb-abca-4e782db37edb",
            "ticker": "KXHIGHAUS-25APR27-T87",
            "count": 14,
            "created_time": "2025-04-27T12:45:24.977101Z",
            "yes_price": 4,
            "no_price": 96,
            "taker_side": "no"
        },
        {
            "trade_id": "ed13ce07-f6dd-424f-84e4-6826bade77e6",
            "ticker": "KXHIGHAUS-25APR27-T87",
            "count": 78,
            "created_time": "2025-04-27T12:45:21.751796Z",
            "yes_price": 4,
            "no_price": 96,
            "taker_side": "no"
        },
        {
            "trade_id": "3d2bb372-4de6-497b-8468-618b620d4b31",
            "ticker": "KXHIGHAUS-25APR27-T87",
            "count": 1,
            "created_time": "2025-04-27T12:12:17.134632Z",
            "yes_price": 4,
            "no_price": 96,
            "taker_side": "no"
        },
        {
            "trade_id": "89250e83-d95a-474d-a609-f11427f43a5f",
            "ticker": "KXHIGHAUS-25APR27-T87",
            "count": 1,
            "created_time": "2025-04-27T12:09:22.002632Z",
            "yes_price": 4,
            "no_price": 96,
            "taker_side": "no"
        },
        {
            "trade_id": "c8585adb-3d9a-40cc-85d6-9b3d6eba921a",
            "ticker": "KXHIGHAUS-25APR27-T87",
            "count": 17,
            "created_time": "2025-04-27T12:06:19.506001Z",
            "yes_price": 5,
            "no_price": 95,
            "taker_side": "no"
        },
        {
            "trade_id": "31a2d22b-df1e-4872-9d13-9003cee925b4",
            "ticker": "KXHIGHAUS-25APR27-T87",
            "count": 6,
            "created_time": "2025-04-27T12:06:19.506001Z",
            "yes_price": 4,
            "no_price": 96,
            "taker_side": "no"
        },
        {
            "trade_id": "53dab6e2-b079-4160-ad83-1bc4cc214ed9",
            "ticker": "KXHIGHAUS-25APR27-T87",
            "count": 4,
            "created_time": "2025-04-27T12:03:19.900823Z",
            "yes_price": 4,
            "no_price": 96,
            "taker_side": "no"
        },
        {
            "trade_id": "8063f2c0-c22f-4af0-bdfb-2c8a956db19a",
            "ticker": "KXHIGHAUS-25APR27-T87",
            "count": 100,
            "created_time": "2025-04-27T12:00:58.747021Z",
            "yes_price": 4,
            "no_price": 96,
            "taker_side": "no"
        },
        {
            "trade_id": "e2e8d47e-70fe-4461-b2ef-5d725e10fa07",
            "ticker": "KXHIGHAUS-25APR27-T87",
            "count": 58,
            "created_time": "2025-04-27T12:00:48.605344Z",
            "yes_price": 4,
            "no_price": 96,
            "taker_side": "yes"
        },
        {
            "trade_id": "e1e46462-a16f-4883-8b75-7660258d9ef8",
            "ticker": "KXHIGHAUS-25APR27-T87",
            "count": 18,
            "created_time": "2025-04-27T06:57:19.682474Z",
            "yes_price": 10,
            "no_price": 90,
            "taker_side": "no"
        },
        {
            "trade_id": "799a7cc0-7e06-41f2-9e9c-50935b49fcaa",
            "ticker": "KXHIGHAUS-25APR27-T87",
            "count": 1,
            "created_time": "2025-04-27T06:57:19.15612Z",
            "yes_price": 10,
            "no_price": 90,
            "taker_side": "no"
        },
        {
            "trade_id": "b1f339c0-501b-45e5-b5b0-00c2105d6e5c",
            "ticker": "KXHIGHAUS-25APR27-T87",
            "count": 2,
            "created_time": "2025-04-27T06:54:18.785331Z",
            "yes_price": 9,
            "no_price": 91,
            "taker_side": "no"
        },
        {
            "trade_id": "e66ac9a1-aa8e-44c0-908f-29344ff4fcdd",
            "ticker": "KXHIGHAUS-25APR27-T87",
            "count": 142,
            "created_time": "2025-04-27T06:31:08.925337Z",
            "yes_price": 10,
            "no_price": 90,
            "taker_side": "yes"
        },
        {
            "trade_id": "c9a72add-e0ba-4207-95a1-555ba46d9bcf",
            "ticker": "KXHIGHAUS-25APR27-T87",
            "count": 17,
            "created_time": "2025-04-27T06:30:20.925813Z",
            "yes_price": 8,
            "no_price": 92,
            "taker_side": "no"
        },
        {
            "trade_id": "3a8e5ddd-29a3-42dc-b133-27ddc635b91f",
            "ticker": "KXHIGHAUS-25APR27-T87",
            "count": 5,
            "created_time": "2025-04-27T06:30:07.309067Z",
            "yes_price": 8,
            "no_price": 92,
            "taker_side": "yes"
        },
        {
            "trade_id": "f56027a7-3beb-41ae-89f7-fe6f5c8e3c80",
            "ticker": "KXHIGHAUS-25APR27-T87",
            "count": 49,
            "created_time": "2025-04-27T06:15:12.017709Z",
            "yes_price": 9,
            "no_price": 91,
            "taker_side": "yes"
        },
        {
            "trade_id": "1db3adc4-3fc0-4dd8-b288-da3e1f7341f3",
            "ticker": "KXHIGHAUS-25APR27-T87",
            "count": 50,
            "created_time": "2025-04-27T06:01:54.868124Z",
            "yes_price": 6,
            "no_price": 94,
            "taker_side": "no"
        },
        {
            "trade_id": "9f94099d-5fa9-40f2-8826-20e1997fca00",
            "ticker": "KXHIGHAUS-25APR27-T87",
            "count": 100,
            "created_time": "2025-04-27T03:34:41.554898Z",
            "yes_price": 8,
            "no_price": 92,
            "taker_side": "yes"
        },
        {
            "trade_id": "3443baad-e830-4cb5-8fbd-3846e079a711",
            "ticker": "KXHIGHAUS-25APR27-T87",
            "count": 240,
            "created_time": "2025-04-27T03:34:41.554898Z",
            "yes_price": 12,
            "no_price": 88,
            "taker_side": "yes"
        },
        {
            "trade_id": "17312b3b-de19-486b-90f1-919cd1a13c35",
            "ticker": "KXHIGHAUS-25APR27-T87",
            "count": 240,
            "created_time": "2025-04-27T03:34:41.554898Z",
            "yes_price": 10,
            "no_price": 90,
            "taker_side": "yes"
        },
        {
            "trade_id": "e42ab130-9757-4558-ac7e-560cd110ab85",
            "ticker": "KXHIGHAUS-25APR27-T87",
            "count": 17,
            "created_time": "2025-04-27T03:33:57.846489Z",
            "yes_price": 9,
            "no_price": 91,
            "taker_side": "yes"
        },
        {
            "trade_id": "d3c7c064-b938-41d0-950c-2ea893fddaac",
            "ticker": "KXHIGHAUS-25APR27-T87",
            "count": 60,
            "created_time": "2025-04-27T03:33:57.846489Z",
            "yes_price": 8,
            "no_price": 92,
            "taker_side": "yes"
        },
        {
            "trade_id": "69d9c412-2194-4117-adbf-b850e2fac065",
            "ticker": "KXHIGHAUS-25APR27-T87",
            "count": 5,
            "created_time": "2025-04-27T03:33:57.846489Z",
            "yes_price": 6,
            "no_price": 94,
            "taker_side": "yes"
        },
        {
            "trade_id": "5a82f2b8-a7aa-42de-878c-0a0cf5f563b0",
            "ticker": "KXHIGHAUS-25APR27-T87",
            "count": 68,
            "created_time": "2025-04-27T03:33:57.846489Z",
            "yes_price": 7,
            "no_price": 93,
            "taker_side": "yes"
        },
        {
            "trade_id": "c4f208e4-b290-4828-bd76-7dafa6347119",
            "ticker": "KXHIGHAUS-25APR27-T87",
            "count": 5,
            "created_time": "2025-04-26T15:54:57.583083Z",
            "yes_price": 29,
            "no_price": 71,
            "taker_side": "no"
        },
        {
            "trade_id": "8edd5227-fa39-4e7f-86a0-da5313204935",
            "ticker": "KXHIGHAUS-25APR27-T87",
            "count": 1,
            "created_time": "2025-04-26T15:54:57.583083Z",
            "yes_price": 29,
            "no_price": 71,
            "taker_side": "no"
        },
        {
            "trade_id": "5fa66ae8-2743-4eea-a88f-4437397b3483",
            "ticker": "KXHIGHAUS-25APR27-T87",
            "count": 240,
            "created_time": "2025-04-26T15:54:57.583083Z",
            "yes_price": 25,
            "no_price": 75,
            "taker_side": "no"
        },
        {
            "trade_id": "3f7b2b6a-7a44-4cd0-9f0e-b20063a251e9",
            "ticker": "KXHIGHAUS-25APR27-T87",
            "count": 240,
            "created_time": "2025-04-26T15:54:57.583083Z",
            "yes_price": 27,
            "no_price": 73,
            "taker_side": "no"
        },
        {
            "trade_id": "fd95fbb3-0c47-45fa-9ea6-5f493b28b4db",
            "ticker": "KXHIGHAUS-25APR27-T87",
            "count": 95,
            "created_time": "2025-04-26T15:54:12.826445Z",
            "yes_price": 25,
            "no_price": 75,
            "taker_side": "no"
        },
        {
            "trade_id": "cf69a1ee-c0af-4b94-b7b6-ebbc2910b17c",
            "ticker": "KXHIGHAUS-25APR27-T87",
            "count": 5,
            "created_time": "2025-04-26T15:54:12.826445Z",
            "yes_price": 28,
            "no_price": 72,
            "taker_side": "no"
        },
        {
            "trade_id": "a89be3ad-5fbc-4d94-b29c-fc31a034c9e5",
            "ticker": "KXHIGHAUS-25APR27-T87",
            "count": 138,
            "created_time": "2025-04-26T15:54:12.826445Z",
            "yes_price": 27,
            "no_price": 73,
            "taker_side": "no"
        },
        {
            "trade_id": "a83984fb-ce5c-4e86-8afc-ef75221d47b7",
            "ticker": "KXHIGHAUS-25APR27-T87",
            "count": 102,
            "created_time": "2025-04-26T15:54:12.826445Z",
            "yes_price": 27,
            "no_price": 73,
            "taker_side": "no"
        },
        {
            "trade_id": "4b6ce019-c5cb-4a96-a721-8c6a8f182679",
            "ticker": "KXHIGHAUS-25APR27-T87",
            "count": 12,
            "created_time": "2025-04-26T15:54:12.826445Z",
            "yes_price": 25,
            "no_price": 75,
            "taker_side": "no"
        },
        {
            "trade_id": "2ee4b3ad-458b-4194-8ae1-4dcad850c97f",
            "ticker": "KXHIGHAUS-25APR27-T87",
            "count": 1,
            "created_time": "2025-04-26T15:54:12.826445Z",
            "yes_price": 29,
            "no_price": 71,
            "taker_side": "no"
        },
        {
            "trade_id": "19846d44-a85e-48d7-b432-be25c20f9425",
            "ticker": "KXHIGHAUS-25APR27-T87",
            "count": 133,
            "created_time": "2025-04-26T15:54:12.826445Z",
            "yes_price": 25,
            "no_price": 75,
            "taker_side": "no"
        },
        {
            "trade_id": "e3f1cb03-add0-4df3-9465-9d323f9932bb",
            "ticker": "KXHIGHAUS-25APR27-T87",
            "count": 12,
            "created_time": "2025-04-26T15:45:23.345411Z",
            "yes_price": 29,
            "no_price": 71,
            "taker_side": "yes"
        },
        {
            "trade_id": "4dd5a443-7396-4a91-81e8-c9c7413623f6",
            "ticker": "KXHIGHAUS-25APR27-T87",
            "count": 30,
            "created_time": "2025-04-26T15:39:24.476569Z",
            "yes_price": 26,
            "no_price": 74,
            "taker_side": "no"
        },
        {
            "trade_id": "05a49178-191a-4287-8706-7609b221ec53",
            "ticker": "KXHIGHAUS-25APR27-T87",
            "count": 12,
            "created_time": "2025-04-26T15:39:23.484519Z",
            "yes_price": 26,
            "no_price": 74,
            "taker_side": "yes"
        },
        {
            "trade_id": "f4fd408f-3278-4237-a76d-1ed3664346e7",
            "ticker": "KXHIGHAUS-25APR27-T87",
            "count": 50,
            "created_time": "2025-04-26T15:36:21.289213Z",
            "yes_price": 24,
            "no_price": 76,
            "taker_side": "yes"
        },
        {
            "trade_id": "5b569b36-d59c-470d-a6ed-f1914c18392e",
            "ticker": "KXHIGHAUS-25APR27-T87",
            "count": 2,
            "created_time": "2025-04-26T15:36:21.289213Z",
            "yes_price": 24,
            "no_price": 76,
            "taker_side": "yes"
        },
        {
            "trade_id": "3754508f-c99d-480f-b53d-1e71cea7696c",
            "ticker": "KXHIGHAUS-25APR27-T87",
            "count": 11,
            "created_time": "2025-04-26T14:30:17.078219Z",
            "yes_price": 24,
            "no_price": 76,
            "taker_side": "no"
        },
        {
            "trade_id": "354c0eda-d6ec-45fc-8a2b-e716050b64af",
            "ticker": "KXHIGHAUS-25APR27-T87",
            "count": 12,
            "created_time": "2025-04-26T14:25:12.621712Z",
            "yes_price": 24,
            "no_price": 76,
            "taker_side": "no"
        },
        {
            "trade_id": "9a28818a-601f-49dd-9430-b315e68c701e",
            "ticker": "KXHIGHAUS-25APR27-T87",
            "count": 11,
            "created_time": "2025-04-26T14:24:26.756451Z",
            "yes_price": 22,
            "no_price": 78,
            "taker_side": "yes"
        },
        {
            "trade_id": "b7f5cc08-3658-4576-bbaf-c72b018c8814",
            "ticker": "KXHIGHAUS-25APR27-T87",
            "count": 2,
            "created_time": "2025-04-26T14:20:31.095469Z",
            "yes_price": 22,
            "no_price": 78,
            "taker_side": "no"
        },
        {
            "trade_id": "b219179e-aa20-4931-aa77-55c74d2451c3",
            "ticker": "KXHIGHAUS-25APR27-T87",
            "count": 12,
            "created_time": "2025-04-26T14:15:29.104355Z",
            "yes_price": 20,
            "no_price": 80,
            "taker_side": "yes"
        },
        {
            "trade_id": "0d48c998-74b6-432c-b981-3e8d19545df5",
            "ticker": "KXHIGHAUS-25APR27-T87",
            "count": 12,
            "created_time": "2025-04-26T14:15:24.444045Z",
            "yes_price": 20,
            "no_price": 80,
            "taker_side": "yes"
        },
        {
            "trade_id": "7faeb559-cdab-4afd-9a00-9c06574e005e",
            "ticker": "KXHIGHAUS-25APR27-T87",
            "count": 9,
            "created_time": "2025-04-26T14:15:24.354424Z",
            "yes_price": 10,
            "no_price": 90,
            "taker_side": "yes"
        }
    ],
    "KXHIGHAUS-25APR27-B87.5": [
        {
            "trade_id": "7c9a668e-5e2f-43a0-bdae-a9ba55611b6e",
            "ticker": "KXHIGHAUS-25APR27-B87.5",
            "count": 13,
            "created_time": "2025-04-27T23:38:42.37196Z",
            "yes_price": 1,
            "no_price": 99,
            "taker_side": "yes"
        },
        {
            "trade_id": "e9a38b9d-439f-4d1a-a3ff-74d188e4aacd",
            "ticker": "KXHIGHAUS-25APR27-B87.5",
            "count": 3,
            "created_time": "2025-04-27T23:00:23.42028Z",
            "yes_price": 1,
            "no_price": 99,
            "taker_side": "yes"
        },
        {
            "trade_id": "e2c1c3f9-5e27-4df8-9258-1f91c6c07766",
            "ticker": "KXHIGHAUS-25APR27-B87.5",
            "count": 49,
            "created_time": "2025-04-27T22:56:09.63955Z",
            "yes_price": 1,
            "no_price": 99,
            "taker_side": "no"
        },
        {
            "trade_id": "c7e2987b-3a5a-4614-a6ec-5730915c198e",
            "ticker": "KXHIGHAUS-25APR27-B87.5",
            "count": 50,
            "created_time": "2025-04-27T22:48:28.543794Z",
            "yes_price": 2,
            "no_price": 98,
            "taker_side": "no"
        },
        {
            "trade_id": "9d6bd622-a756-41e6-864e-9223616e34bd",
            "ticker": "KXHIGHAUS-25APR27-B87.5",
            "count": 99,
            "created_time": "2025-04-27T22:48:28.543794Z",
            "yes_price": 3,
            "no_price": 97,
            "taker_side": "no"
        },
        {
            "trade_id": "0c1e063f-96c3-4624-9cb0-7c2923f6cb5f",
            "ticker": "KXHIGHAUS-25APR27-B87.5",
            "count": 151,
            "created_time": "2025-04-27T22:48:28.543794Z",
            "yes_price": 1,
            "no_price": 99,
            "taker_side": "no"
        },
        {
            "trade_id": "5558af88-f266-465a-b72b-b96af2fb1ca5",
            "ticker": "KXHIGHAUS-25APR27-B87.5",
            "count": 6,
            "created_time": "2025-04-27T22:33:46.397144Z",
            "yes_price": 3,
            "no_price": 97,
            "taker_side": "no"
        },
        {
            "trade_id": "bc7764d5-f544-4cb8-be14-ea28bb8f97b6",
            "ticker": "KXHIGHAUS-25APR27-B87.5",
            "count": 5,
            "created_time": "2025-04-27T22:23:01.425692Z",
            "yes_price": 3,
            "no_price": 97,
            "taker_side": "no"
        },
        {
            "trade_id": "8271af60-6b02-4c7b-aeaf-08aff0056f41",
            "ticker": "KXHIGHAUS-25APR27-B87.5",
            "count": 5,
            "created_time": "2025-04-27T22:21:54.569741Z",
            "yes_price": 3,
            "no_price": 97,
            "taker_side": "no"
        },
        {
            "trade_id": "e618f7e6-da5f-4d9f-8761-4b104beb93e1",
            "ticker": "KXHIGHAUS-25APR27-B87.5",
            "count": 96,
            "created_time": "2025-04-27T22:17:02.250255Z",
            "yes_price": 3,
            "no_price": 97,
            "taker_side": "no"
        },
        {
            "trade_id": "6d4f5904-6648-4ac2-93c4-b9911c6b71f7",
            "ticker": "KXHIGHAUS-25APR27-B87.5",
            "count": 271,
            "created_time": "2025-04-27T22:16:53.880214Z",
            "yes_price": 5,
            "no_price": 95,
            "taker_side": "no"
        },
        {
            "trade_id": "37def1d2-0199-46c1-ae38-4f6a62b2b79a",
            "ticker": "KXHIGHAUS-25APR27-B87.5",
            "count": 50,
            "created_time": "2025-04-27T22:16:53.880214Z",
            "yes_price": 6,
            "no_price": 94,
            "taker_side": "no"
        },
        {
            "trade_id": "9ee8106e-f804-4366-8327-ddc42e0cad13",
            "ticker": "KXHIGHAUS-25APR27-B87.5",
            "count": 145,
            "created_time": "2025-04-27T22:15:06.196561Z",
            "yes_price": 9,
            "no_price": 91,
            "taker_side": "no"
        },
        {
            "trade_id": "57a07afb-a531-441d-9961-855f05e313e1",
            "ticker": "KXHIGHAUS-25APR27-B87.5",
            "count": 5,
            "created_time": "2025-04-27T22:14:44.45215Z",
            "yes_price": 9,
            "no_price": 91,
            "taker_side": "no"
        },
        {
            "trade_id": "5cf10b37-ca43-4de5-b144-b1ef8652f50c",
            "ticker": "KXHIGHAUS-25APR27-B87.5",
            "count": 2,
            "created_time": "2025-04-27T22:07:16.292796Z",
            "yes_price": 9,
            "no_price": 91,
            "taker_side": "no"
        },
        {
            "trade_id": "e88a3a9a-ab00-4447-aa38-62bd618d2fd9",
            "ticker": "KXHIGHAUS-25APR27-B87.5",
            "count": 40,
            "created_time": "2025-04-27T22:06:53.557405Z",
            "yes_price": 9,
            "no_price": 91,
            "taker_side": "no"
        },
        {
            "trade_id": "4ca711b8-cccd-42d3-86f6-24c502c021e5",
            "ticker": "KXHIGHAUS-25APR27-B87.5",
            "count": 8,
            "created_time": "2025-04-27T22:01:40.022817Z",
            "yes_price": 9,
            "no_price": 91,
            "taker_side": "no"
        },
        {
            "trade_id": "c0e645d6-4fb9-4115-8251-38675e092e19",
            "ticker": "KXHIGHAUS-25APR27-B87.5",
            "count": 50,
            "created_time": "2025-04-27T21:54:28.769635Z",
            "yes_price": 11,
            "no_price": 89,
            "taker_side": "yes"
        },
        {
            "trade_id": "4650cc7d-cca9-46ff-91a3-58fa846b1bac",
            "ticker": "KXHIGHAUS-25APR27-B87.5",
            "count": 25,
            "created_time": "2025-04-27T21:54:28.769635Z",
            "yes_price": 11,
            "no_price": 89,
            "taker_side": "yes"
        },
        {
            "trade_id": "742673dc-d240-45c2-b957-65a4e53802b2",
            "ticker": "KXHIGHAUS-25APR27-B87.5",
            "count": 30,
            "created_time": "2025-04-27T21:53:38.402067Z",
            "yes_price": 9,
            "no_price": 91,
            "taker_side": "yes"
        },
        {
            "trade_id": "d1ce3b9f-b509-4162-b057-b081dce03d93",
            "ticker": "KXHIGHAUS-25APR27-B87.5",
            "count": 10,
            "created_time": "2025-04-27T21:51:06.926614Z",
            "yes_price": 8,
            "no_price": 92,
            "taker_side": "no"
        },
        {
            "trade_id": "ee9e26dd-c6e1-454b-9279-c19696f8d00c",
            "ticker": "KXHIGHAUS-25APR27-B87.5",
            "count": 4,
            "created_time": "2025-04-27T21:50:07.371342Z",
            "yes_price": 8,
            "no_price": 92,
            "taker_side": "no"
        },
        {
            "trade_id": "bcd70a5c-9333-4921-bf66-994c129785b2",
            "ticker": "KXHIGHAUS-25APR27-B87.5",
            "count": 5,
            "created_time": "2025-04-27T21:49:21.518246Z",
            "yes_price": 8,
            "no_price": 92,
            "taker_side": "no"
        },
        {
            "trade_id": "3fd4e5b6-b2b0-46f7-a0a8-29c88d589cd2",
            "ticker": "KXHIGHAUS-25APR27-B87.5",
            "count": 10,
            "created_time": "2025-04-27T21:49:20.838026Z",
            "yes_price": 8,
            "no_price": 92,
            "taker_side": "no"
        },
        {
            "trade_id": "d74ae914-88b2-404f-8527-cec696f2367f",
            "ticker": "KXHIGHAUS-25APR27-B87.5",
            "count": 58,
            "created_time": "2025-04-27T21:47:20.27271Z",
            "yes_price": 8,
            "no_price": 92,
            "taker_side": "no"
        },
        {
            "trade_id": "3c46e11a-9909-410e-98a6-0ebd63616e67",
            "ticker": "KXHIGHAUS-25APR27-B87.5",
            "count": 50,
            "created_time": "2025-04-27T21:47:20.27271Z",
            "yes_price": 9,
            "no_price": 91,
            "taker_side": "no"
        },
        {
            "trade_id": "b06705ed-cb92-4d7a-bcd8-be9aa8a7c55a",
            "ticker": "KXHIGHAUS-25APR27-B87.5",
            "count": 200,
            "created_time": "2025-04-27T21:42:33.655539Z",
            "yes_price": 9,
            "no_price": 91,
            "taker_side": "no"
        },
        {
            "trade_id": "5c04685f-7e58-44b3-b398-17daf45ebe8d",
            "ticker": "KXHIGHAUS-25APR27-B87.5",
            "count": 50,
            "created_time": "2025-04-27T21:42:33.655539Z",
            "yes_price": 9,
            "no_price": 91,
            "taker_side": "no"
        },
        {
            "trade_id": "5938ab40-328b-45d4-9a6d-50cd2249a27b",
            "ticker": "KXHIGHAUS-25APR27-B87.5",
            "count": 162,
            "created_time": "2025-04-27T21:34:38.072795Z",
            "yes_price": 15,
            "no_price": 85,
            "taker_side": "yes"
        },
        {
            "trade_id": "47a047d0-9839-43ed-9563-464de97ec8ff",
            "ticker": "KXHIGHAUS-25APR27-B87.5",
            "count": 58,
            "created_time": "2025-04-27T21:20:20.739022Z",
            "yes_price": 18,
            "no_price": 82,
            "taker_side": "yes"
        },
        {
            "trade_id": "a244f1d6-542c-46bb-9c0c-448e9010c524",
            "ticker": "KXHIGHAUS-25APR27-B87.5",
            "count": 61,
            "created_time": "2025-04-27T21:20:12.63961Z",
            "yes_price": 17,
            "no_price": 83,
            "taker_side": "yes"
        },
        {
            "trade_id": "03ef68a7-0e92-4561-af32-89e77cda7171",
            "ticker": "KXHIGHAUS-25APR27-B87.5",
            "count": 92,
            "created_time": "2025-04-27T21:20:12.63961Z",
            "yes_price": 17,
            "no_price": 83,
            "taker_side": "yes"
        },
        {
            "trade_id": "acf52637-2b84-4836-a8de-2e662040e8bc",
            "ticker": "KXHIGHAUS-25APR27-B87.5",
            "count": 50,
            "created_time": "2025-04-27T21:02:25.177032Z",
            "yes_price": 10,
            "no_price": 90,
            "taker_side": "no"
        },
        {
            "trade_id": "7dfadc1e-d12e-41b2-99b4-428f35d92354",
            "ticker": "KXHIGHAUS-25APR27-B87.5",
            "count": 5,
            "created_time": "2025-04-27T20:57:47.337839Z",
            "yes_price": 18,
            "no_price": 82,
            "taker_side": "yes"
        },
        {
            "trade_id": "9a1246cc-1793-4f7a-a5b4-5216778bb601",
            "ticker": "KXHIGHAUS-25APR27-B87.5",
            "count": 12,
            "created_time": "2025-04-27T20:56:56.54213Z",
            "yes_price": 17,
            "no_price": 83,
            "taker_side": "yes"
        },
        {
            "trade_id": "5f93024a-8dfd-4cc6-886a-37c317193335",
            "ticker": "KXHIGHAUS-25APR27-B87.5",
            "count": 12,
            "created_time": "2025-04-27T20:56:56.54213Z",
            "yes_price": 18,
            "no_price": 82,
            "taker_side": "yes"
        },
        {
            "trade_id": "2e0eb51b-22a8-4296-9a94-1b7ca7c4d6c9",
            "ticker": "KXHIGHAUS-25APR27-B87.5",
            "count": 3,
            "created_time": "2025-04-27T20:56:56.54213Z",
            "yes_price": 17,
            "no_price": 83,
            "taker_side": "yes"
        },
        {
            "trade_id": "c7c868b3-852c-44a1-a066-5f013d5df971",
            "ticker": "KXHIGHAUS-25APR27-B87.5",
            "count": 15,
            "created_time": "2025-04-27T20:49:33.614462Z",
            "yes_price": 20,
            "no_price": 80,
            "taker_side": "no"
        },
        {
            "trade_id": "efba36d3-329e-4479-a9e8-23fc710af930",
            "ticker": "KXHIGHAUS-25APR27-B87.5",
            "count": 3,
            "created_time": "2025-04-27T20:48:38.273754Z",
            "yes_price": 20,
            "no_price": 80,
            "taker_side": "no"
        },
        {
            "trade_id": "d367336e-d2a6-4c72-9d2f-2ad8b16af02f",
            "ticker": "KXHIGHAUS-25APR27-B87.5",
            "count": 3,
            "created_time": "2025-04-27T20:48:03.935306Z",
            "yes_price": 21,
            "no_price": 79,
            "taker_side": "no"
        },
        {
            "trade_id": "cb89117c-7ed3-415b-9956-b1210ed44ce9",
            "ticker": "KXHIGHAUS-25APR27-B87.5",
            "count": 37,
            "created_time": "2025-04-27T20:48:03.935306Z",
            "yes_price": 20,
            "no_price": 80,
            "taker_side": "no"
        },
        {
            "trade_id": "c3122b2d-48f7-4dd7-96b2-f73889d39e09",
            "ticker": "KXHIGHAUS-25APR27-B87.5",
            "count": 50,
            "created_time": "2025-04-27T20:47:26.209492Z",
            "yes_price": 24,
            "no_price": 76,
            "taker_side": "no"
        },
        {
            "trade_id": "32b63fd5-2f98-4481-a2f7-00699fca6cfc",
            "ticker": "KXHIGHAUS-25APR27-B87.5",
            "count": 6,
            "created_time": "2025-04-27T20:47:00.036175Z",
            "yes_price": 22,
            "no_price": 78,
            "taker_side": "no"
        },
        {
            "trade_id": "607740a0-fb15-48c4-9105-7939af0d8d66",
            "ticker": "KXHIGHAUS-25APR27-B87.5",
            "count": 50,
            "created_time": "2025-04-27T20:46:34.128831Z",
            "yes_price": 25,
            "no_price": 75,
            "taker_side": "no"
        },
        {
            "trade_id": "28059308-78c8-4c66-8f8a-589eba15e2d4",
            "ticker": "KXHIGHAUS-25APR27-B87.5",
            "count": 6,
            "created_time": "2025-04-27T20:46:32.931987Z",
            "yes_price": 24,
            "no_price": 76,
            "taker_side": "no"
        },
        {
            "trade_id": "e9fd29c5-c93f-4a15-8069-fd25c6b9a92a",
            "ticker": "KXHIGHAUS-25APR27-B87.5",
            "count": 34,
            "created_time": "2025-04-27T20:45:29.654962Z",
            "yes_price": 22,
            "no_price": 78,
            "taker_side": "no"
        },
        {
            "trade_id": "e5f6ecdd-0e6e-40ce-ba26-c1c05f4b101e",
            "ticker": "KXHIGHAUS-25APR27-B87.5",
            "count": 80,
            "created_time": "2025-04-27T20:43:03.466081Z",
            "yes_price": 19,
            "no_price": 81,
            "taker_side": "no"
        },
        {
            "trade_id": "bd84fe1f-6aa4-4ed6-90f6-d66f3d0413aa",
            "ticker": "KXHIGHAUS-25APR27-B87.5",
            "count": 142,
            "created_time": "2025-04-27T20:42:22.224538Z",
            "yes_price": 16,
            "no_price": 84,
            "taker_side": "no"
        },
        {
            "trade_id": "e14d15a5-f0cb-4606-80bb-e615066508b0",
            "ticker": "KXHIGHAUS-25APR27-B87.5",
            "count": 23,
            "created_time": "2025-04-27T20:41:19.893325Z",
            "yes_price": 18,
            "no_price": 82,
            "taker_side": "no"
        },
        {
            "trade_id": "64d43539-7905-4c10-82a7-3543d5a59e95",
            "ticker": "KXHIGHAUS-25APR27-B87.5",
            "count": 7,
            "created_time": "2025-04-27T20:38:17.725891Z",
            "yes_price": 18,
            "no_price": 82,
            "taker_side": "no"
        },
        {
            "trade_id": "4b698c2e-10c2-48b3-a9cd-9b63253d5ce9",
            "ticker": "KXHIGHAUS-25APR27-B87.5",
            "count": 8,
            "created_time": "2025-04-27T20:37:28.821671Z",
            "yes_price": 20,
            "no_price": 80,
            "taker_side": "no"
        },
        {
            "trade_id": "0ad80d5c-159f-4aea-99a7-d0b424058efa",
            "ticker": "KXHIGHAUS-25APR27-B87.5",
            "count": 50,
            "created_time": "2025-04-27T20:37:28.821671Z",
            "yes_price": 22,
            "no_price": 78,
            "taker_side": "no"
        },
        {
            "trade_id": "ec3601c3-9dbb-44db-9296-fcfb33f8f6de",
            "ticker": "KXHIGHAUS-25APR27-B87.5",
            "count": 25,
            "created_time": "2025-04-27T20:35:21.609416Z",
            "yes_price": 34,
            "no_price": 66,
            "taker_side": "yes"
        },
        {
            "trade_id": "ead3d269-de6b-482d-9092-bed615f92909",
            "ticker": "KXHIGHAUS-25APR27-B87.5",
            "count": 23,
            "created_time": "2025-04-27T20:35:21.609416Z",
            "yes_price": 34,
            "no_price": 66,
            "taker_side": "yes"
        },
        {
            "trade_id": "7def3910-d008-448f-938d-142769308ab9",
            "ticker": "KXHIGHAUS-25APR27-B87.5",
            "count": 66,
            "created_time": "2025-04-27T20:35:21.609416Z",
            "yes_price": 35,
            "no_price": 65,
            "taker_side": "yes"
        },
        {
            "trade_id": "e02942d7-8aa7-4d80-a357-cf60eacf41dd",
            "ticker": "KXHIGHAUS-25APR27-B87.5",
            "count": 1,
            "created_time": "2025-04-27T20:24:42.830547Z",
            "yes_price": 65,
            "no_price": 35,
            "taker_side": "yes"
        },
        {
            "trade_id": "b031eba4-bf68-41ab-acc1-41af666c58f8",
            "ticker": "KXHIGHAUS-25APR27-B87.5",
            "count": 6,
            "created_time": "2025-04-27T20:24:42.830547Z",
            "yes_price": 65,
            "no_price": 35,
            "taker_side": "yes"
        },
        {
            "trade_id": "9749eebb-52af-4beb-b359-1cda79684cc2",
            "ticker": "KXHIGHAUS-25APR27-B87.5",
            "count": 1,
            "created_time": "2025-04-27T20:24:42.830547Z",
            "yes_price": 66,
            "no_price": 34,
            "taker_side": "yes"
        },
        {
            "trade_id": "264c8dfa-7f84-4b11-9490-70c424f619a6",
            "ticker": "KXHIGHAUS-25APR27-B87.5",
            "count": 14,
            "created_time": "2025-04-27T20:24:42.830547Z",
            "yes_price": 65,
            "no_price": 35,
            "taker_side": "yes"
        },
        {
            "trade_id": "c217c0c2-c4bf-4bf0-a12a-ffaa5fbe10ab",
            "ticker": "KXHIGHAUS-25APR27-B87.5",
            "count": 25,
            "created_time": "2025-04-27T20:21:55.60069Z",
            "yes_price": 41,
            "no_price": 59,
            "taker_side": "no"
        },
        {
            "trade_id": "75aee7a8-ab37-48f1-8a99-a531c22fd561",
            "ticker": "KXHIGHAUS-25APR27-B87.5",
            "count": 1,
            "created_time": "2025-04-27T20:21:55.60069Z",
            "yes_price": 41,
            "no_price": 59,
            "taker_side": "no"
        },
        {
            "trade_id": "1873eb17-bf20-445f-b23a-aa8ec9020513",
            "ticker": "KXHIGHAUS-25APR27-B87.5",
            "count": 7,
            "created_time": "2025-04-27T20:21:55.60069Z",
            "yes_price": 40,
            "no_price": 60,
            "taker_side": "no"
        },
        {
            "trade_id": "ba8bc722-74e1-4a6a-9b0b-4c5ee9458f34",
            "ticker": "KXHIGHAUS-25APR27-B87.5",
            "count": 14,
            "created_time": "2025-04-27T20:15:22.483848Z",
            "yes_price": 64,
            "no_price": 36,
            "taker_side": "yes"
        },
        {
            "trade_id": "5027d448-9bb5-4b7e-b318-3f3de50a414a",
            "ticker": "KXHIGHAUS-25APR27-B87.5",
            "count": 1,
            "created_time": "2025-04-27T20:15:22.483848Z",
            "yes_price": 65,
            "no_price": 35,
            "taker_side": "yes"
        },
        {
            "trade_id": "b7733dab-5e2c-4054-8b81-fde91e791b5a",
            "ticker": "KXHIGHAUS-25APR27-B87.5",
            "count": 2,
            "created_time": "2025-04-27T20:14:14.737694Z",
            "yes_price": 52,
            "no_price": 48,
            "taker_side": "no"
        },
        {
            "trade_id": "8d851e72-8311-47a4-96ae-d94f3f8e15f9",
            "ticker": "KXHIGHAUS-25APR27-B87.5",
            "count": 500,
            "created_time": "2025-04-27T20:14:14.737694Z",
            "yes_price": 51,
            "no_price": 49,
            "taker_side": "no"
        },
        {
            "trade_id": "db84c202-b214-4954-9836-8b11711a91da",
            "ticker": "KXHIGHAUS-25APR27-B87.5",
            "count": 21,
            "created_time": "2025-04-27T20:13:52.529311Z",
            "yes_price": 52,
            "no_price": 48,
            "taker_side": "no"
        },
        {
            "trade_id": "6eb4e41b-9eb8-4622-af96-27cf37cbfe4a",
            "ticker": "KXHIGHAUS-25APR27-B87.5",
            "count": 6,
            "created_time": "2025-04-27T20:04:32.317919Z",
            "yes_price": 64,
            "no_price": 36,
            "taker_side": "yes"
        },
        {
            "trade_id": "9643ba1c-8dbe-49a6-bafd-1cd0d86fbd8a",
            "ticker": "KXHIGHAUS-25APR27-B87.5",
            "count": 15,
            "created_time": "2025-04-27T19:52:54.536382Z",
            "yes_price": 38,
            "no_price": 62,
            "taker_side": "no"
        },
        {
            "trade_id": "7f4b29f1-2e40-4d21-8d00-43ae86c7fd41",
            "ticker": "KXHIGHAUS-25APR27-B87.5",
            "count": 20,
            "created_time": "2025-04-27T19:37:42.245852Z",
            "yes_price": 57,
            "no_price": 43,
            "taker_side": "yes"
        },
        {
            "trade_id": "994e7bf3-3737-4bde-a6da-cec3de1b71de",
            "ticker": "KXHIGHAUS-25APR27-B87.5",
            "count": 7,
            "created_time": "2025-04-27T19:33:09.277868Z",
            "yes_price": 60,
            "no_price": 40,
            "taker_side": "no"
        },
        {
            "trade_id": "d67e64e4-e8b6-4464-981a-f54b52c39bbd",
            "ticker": "KXHIGHAUS-25APR27-B87.5",
            "count": 15,
            "created_time": "2025-04-27T19:32:58.93339Z",
            "yes_price": 60,
            "no_price": 40,
            "taker_side": "no"
        },
        {
            "trade_id": "d17c870f-93bc-4e63-8dd6-ede7a7e81f11",
            "ticker": "KXHIGHAUS-25APR27-B87.5",
            "count": 20,
            "created_time": "2025-04-27T19:31:20.951493Z",
            "yes_price": 65,
            "no_price": 35,
            "taker_side": "yes"
        },
        {
            "trade_id": "cc0c6439-46b0-4c3e-b3b9-f657d50d387c",
            "ticker": "KXHIGHAUS-25APR27-B87.5",
            "count": 28,
            "created_time": "2025-04-27T19:30:01.628868Z",
            "yes_price": 73,
            "no_price": 27,
            "taker_side": "yes"
        },
        {
            "trade_id": "c248cadb-a046-4c26-8cb2-c5aee127ec64",
            "ticker": "KXHIGHAUS-25APR27-B87.5",
            "count": 12,
            "created_time": "2025-04-27T19:30:01.628868Z",
            "yes_price": 72,
            "no_price": 28,
            "taker_side": "yes"
        },
        {
            "trade_id": "96dce748-6144-47ed-a575-897d07cd71bf",
            "ticker": "KXHIGHAUS-25APR27-B87.5",
            "count": 19,
            "created_time": "2025-04-27T19:30:01.628868Z",
            "yes_price": 61,
            "no_price": 39,
            "taker_side": "yes"
        },
        {
            "trade_id": "92e2a001-4e59-4efa-82ee-72cdfbccae60",
            "ticker": "KXHIGHAUS-25APR27-B87.5",
            "count": 6,
            "created_time": "2025-04-27T19:30:01.628868Z",
            "yes_price": 73,
            "no_price": 27,
            "taker_side": "yes"
        },
        {
            "trade_id": "907d33fe-ef56-45a6-814d-ea12a6f9fea8",
            "ticker": "KXHIGHAUS-25APR27-B87.5",
            "count": 50,
            "created_time": "2025-04-27T19:30:01.628868Z",
            "yes_price": 69,
            "no_price": 31,
            "taker_side": "yes"
        },
        {
            "trade_id": "0b981efc-c1d3-4930-8e4d-994b6b84ef61",
            "ticker": "KXHIGHAUS-25APR27-B87.5",
            "count": 5,
            "created_time": "2025-04-27T19:30:01.628868Z",
            "yes_price": 70,
            "no_price": 30,
            "taker_side": "yes"
        },
        {
            "trade_id": "15641b8f-2db3-45e2-8cc8-947554d8f510",
            "ticker": "KXHIGHAUS-25APR27-B87.5",
            "count": 3,
            "created_time": "2025-04-27T19:29:09.086107Z",
            "yes_price": 60,
            "no_price": 40,
            "taker_side": "yes"
        },
        {
            "trade_id": "4de166b3-1dc5-4420-93dd-3c4c8edeb61e",
            "ticker": "KXHIGHAUS-25APR27-B87.5",
            "count": 15,
            "created_time": "2025-04-27T19:27:45.496453Z",
            "yes_price": 52,
            "no_price": 48,
            "taker_side": "no"
        },
        {
            "trade_id": "6fa4b148-8e95-4acd-8e67-80b85ab79b70",
            "ticker": "KXHIGHAUS-25APR27-B87.5",
            "count": 1,
            "created_time": "2025-04-27T19:26:47.65033Z",
            "yes_price": 52,
            "no_price": 48,
            "taker_side": "no"
        },
        {
            "trade_id": "f092d644-eee6-4895-840a-b36fa9953ccc",
            "ticker": "KXHIGHAUS-25APR27-B87.5",
            "count": 36,
            "created_time": "2025-04-27T19:26:01.314535Z",
            "yes_price": 52,
            "no_price": 48,
            "taker_side": "no"
        },
        {
            "trade_id": "c6402a92-be68-4122-afc7-34c471e244a7",
            "ticker": "KXHIGHAUS-25APR27-B87.5",
            "count": 1,
            "created_time": "2025-04-27T19:26:01.314535Z",
            "yes_price": 53,
            "no_price": 47,
            "taker_side": "no"
        },
        {
            "trade_id": "6b480601-3f03-43a1-9676-301632d020b0",
            "ticker": "KXHIGHAUS-25APR27-B87.5",
            "count": 1,
            "created_time": "2025-04-27T19:24:47.845931Z",
            "yes_price": 53,
            "no_price": 47,
            "taker_side": "no"
        },
        {
            "trade_id": "5e40297e-cfa0-49e0-91c8-3f874f1d0dcd",
            "ticker": "KXHIGHAUS-25APR27-B87.5",
            "count": 3,
            "created_time": "2025-04-27T19:24:22.314729Z",
            "yes_price": 53,
            "no_price": 47,
            "taker_side": "no"
        },
        {
            "trade_id": "dd8ccd3a-3231-49cb-9a9a-fcbd6881193f",
            "ticker": "KXHIGHAUS-25APR27-B87.5",
            "count": 1,
            "created_time": "2025-04-27T19:23:55.167155Z",
            "yes_price": 54,
            "no_price": 46,
            "taker_side": "no"
        },
        {
            "trade_id": "794f8945-d9ea-4ee8-aefa-98e95d0c5870",
            "ticker": "KXHIGHAUS-25APR27-B87.5",
            "count": 15,
            "created_time": "2025-04-27T19:23:16.330942Z",
            "yes_price": 63,
            "no_price": 37,
            "taker_side": "yes"
        },
        {
            "trade_id": "05789794-73ce-45d6-83bf-bd7aeb8093a7",
            "ticker": "KXHIGHAUS-25APR27-B87.5",
            "count": 2,
            "created_time": "2025-04-27T19:22:36.003626Z",
            "yes_price": 53,
            "no_price": 47,
            "taker_side": "no"
        },
        {
            "trade_id": "8108cfd3-9752-4133-97b3-bbdfbb6ba0cc",
            "ticker": "KXHIGHAUS-25APR27-B87.5",
            "count": 3,
            "created_time": "2025-04-27T19:19:10.556232Z",
            "yes_price": 57,
            "no_price": 43,
            "taker_side": "no"
        },
        {
            "trade_id": "6916db41-2f4a-49b1-ae85-8f98dce5d379",
            "ticker": "KXHIGHAUS-25APR27-B87.5",
            "count": 15,
            "created_time": "2025-04-27T19:16:59.780985Z",
            "yes_price": 58,
            "no_price": 42,
            "taker_side": "yes"
        },
        {
            "trade_id": "9a9ba025-d616-4428-b67b-bf8e4cfeef10",
            "ticker": "KXHIGHAUS-25APR27-B87.5",
            "count": 3,
            "created_time": "2025-04-27T19:15:50.607466Z",
            "yes_price": 58,
            "no_price": 42,
            "taker_side": "yes"
        },
        {
            "trade_id": "be61bb04-a302-4e4e-93bc-1ddea95d1a22",
            "ticker": "KXHIGHAUS-25APR27-B87.5",
            "count": 18,
            "created_time": "2025-04-27T19:15:12.935302Z",
            "yes_price": 57,
            "no_price": 43,
            "taker_side": "yes"
        },
        {
            "trade_id": "631049d2-a4db-4f18-88d1-548dfcb70126",
            "ticker": "KXHIGHAUS-25APR27-B87.5",
            "count": 2,
            "created_time": "2025-04-27T19:09:27.952546Z",
            "yes_price": 51,
            "no_price": 49,
            "taker_side": "no"
        },
        {
            "trade_id": "1d52f852-090f-471c-b3d8-265b4d6fa57a",
            "ticker": "KXHIGHAUS-25APR27-B87.5",
            "count": 7,
            "created_time": "2025-04-27T19:08:04.273616Z",
            "yes_price": 64,
            "no_price": 36,
            "taker_side": "yes"
        },
        {
            "trade_id": "851e6974-cab6-4548-9944-094dd4f79fc6",
            "ticker": "KXHIGHAUS-25APR27-B87.5",
            "count": 19,
            "created_time": "2025-04-27T19:07:54.335349Z",
            "yes_price": 64,
            "no_price": 36,
            "taker_side": "yes"
        },
        {
            "trade_id": "e249ce67-331c-420b-9c62-0906f7d5d086",
            "ticker": "KXHIGHAUS-25APR27-B87.5",
            "count": 50,
            "created_time": "2025-04-27T19:07:42.362815Z",
            "yes_price": 63,
            "no_price": 37,
            "taker_side": "yes"
        },
        {
            "trade_id": "afe861b5-a87f-4c89-b7f5-f21ba2d6b59a",
            "ticker": "KXHIGHAUS-25APR27-B87.5",
            "count": 17,
            "created_time": "2025-04-27T19:06:49.83005Z",
            "yes_price": 52,
            "no_price": 48,
            "taker_side": "yes"
        },
        {
            "trade_id": "c3b2173a-0b64-4805-a6a3-e12d8103eb0c",
            "ticker": "KXHIGHAUS-25APR27-B87.5",
            "count": 2,
            "created_time": "2025-04-27T19:06:47.413437Z",
            "yes_price": 46,
            "no_price": 54,
            "taker_side": "no"
        },
        {
            "trade_id": "c040ac85-9a8e-4d51-871f-b4b928a7eab8",
            "ticker": "KXHIGHAUS-25APR27-B87.5",
            "count": 50,
            "created_time": "2025-04-27T19:05:10.046023Z",
            "yes_price": 57,
            "no_price": 43,
            "taker_side": "yes"
        },
        {
            "trade_id": "f302777f-a60b-4ca9-8a78-bc865606f9b7",
            "ticker": "KXHIGHAUS-25APR27-B87.5",
            "count": 15,
            "created_time": "2025-04-27T19:03:29.586898Z",
            "yes_price": 55,
            "no_price": 45,
            "taker_side": "yes"
        },
        {
            "trade_id": "defdfdda-5cd7-4dd5-b8da-e237ef639fb6",
            "ticker": "KXHIGHAUS-25APR27-B87.5",
            "count": 30,
            "created_time": "2025-04-27T19:03:29.586898Z",
            "yes_price": 56,
            "no_price": 44,
            "taker_side": "yes"
        },
        {
            "trade_id": "9a21348f-98c4-4ab7-9a61-003b4b91ae53",
            "ticker": "KXHIGHAUS-25APR27-B87.5",
            "count": 35,
            "created_time": "2025-04-27T19:03:29.586898Z",
            "yes_price": 56,
            "no_price": 44,
            "taker_side": "yes"
        },
        {
            "trade_id": "fbecbf37-b091-444b-afa3-04d90853661c",
            "ticker": "KXHIGHAUS-25APR27-B87.5",
            "count": 1,
            "created_time": "2025-04-27T19:02:38.117123Z",
            "yes_price": 53,
            "no_price": 47,
            "taker_side": "no"
        },
        {
            "trade_id": "c60b2853-a0e3-441c-9ea3-b7f6647569d8",
            "ticker": "KXHIGHAUS-25APR27-B87.5",
            "count": 1,
            "created_time": "2025-04-27T19:01:47.062763Z",
            "yes_price": 30,
            "no_price": 70,
            "taker_side": "no"
        },
        {
            "trade_id": "9ea9735a-61fe-409b-a25e-b6019596f2a2",
            "ticker": "KXHIGHAUS-25APR27-B87.5",
            "count": 50,
            "created_time": "2025-04-27T19:01:19.492166Z",
            "yes_price": 54,
            "no_price": 46,
            "taker_side": "yes"
        },
        {
            "trade_id": "e42b57cc-2808-4105-afb8-65b8ba78cdb7",
            "ticker": "KXHIGHAUS-25APR27-B87.5",
            "count": 49,
            "created_time": "2025-04-27T19:00:37.399474Z",
            "yes_price": 50,
            "no_price": 50,
            "taker_side": "yes"
        },
        {
            "trade_id": "33e39616-ad3d-4e32-a0a1-094993a740c9",
            "ticker": "KXHIGHAUS-25APR27-B87.5",
            "count": 1,
            "created_time": "2025-04-27T19:00:37.399474Z",
            "yes_price": 46,
            "no_price": 54,
            "taker_side": "yes"
        },
        {
            "trade_id": "917ed85c-8ddb-425e-a492-c2a0140953fa",
            "ticker": "KXHIGHAUS-25APR27-B87.5",
            "count": 15,
            "created_time": "2025-04-27T19:00:17.09243Z",
            "yes_price": 46,
            "no_price": 54,
            "taker_side": "no"
        },
        {
            "trade_id": "5ac90d68-deec-4d16-9ff5-c3681b90af8f",
            "ticker": "KXHIGHAUS-25APR27-B87.5",
            "count": 1,
            "created_time": "2025-04-27T18:59:48.670587Z",
            "yes_price": 24,
            "no_price": 76,
            "taker_side": "no"
        },
        {
            "trade_id": "dde29261-ab47-4d18-9321-95c90d9aa2ea",
            "ticker": "KXHIGHAUS-25APR27-B87.5",
            "count": 9,
            "created_time": "2025-04-27T18:59:03.436441Z",
            "yes_price": 51,
            "no_price": 49,
            "taker_side": "yes"
        },
        {
