{
    "KXHIGHAUS-25MAR15-T77": [
        {
            "trade_id": "255f2062-29d0-45b5-b278-71f0aca19e78",
            "ticker": "KXHIGHAUS-25MAR15-T77",
            "count": 56,
            "created_time": "2025-03-15T21:26:50.182649Z",
            "yes_price": 1,
            "no_price": 99,
            "taker_side": "yes"
        },
        {
            "trade_id": "f4fda3b2-bffd-4808-a663-f037fe1b55ad",
            "ticker": "KXHIGHAUS-25MAR15-T77",
            "count": 427,
            "created_time": "2025-03-15T20:25:47.06587Z",
            "yes_price": 1,
            "no_price": 99,
            "taker_side": "no"
        },
        {
            "trade_id": "daf176b8-86b3-4b77-9e5f-a487764b7a61",
            "ticker": "KXHIGHAUS-25MAR15-T77",
            "count": 1,
            "created_time": "2025-03-15T20:25:47.06587Z",
            "yes_price": 1,
            "no_price": 99,
            "taker_side": "no"
        },
        {
            "trade_id": "5223050e-9342-4bac-9d6c-ececd186a6da",
            "ticker": "KXHIGHAUS-25MAR15-T77",
            "count": 175,
            "created_time": "2025-03-15T20:25:47.06587Z",
            "yes_price": 2,
            "no_price": 98,
            "taker_side": "no"
        },
        {
            "trade_id": "118a9255-166b-48bb-8c52-b1aadc9ead7f",
            "ticker": "KXHIGHAUS-25MAR15-T77",
            "count": 200,
            "created_time": "2025-03-15T20:25:47.06587Z",
            "yes_price": 1,
            "no_price": 99,
            "taker_side": "no"
        },
        {
            "trade_id": "182b3ef5-5217-4295-81bd-4d13d81031f0",
            "ticker": "KXHIGHAUS-25MAR15-T77",
            "count": 14,
            "created_time": "2025-03-15T19:13:43.217839Z",
            "yes_price": 2,
            "no_price": 98,
            "taker_side": "no"
        },
        {
            "trade_id": "2e44ba6b-7384-404c-8978-e1ad304fb476",
            "ticker": "KXHIGHAUS-25MAR15-T77",
            "count": 12,
            "created_time": "2025-03-15T19:07:17.553973Z",
            "yes_price": 2,
            "no_price": 98,
            "taker_side": "no"
        },
        {
            "trade_id": "08935ca1-c35a-43e7-8e47-010cb26d4ac1",
            "ticker": "KXHIGHAUS-25MAR15-T77",
            "count": 24,
            "created_time": "2025-03-15T19:02:30.202976Z",
            "yes_price": 2,
            "no_price": 98,
            "taker_side": "no"
        },
        {
            "trade_id": "b4effe35-58ea-4ecb-80b3-5cfe63011cc8",
            "ticker": "KXHIGHAUS-25MAR15-T77",
            "count": 50,
            "created_time": "2025-03-15T18:49:33.780501Z",
            "yes_price": 2,
            "no_price": 98,
            "taker_side": "no"
        },
        {
            "trade_id": "43a32ddc-1121-405c-b2ac-a386c1c6be1c",
            "ticker": "KXHIGHAUS-25MAR15-T77",
            "count": 25,
            "created_time": "2025-03-15T18:40:51.411006Z",
            "yes_price": 2,
            "no_price": 98,
            "taker_side": "no"
        },
        {
            "trade_id": "bf774c41-ed07-48da-b2a7-77d2ac12044f",
            "ticker": "KXHIGHAUS-25MAR15-T77",
            "count": 1,
            "created_time": "2025-03-15T18:08:43.35841Z",
            "yes_price": 4,
            "no_price": 96,
            "taker_side": "no"
        },
        {
            "trade_id": "ebab2905-377f-4f32-a827-c56d4bd46fad",
            "ticker": "KXHIGHAUS-25MAR15-T77",
            "count": 5,
            "created_time": "2025-03-15T18:07:25.998585Z",
            "yes_price": 4,
            "no_price": 96,
            "taker_side": "no"
        },
        {
            "trade_id": "9841cffe-ddc8-4dd2-9eda-51bbf1c0b670",
            "ticker": "KXHIGHAUS-25MAR15-T77",
            "count": 5,
            "created_time": "2025-03-15T18:07:19.670755Z",
            "yes_price": 4,
            "no_price": 96,
            "taker_side": "no"
        },
        {
            "trade_id": "3d9b7584-bfc4-47f2-aa6b-cb7ee5755c2c",
            "ticker": "KXHIGHAUS-25MAR15-T77",
            "count": 10,
            "created_time": "2025-03-15T18:06:18.890936Z",
            "yes_price": 4,
            "no_price": 96,
            "taker_side": "no"
        },
        {
            "trade_id": "f0849029-5141-47d1-bb35-2d25b3a34502",
            "ticker": "KXHIGHAUS-25MAR15-T77",
            "count": 10,
            "created_time": "2025-03-15T18:05:21.378142Z",
            "yes_price": 4,
            "no_price": 96,
            "taker_side": "no"
        },
        {
            "trade_id": "08448ae2-1f30-4542-b2d9-07aacd0a7de2",
            "ticker": "KXHIGHAUS-25MAR15-T77",
            "count": 10,
            "created_time": "2025-03-15T18:05:12.867789Z",
            "yes_price": 4,
            "no_price": 96,
            "taker_side": "no"
        },
        {
            "trade_id": "67b77024-0fba-4bd4-a804-da2ab0f643d9",
            "ticker": "KXHIGHAUS-25MAR15-T77",
            "count": 36,
            "created_time": "2025-03-15T17:56:56.427801Z",
            "yes_price": 4,
            "no_price": 96,
            "taker_side": "no"
        },
        {
            "trade_id": "a24c63c3-a09b-4186-8982-4fe3b38d04b3",
            "ticker": "KXHIGHAUS-25MAR15-T77",
            "count": 5,
            "created_time": "2025-03-15T17:56:29.642871Z",
            "yes_price": 12,
            "no_price": 88,
            "taker_side": "yes"
        },
        {
            "trade_id": "9d62b88e-a80b-4818-b20a-11ef95c49316",
            "ticker": "KXHIGHAUS-25MAR15-T77",
            "count": 19,
            "created_time": "2025-03-15T17:56:29.642871Z",
            "yes_price": 11,
            "no_price": 89,
            "taker_side": "yes"
        },
        {
            "trade_id": "b47edaf0-bd94-4c53-9825-1494e632374c",
            "ticker": "KXHIGHAUS-25MAR15-T77",
            "count": 273,
            "created_time": "2025-03-15T17:52:40.72705Z",
            "yes_price": 5,
            "no_price": 95,
            "taker_side": "no"
        },
        {
            "trade_id": "0f28501e-f97f-47cc-a522-c0142a414fef",
            "ticker": "KXHIGHAUS-25MAR15-T77",
            "count": 100,
            "created_time": "2025-03-15T17:48:22.007172Z",
            "yes_price": 5,
            "no_price": 95,
            "taker_side": "no"
        },
        {
            "trade_id": "f075f106-418b-4cf1-8a4d-d48d5df77c7a",
            "ticker": "KXHIGHAUS-25MAR15-T77",
            "count": 20,
            "created_time": "2025-03-15T17:45:08.0174Z",
            "yes_price": 5,
            "no_price": 95,
            "taker_side": "no"
        },
        {
            "trade_id": "ee315f46-f7a7-4fe6-b955-bcc0095bfa5a",
            "ticker": "KXHIGHAUS-25MAR15-T77",
            "count": 20,
            "created_time": "2025-03-15T17:44:42.164866Z",
            "yes_price": 5,
            "no_price": 95,
            "taker_side": "no"
        },
        {
            "trade_id": "b1bb572f-45bf-4727-99ab-b8414e9cc0cc",
            "ticker": "KXHIGHAUS-25MAR15-T77",
            "count": 25,
            "created_time": "2025-03-15T17:33:00.946929Z",
            "yes_price": 5,
            "no_price": 95,
            "taker_side": "no"
        },
        {
            "trade_id": "c3fce3f5-f477-43e0-9b27-8f155c2a9629",
            "ticker": "KXHIGHAUS-25MAR15-T77",
            "count": 25,
            "created_time": "2025-03-15T17:32:53.52127Z",
            "yes_price": 5,
            "no_price": 95,
            "taker_side": "no"
        },
        {
            "trade_id": "03ee2c17-e72a-4605-938b-ba5dd0d9af46",
            "ticker": "KXHIGHAUS-25MAR15-T77",
            "count": 50,
            "created_time": "2025-03-15T17:31:59.69684Z",
            "yes_price": 5,
            "no_price": 95,
            "taker_side": "no"
        },
        {
            "trade_id": "7fe22a9b-4731-468a-9fe4-3abea780ebf4",
            "ticker": "KXHIGHAUS-25MAR15-T77",
            "count": 28,
            "created_time": "2025-03-15T17:30:35.183934Z",
            "yes_price": 5,
            "no_price": 95,
            "taker_side": "no"
        },
        {
            "trade_id": "39e784f5-7144-4e95-b971-163daeadde0d",
            "ticker": "KXHIGHAUS-25MAR15-T77",
            "count": 50,
            "created_time": "2025-03-15T17:30:15.969748Z",
            "yes_price": 5,
            "no_price": 95,
            "taker_side": "no"
        },
        {
            "trade_id": "7a6f431e-5277-4836-88d5-6285b3f1b61e",
            "ticker": "KXHIGHAUS-25MAR15-T77",
            "count": 50,
            "created_time": "2025-03-15T17:30:03.236339Z",
            "yes_price": 5,
            "no_price": 95,
            "taker_side": "no"
        },
        {
            "trade_id": "8515f7b8-6b9b-45cc-9d49-14fae0a2e9e4",
            "ticker": "KXHIGHAUS-25MAR15-T77",
            "count": 50,
            "created_time": "2025-03-15T17:29:53.091423Z",
            "yes_price": 5,
            "no_price": 95,
            "taker_side": "no"
        },
        {
            "trade_id": "f959113a-70bd-466e-9dd0-fbbccb7528ff",
            "ticker": "KXHIGHAUS-25MAR15-T77",
            "count": 50,
            "created_time": "2025-03-15T17:28:50.87579Z",
            "yes_price": 4,
            "no_price": 96,
            "taker_side": "no"
        },
        {
            "trade_id": "07b92bec-a8de-424d-8908-947e85f8cd0a",
            "ticker": "KXHIGHAUS-25MAR15-T77",
            "count": 50,
            "created_time": "2025-03-15T17:28:39.841793Z",
            "yes_price": 4,
            "no_price": 96,
            "taker_side": "no"
        },
        {
            "trade_id": "b65da9e7-5d4e-4190-b05e-3108762e0b5e",
            "ticker": "KXHIGHAUS-25MAR15-T77",
            "count": 36,
            "created_time": "2025-03-15T17:28:33.096274Z",
            "yes_price": 5,
            "no_price": 95,
            "taker_side": "no"
        },
        {
            "trade_id": "5f4744ef-7e7a-44ad-a3e9-df5fdab569fb",
            "ticker": "KXHIGHAUS-25MAR15-T77",
            "count": 14,
            "created_time": "2025-03-15T17:28:33.096274Z",
            "yes_price": 4,
            "no_price": 96,
            "taker_side": "no"
        },
        {
            "trade_id": "254f4ee2-a597-473b-b92f-e87aea0c6503",
            "ticker": "KXHIGHAUS-25MAR15-T77",
            "count": 50,
            "created_time": "2025-03-15T17:28:18.902024Z",
            "yes_price": 5,
            "no_price": 95,
            "taker_side": "no"
        },
        {
            "trade_id": "0b7a1ae8-4ec8-427b-bb3c-a599fd791425",
            "ticker": "KXHIGHAUS-25MAR15-T77",
            "count": 44,
            "created_time": "2025-03-15T17:28:10.030289Z",
            "yes_price": 5,
            "no_price": 95,
            "taker_side": "no"
        },
        {
            "trade_id": "4e6e71f3-d4d1-4209-89a3-ec597e1def65",
            "ticker": "KXHIGHAUS-25MAR15-T77",
            "count": 44,
            "created_time": "2025-03-15T17:28:02.44003Z",
            "yes_price": 5,
            "no_price": 95,
            "taker_side": "no"
        },
        {
            "trade_id": "aa94b70b-487e-4f23-94a4-eb2d7579161f",
            "ticker": "KXHIGHAUS-25MAR15-T77",
            "count": 44,
            "created_time": "2025-03-15T17:27:55.263205Z",
            "yes_price": 5,
            "no_price": 95,
            "taker_side": "no"
        },
        {
            "trade_id": "f7e132ed-6616-4665-b232-6915b8452382",
            "ticker": "KXHIGHAUS-25MAR15-T77",
            "count": 40,
            "created_time": "2025-03-15T17:27:44.363789Z",
            "yes_price": 5,
            "no_price": 95,
            "taker_side": "no"
        },
        {
            "trade_id": "3b46d55d-3de4-4b1f-99c6-cafcc6057ea5",
            "ticker": "KXHIGHAUS-25MAR15-T77",
            "count": 40,
            "created_time": "2025-03-15T17:27:37.095028Z",
            "yes_price": 5,
            "no_price": 95,
            "taker_side": "no"
        },
        {
            "trade_id": "3cee21f7-20b7-4e8f-92d8-d802c99a0ed2",
            "ticker": "KXHIGHAUS-25MAR15-T77",
            "count": 39,
            "created_time": "2025-03-15T17:27:29.256366Z",
            "yes_price": 5,
            "no_price": 95,
            "taker_side": "no"
        },
        {
            "trade_id": "cdc9e4b3-3db8-453f-bd1a-e8d0e90642bc",
            "ticker": "KXHIGHAUS-25MAR15-T77",
            "count": 35,
            "created_time": "2025-03-15T17:27:14.725983Z",
            "yes_price": 5,
            "no_price": 95,
            "taker_side": "no"
        },
        {
            "trade_id": "6672f152-dbcf-454a-8236-45f4e308c57e",
            "ticker": "KXHIGHAUS-25MAR15-T77",
            "count": 35,
            "created_time": "2025-03-15T17:27:07.973335Z",
            "yes_price": 5,
            "no_price": 95,
            "taker_side": "no"
        },
        {
            "trade_id": "9fc5d1e6-81dd-4d2b-bea5-ea6b3febdecd",
            "ticker": "KXHIGHAUS-25MAR15-T77",
            "count": 30,
            "created_time": "2025-03-15T17:26:58.411536Z",
            "yes_price": 5,
            "no_price": 95,
            "taker_side": "no"
        },
        {
            "trade_id": "568c610d-216f-485f-8997-4518807cc1db",
            "ticker": "KXHIGHAUS-25MAR15-T77",
            "count": 30,
            "created_time": "2025-03-15T17:26:50.609842Z",
            "yes_price": 5,
            "no_price": 95,
            "taker_side": "no"
        },
        {
            "trade_id": "29d9faab-5023-47f0-8454-5f09e44ca119",
            "ticker": "KXHIGHAUS-25MAR15-T77",
            "count": 30,
            "created_time": "2025-03-15T17:26:43.571573Z",
            "yes_price": 5,
            "no_price": 95,
            "taker_side": "no"
        },
        {
            "trade_id": "5add3357-3347-4ecd-92f7-feb33d2eb141",
            "ticker": "KXHIGHAUS-25MAR15-T77",
            "count": 30,
            "created_time": "2025-03-15T17:26:34.893715Z",
            "yes_price": 5,
            "no_price": 95,
            "taker_side": "no"
        },
        {
            "trade_id": "4a896d13-9a58-4c76-807e-775aa711b0e5",
            "ticker": "KXHIGHAUS-25MAR15-T77",
            "count": 28,
            "created_time": "2025-03-15T17:26:21.065349Z",
            "yes_price": 5,
            "no_price": 95,
            "taker_side": "no"
        },
        {
            "trade_id": "216305da-7b3c-4a85-b8f3-72c545af29c9",
            "ticker": "KXHIGHAUS-25MAR15-T77",
            "count": 25,
            "created_time": "2025-03-15T17:25:58.206459Z",
            "yes_price": 5,
            "no_price": 95,
            "taker_side": "no"
        },
        {
            "trade_id": "e5f2ce82-3d30-4a66-ae05-fb7988fa1e85",
            "ticker": "KXHIGHAUS-25MAR15-T77",
            "count": 25,
            "created_time": "2025-03-15T17:25:51.344927Z",
            "yes_price": 5,
            "no_price": 95,
            "taker_side": "no"
        },
        {
            "trade_id": "94c8feb2-167a-45fe-b62b-cbffa483b46a",
            "ticker": "KXHIGHAUS-25MAR15-T77",
            "count": 25,
            "created_time": "2025-03-15T17:25:44.06563Z",
            "yes_price": 5,
            "no_price": 95,
            "taker_side": "no"
        },
        {
            "trade_id": "c5834b0b-2dc1-4a05-914e-5efa8b2af796",
            "ticker": "KXHIGHAUS-25MAR15-T77",
            "count": 22,
            "created_time": "2025-03-15T17:25:35.930911Z",
            "yes_price": 5,
            "no_price": 95,
            "taker_side": "no"
        },
        {
            "trade_id": "140ab727-bf7f-40ba-be49-9e432df58abb",
            "ticker": "KXHIGHAUS-25MAR15-T77",
            "count": 22,
            "created_time": "2025-03-15T17:25:29.068254Z",
            "yes_price": 5,
            "no_price": 95,
            "taker_side": "no"
        },
        {
            "trade_id": "db32f3a8-dd88-4488-9d42-35e0d38030e3",
            "ticker": "KXHIGHAUS-25MAR15-T77",
            "count": 20,
            "created_time": "2025-03-15T17:25:13.410819Z",
            "yes_price": 5,
            "no_price": 95,
            "taker_side": "no"
        },
        {
            "trade_id": "06dafc47-c363-4ff0-b4e2-12a855a3f4b5",
            "ticker": "KXHIGHAUS-25MAR15-T77",
            "count": 20,
            "created_time": "2025-03-15T17:25:04.833974Z",
            "yes_price": 5,
            "no_price": 95,
            "taker_side": "no"
        },
        {
            "trade_id": "ed5bef84-36d1-4e42-8451-f57b43c4fe4e",
            "ticker": "KXHIGHAUS-25MAR15-T77",
            "count": 20,
            "created_time": "2025-03-15T17:24:56.914838Z",
            "yes_price": 5,
            "no_price": 95,
            "taker_side": "no"
        },
        {
            "trade_id": "eccf38de-e965-4714-95d7-2ba8390a9b7f",
            "ticker": "KXHIGHAUS-25MAR15-T77",
            "count": 17,
            "created_time": "2025-03-15T17:24:46.730677Z",
            "yes_price": 5,
            "no_price": 95,
            "taker_side": "no"
        },
        {
            "trade_id": "a1376368-014f-4d96-bb03-a156aea63419",
            "ticker": "KXHIGHAUS-25MAR15-T77",
            "count": 17,
            "created_time": "2025-03-15T17:24:38.307906Z",
            "yes_price": 5,
            "no_price": 95,
            "taker_side": "no"
        },
        {
            "trade_id": "4563900b-ec1c-4bc0-9f3c-7af75b24e89f",
            "ticker": "KXHIGHAUS-25MAR15-T77",
            "count": 17,
            "created_time": "2025-03-15T17:24:29.157912Z",
            "yes_price": 5,
            "no_price": 95,
            "taker_side": "no"
        },
        {
            "trade_id": "cf20f1b4-15ea-471b-aca5-c813865dc761",
            "ticker": "KXHIGHAUS-25MAR15-T77",
            "count": 17,
            "created_time": "2025-03-15T17:24:22.227066Z",
            "yes_price": 5,
            "no_price": 95,
            "taker_side": "no"
        },
        {
            "trade_id": "6412af00-5878-4ca6-9911-9c0c1b077644",
            "ticker": "KXHIGHAUS-25MAR15-T77",
            "count": 14,
            "created_time": "2025-03-15T17:24:12.310633Z",
            "yes_price": 5,
            "no_price": 95,
            "taker_side": "no"
        },
        {
            "trade_id": "0fff48fe-b918-4f06-baa7-e8318a21a74a",
            "ticker": "KXHIGHAUS-25MAR15-T77",
            "count": 14,
            "created_time": "2025-03-15T17:24:02.495275Z",
            "yes_price": 5,
            "no_price": 95,
            "taker_side": "no"
        },
        {
            "trade_id": "ed25780f-f069-4e70-a73e-2844c767b506",
            "ticker": "KXHIGHAUS-25MAR15-T77",
            "count": 100,
            "created_time": "2025-03-15T17:23:58.907856Z",
            "yes_price": 5,
            "no_price": 95,
            "taker_side": "no"
        },
        {
            "trade_id": "31b2c92e-155a-4238-a210-cf9e81c86944",
            "ticker": "KXHIGHAUS-25MAR15-T77",
            "count": 14,
            "created_time": "2025-03-15T17:23:54.542624Z",
            "yes_price": 5,
            "no_price": 95,
            "taker_side": "no"
        },
        {
            "trade_id": "7e187a5d-a298-452a-9fbb-2a4c2d3d1b5d",
            "ticker": "KXHIGHAUS-25MAR15-T77",
            "count": 100,
            "created_time": "2025-03-15T17:23:50.397173Z",
            "yes_price": 5,
            "no_price": 95,
            "taker_side": "no"
        },
        {
            "trade_id": "3e9ef505-6349-46a6-a3ec-746ac94d08d5",
            "ticker": "KXHIGHAUS-25MAR15-T77",
            "count": 14,
            "created_time": "2025-03-15T17:23:46.925675Z",
            "yes_price": 5,
            "no_price": 95,
            "taker_side": "no"
        },
        {
            "trade_id": "966fb2af-a1f8-4b49-88bb-6ea4e92372c0",
            "ticker": "KXHIGHAUS-25MAR15-T77",
            "count": 100,
            "created_time": "2025-03-15T17:23:41.431792Z",
            "yes_price": 5,
            "no_price": 95,
            "taker_side": "no"
        },
        {
            "trade_id": "28909027-e2fb-4326-b255-379af6328d7a",
            "ticker": "KXHIGHAUS-25MAR15-T77",
            "count": 13,
            "created_time": "2025-03-15T17:23:38.700546Z",
            "yes_price": 5,
            "no_price": 95,
            "taker_side": "no"
        },
        {
            "trade_id": "d95f02ec-2f59-4b6e-8885-6eaba20b7d1c",
            "ticker": "KXHIGHAUS-25MAR15-T77",
            "count": 12,
            "created_time": "2025-03-15T17:23:29.988541Z",
            "yes_price": 5,
            "no_price": 95,
            "taker_side": "no"
        },
        {
            "trade_id": "ae293550-77be-47d1-a8b8-c19fad337246",
            "ticker": "KXHIGHAUS-25MAR15-T77",
            "count": 12,
            "created_time": "2025-03-15T17:23:22.141538Z",
            "yes_price": 5,
            "no_price": 95,
            "taker_side": "no"
        },
        {
            "trade_id": "684c3358-1136-4d5b-8cf1-c333cc230e96",
            "ticker": "KXHIGHAUS-25MAR15-T77",
            "count": 100,
            "created_time": "2025-03-15T17:22:59.87222Z",
            "yes_price": 5,
            "no_price": 95,
            "taker_side": "no"
        },
        {
            "trade_id": "4a96b4b9-b84b-4b59-ab49-c34b7214ec69",
            "ticker": "KXHIGHAUS-25MAR15-T77",
            "count": 11,
            "created_time": "2025-03-15T17:22:54.336734Z",
            "yes_price": 5,
            "no_price": 95,
            "taker_side": "no"
        },
        {
            "trade_id": "ca0c7cee-308b-448a-8d4c-8879b4c678d6",
            "ticker": "KXHIGHAUS-25MAR15-T77",
            "count": 11,
            "created_time": "2025-03-15T17:22:46.712314Z",
            "yes_price": 5,
            "no_price": 95,
            "taker_side": "no"
        },
        {
            "trade_id": "277ea8f1-dfed-4b0c-9e20-ab60b3bb4015",
            "ticker": "KXHIGHAUS-25MAR15-T77",
            "count": 10,
            "created_time": "2025-03-15T17:22:37.055949Z",
            "yes_price": 5,
            "no_price": 95,
            "taker_side": "no"
        },
        {
            "trade_id": "6cf81f30-0239-4917-8bd3-039f65776773",
            "ticker": "KXHIGHAUS-25MAR15-T77",
            "count": 10,
            "created_time": "2025-03-15T17:22:30.226565Z",
            "yes_price": 5,
            "no_price": 95,
            "taker_side": "no"
        },
        {
            "trade_id": "db781b60-4c48-48cf-939d-5441d4dfd32e",
            "ticker": "KXHIGHAUS-25MAR15-T77",
            "count": 100,
            "created_time": "2025-03-15T17:22:25.158853Z",
            "yes_price": 5,
            "no_price": 95,
            "taker_side": "no"
        },
        {
            "trade_id": "30b86dea-13a9-426d-b260-6c1c323ba98b",
            "ticker": "KXHIGHAUS-25MAR15-T77",
            "count": 10,
            "created_time": "2025-03-15T17:22:20.929901Z",
            "yes_price": 5,
            "no_price": 95,
            "taker_side": "no"
        },
        {
            "trade_id": "26d05400-1555-475a-b0ea-f0dcb439c30f",
            "ticker": "KXHIGHAUS-25MAR15-T77",
            "count": 20,
            "created_time": "2025-03-15T17:22:14.531078Z",
            "yes_price": 5,
            "no_price": 95,
            "taker_side": "no"
        },
        {
            "trade_id": "e8b23f0b-d365-4dcd-80b6-6b79ba1d6b1e",
            "ticker": "KXHIGHAUS-25MAR15-T77",
            "count": 9,
            "created_time": "2025-03-15T17:22:07.940401Z",
            "yes_price": 5,
            "no_price": 95,
            "taker_side": "no"
        },
        {
            "trade_id": "76a7a217-8662-40a6-8a0d-9e1facc57ac1",
            "ticker": "KXHIGHAUS-25MAR15-T77",
            "count": 8,
            "created_time": "2025-03-15T17:21:52.538746Z",
            "yes_price": 5,
            "no_price": 95,
            "taker_side": "no"
        },
        {
            "trade_id": "9f161480-3a3f-49e7-a35f-8a4592fcc99b",
            "ticker": "KXHIGHAUS-25MAR15-T77",
            "count": 8,
            "created_time": "2025-03-15T17:21:42.839563Z",
            "yes_price": 5,
            "no_price": 95,
            "taker_side": "no"
        },
        {
            "trade_id": "55bc859a-5751-4233-80b9-e385f029cff4",
            "ticker": "KXHIGHAUS-25MAR15-T77",
            "count": 8,
            "created_time": "2025-03-15T17:21:26.48713Z",
            "yes_price": 5,
            "no_price": 95,
            "taker_side": "no"
        },
        {
            "trade_id": "e1a69148-2e2d-46f2-a340-2686fad6b41b",
            "ticker": "KXHIGHAUS-25MAR15-T77",
            "count": 30,
            "created_time": "2025-03-15T16:46:40.240944Z",
            "yes_price": 5,
            "no_price": 95,
            "taker_side": "yes"
        },
        {
            "trade_id": "87beeeb6-e231-424f-bbcc-8ec68b907c87",
            "ticker": "KXHIGHAUS-25MAR15-T77",
            "count": 2,
            "created_time": "2025-03-15T16:46:40.240944Z",
            "yes_price": 7,
            "no_price": 93,
            "taker_side": "yes"
        },
        {
            "trade_id": "4f434f46-7cb4-4647-8c53-8354a4774ad8",
            "ticker": "KXHIGHAUS-25MAR15-T77",
            "count": 4,
            "created_time": "2025-03-15T16:46:40.240944Z",
            "yes_price": 5,
            "no_price": 95,
            "taker_side": "yes"
        },
        {
            "trade_id": "bf61cde8-c8ed-438a-a836-37e574fd41e3",
            "ticker": "KXHIGHAUS-25MAR15-T77",
            "count": 100,
            "created_time": "2025-03-15T16:33:49.273046Z",
            "yes_price": 4,
            "no_price": 96,
            "taker_side": "no"
        },
        {
            "trade_id": "b5a3271f-2c99-45fc-809d-99d32e92506d",
            "ticker": "KXHIGHAUS-25MAR15-T77",
            "count": 100,
            "created_time": "2025-03-15T16:33:38.126589Z",
            "yes_price": 4,
            "no_price": 96,
            "taker_side": "no"
        },
        {
            "trade_id": "3ab5a5d6-00e7-484c-a355-b8c4d65b0089",
            "ticker": "KXHIGHAUS-25MAR15-T77",
            "count": 100,
            "created_time": "2025-03-15T16:33:29.215038Z",
            "yes_price": 4,
            "no_price": 96,
            "taker_side": "no"
        },
        {
            "trade_id": "b9aa637c-dbdc-4de9-b4f9-7863debdf570",
            "ticker": "KXHIGHAUS-25MAR15-T77",
            "count": 2,
            "created_time": "2025-03-15T16:30:57.468723Z",
            "yes_price": 5,
            "no_price": 95,
            "taker_side": "no"
        },
        {
            "trade_id": "572081e8-e6a2-48ac-9006-459cb39abd65",
            "ticker": "KXHIGHAUS-25MAR15-T77",
            "count": 102,
            "created_time": "2025-03-15T16:30:47.469675Z",
            "yes_price": 5,
            "no_price": 95,
            "taker_side": "no"
        },
        {
            "trade_id": "88f69ff6-a5ff-4c5d-ac2a-71f545910fd3",
            "ticker": "KXHIGHAUS-25MAR15-T77",
            "count": 18,
            "created_time": "2025-03-15T16:23:25.848807Z",
            "yes_price": 5,
            "no_price": 95,
            "taker_side": "no"
        },
        {
            "trade_id": "ecee094c-c73e-4539-bb14-693b11744636",
            "ticker": "KXHIGHAUS-25MAR15-T77",
            "count": 26,
            "created_time": "2025-03-15T16:18:35.468616Z",
            "yes_price": 5,
            "no_price": 95,
            "taker_side": "no"
        },
        {
            "trade_id": "3a5237ef-3804-49fd-b251-0a53a3f3f467",
            "ticker": "KXHIGHAUS-25MAR15-T77",
            "count": 21,
            "created_time": "2025-03-15T16:17:36.952348Z",
            "yes_price": 5,
            "no_price": 95,
            "taker_side": "no"
        },
        {
            "trade_id": "f4dd601b-e44b-474e-9e02-97a22196013c",
            "ticker": "KXHIGHAUS-25MAR15-T77",
            "count": 25,
            "created_time": "2025-03-15T16:16:59.640466Z",
            "yes_price": 5,
            "no_price": 95,
            "taker_side": "no"
        },
        {
            "trade_id": "2b7a1201-81d0-4d06-b89e-5bea35f67c72",
            "ticker": "KXHIGHAUS-25MAR15-T77",
            "count": 13,
            "created_time": "2025-03-15T16:16:41.259872Z",
            "yes_price": 5,
            "no_price": 95,
            "taker_side": "no"
        },
        {
            "trade_id": "d37de214-8e29-40bd-8e0f-27bb09aa6e77",
            "ticker": "KXHIGHAUS-25MAR15-T77",
            "count": 1,
            "created_time": "2025-03-15T16:15:41.368836Z",
            "yes_price": 5,
            "no_price": 95,
            "taker_side": "no"
        },
        {
            "trade_id": "c57e9d1f-9e5b-47da-a44f-6cde70237b1e",
            "ticker": "KXHIGHAUS-25MAR15-T77",
            "count": 12,
            "created_time": "2025-03-15T16:06:28.899208Z",
            "yes_price": 5,
            "no_price": 95,
            "taker_side": "no"
        },
        {
            "trade_id": "1a1336bf-d176-4862-a505-ed5514374a5a",
            "ticker": "KXHIGHAUS-25MAR15-T77",
            "count": 15,
            "created_time": "2025-03-15T15:42:44.319893Z",
            "yes_price": 4,
            "no_price": 96,
            "taker_side": "no"
        },
        {
            "trade_id": "b5e83bd6-2df6-4306-9d3b-2f94b7850a9e",
            "ticker": "KXHIGHAUS-25MAR15-T77",
            "count": 100,
            "created_time": "2025-03-15T15:10:08.40713Z",
            "yes_price": 4,
            "no_price": 96,
            "taker_side": "no"
        },
        {
            "trade_id": "d1bc324d-7235-4be5-95ec-1849b96d0d69",
            "ticker": "KXHIGHAUS-25MAR15-T77",
            "count": 100,
            "created_time": "2025-03-15T15:09:58.64611Z",
            "yes_price": 4,
            "no_price": 96,
            "taker_side": "no"
        },
        {
            "trade_id": "521d3130-3765-459b-9272-dd120bb207fd",
            "ticker": "KXHIGHAUS-25MAR15-T77",
            "count": 5,
            "created_time": "2025-03-15T14:58:37.255294Z",
            "yes_price": 4,
            "no_price": 96,
            "taker_side": "no"
        },
        {
            "trade_id": "0e3b3032-f1e6-4346-9a30-04c21f6cb195",
            "ticker": "KXHIGHAUS-25MAR15-T77",
            "count": 56,
            "created_time": "2025-03-15T14:36:06.797414Z",
            "yes_price": 4,
            "no_price": 96,
            "taker_side": "no"
        },
        {
            "trade_id": "9d0aabf5-f516-47a0-92ff-c5b285f67283",
            "ticker": "KXHIGHAUS-25MAR15-T77",
            "count": 18,
            "created_time": "2025-03-15T14:23:24.101293Z",
            "yes_price": 5,
            "no_price": 95,
            "taker_side": "yes"
        },
        {
            "trade_id": "7671fac1-bd84-45e2-96f5-6fc98db79852",
            "ticker": "KXHIGHAUS-25MAR15-T77",
            "count": 100,
            "created_time": "2025-03-15T14:15:34.068506Z",
            "yes_price": 4,
            "no_price": 96,
            "taker_side": "no"
        },
        {
            "trade_id": "92a8f477-beea-4ffa-9082-7dcaf4c2ca90",
            "ticker": "KXHIGHAUS-25MAR15-T77",
            "count": 50,
            "created_time": "2025-03-15T13:47:33.316508Z",
            "yes_price": 5,
            "no_price": 95,
            "taker_side": "yes"
        },
        {
            "trade_id": "7863f925-472b-4597-ab79-6da2a9529634",
            "ticker": "KXHIGHAUS-25MAR15-T77",
            "count": 1,
            "created_time": "2025-03-15T13:47:33.316508Z",
            "yes_price": 7,
            "no_price": 93,
            "taker_side": "yes"
        },
        {
            "trade_id": "66a0acfc-27a6-4a08-9090-cd2f6c731731",
            "ticker": "KXHIGHAUS-25MAR15-T77",
            "count": 240,
            "created_time": "2025-03-15T13:47:33.316508Z",
            "yes_price": 6,
            "no_price": 94,
            "taker_side": "yes"
        },
        {
            "trade_id": "1e3a141a-e0e9-434c-8bf5-8d68f8d2b99b",
            "ticker": "KXHIGHAUS-25MAR15-T77",
            "count": 25,
            "created_time": "2025-03-15T13:47:33.316508Z",
            "yes_price": 7,
            "no_price": 93,
            "taker_side": "yes"
        },
        {
            "trade_id": "7c813adc-07e5-474c-b0f4-233963254e1c",
            "ticker": "KXHIGHAUS-25MAR15-T77",
            "count": 27,
            "created_time": "2025-03-15T13:45:33.358351Z",
            "yes_price": 4,
            "no_price": 96,
            "taker_side": "no"
        },
        {
            "trade_id": "58e6f5aa-7952-46fd-b1df-bbd26f4806e6",
            "ticker": "KXHIGHAUS-25MAR15-T77",
            "count": 118,
            "created_time": "2025-03-15T13:42:27.429358Z",
            "yes_price": 4,
            "no_price": 96,
            "taker_side": "no"
        },
        {
            "trade_id": "c6e2c2c7-f1ab-4bc4-982d-685d6d104d94",
            "ticker": "KXHIGHAUS-25MAR15-T77",
            "count": 78,
            "created_time": "2025-03-15T13:42:24.889258Z",
            "yes_price": 4,
            "no_price": 96,
            "taker_side": "no"
        },
        {
            "trade_id": "feaafbce-82fa-4300-a606-2bb8228f3a87",
            "ticker": "KXHIGHAUS-25MAR15-T77",
            "count": 1,
            "created_time": "2025-03-15T12:47:23.260929Z",
            "yes_price": 6,
            "no_price": 94,
            "taker_side": "yes"
        },
        {
            "trade_id": "d03338a3-7b71-48ec-bbe1-17bda6170434",
            "ticker": "KXHIGHAUS-25MAR15-T77",
            "count": 119,
            "created_time": "2025-03-15T12:47:23.260929Z",
            "yes_price": 4,
            "no_price": 96,
            "taker_side": "yes"
        },
        {
            "trade_id": "7a45b832-f105-4204-bd4c-dd0d3daa3d4e",
            "ticker": "KXHIGHAUS-25MAR15-T77",
            "count": 240,
            "created_time": "2025-03-15T12:47:23.260929Z",
            "yes_price": 6,
            "no_price": 94,
            "taker_side": "yes"
        },
        {
            "trade_id": "0a395560-b0c8-417c-8059-8bd21d75cec2",
            "ticker": "KXHIGHAUS-25MAR15-T77",
            "count": 10,
            "created_time": "2025-03-15T12:47:23.260929Z",
            "yes_price": 4,
            "no_price": 96,
            "taker_side": "yes"
        },
        {
            "trade_id": "76487f44-9758-444e-a411-ce731d72f8f4",
            "ticker": "KXHIGHAUS-25MAR15-T77",
            "count": 25,
            "created_time": "2025-03-15T12:42:28.818637Z",
            "yes_price": 3,
            "no_price": 97,
            "taker_side": "no"
        },
        {
            "trade_id": "4a5c2c46-adcd-4627-8231-990eee31b3ff",
            "ticker": "KXHIGHAUS-25MAR15-T77",
            "count": 28,
            "created_time": "2025-03-15T12:39:33.348105Z",
            "yes_price": 3,
            "no_price": 97,
            "taker_side": "no"
        },
        {
            "trade_id": "8428d67c-729b-41e3-baea-e5977a1fa682",
            "ticker": "KXHIGHAUS-25MAR15-T77",
            "count": 1,
            "created_time": "2025-03-15T05:41:28.849416Z",
            "yes_price": 5,
            "no_price": 95,
            "taker_side": "no"
        },
        {
            "trade_id": "2f47d554-51ae-48b9-a8fb-8d5c839c7a9f",
            "ticker": "KXHIGHAUS-25MAR15-T77",
            "count": 6,
            "created_time": "2025-03-15T05:41:28.849416Z",
            "yes_price": 5,
            "no_price": 95,
            "taker_side": "no"
        },
        {
            "trade_id": "6ba40d51-ba39-4a88-98c2-2f744f3046b3",
            "ticker": "KXHIGHAUS-25MAR15-T77",
            "count": 60,
            "created_time": "2025-03-15T05:40:56.319962Z",
            "yes_price": 5,
            "no_price": 95,
            "taker_side": "no"
        },
        {
            "trade_id": "64d42bb1-3192-470d-8483-2de91fa32764",
            "ticker": "KXHIGHAUS-25MAR15-T77",
            "count": 16,
            "created_time": "2025-03-15T05:39:35.209296Z",
            "yes_price": 5,
            "no_price": 95,
            "taker_side": "yes"
        },
        {
            "trade_id": "18049e52-d6ec-4267-8fa0-3a396a28d56c",
            "ticker": "KXHIGHAUS-25MAR15-T77",
            "count": 2,
            "created_time": "2025-03-15T05:39:35.209296Z",
            "yes_price": 5,
            "no_price": 95,
            "taker_side": "yes"
        },
        {
            "trade_id": "12e5604d-c824-4820-aff8-2f897d499534",
            "ticker": "KXHIGHAUS-25MAR15-T77",
            "count": 3,
            "created_time": "2025-03-15T05:17:42.495422Z",
            "yes_price": 4,
            "no_price": 96,
            "taker_side": "yes"
        },
        {
            "trade_id": "2035cb26-8b42-4e47-8f02-90fef5ba71e5",
            "ticker": "KXHIGHAUS-25MAR15-T77",
            "count": 1,
            "created_time": "2025-03-15T05:17:30.064169Z",
            "yes_price": 4,
            "no_price": 96,
            "taker_side": "no"
        },
        {
            "trade_id": "78fec587-4ea7-4111-9295-5c319e897328",
            "ticker": "KXHIGHAUS-25MAR15-T77",
            "count": 1,
            "created_time": "2025-03-15T05:07:33.372613Z",
            "yes_price": 4,
            "no_price": 96,
            "taker_side": "no"
        },
        {
            "trade_id": "e0f6ddba-6923-4fa8-bd26-f79d1acf13be",
            "ticker": "KXHIGHAUS-25MAR15-T77",
            "count": 200,
            "created_time": "2025-03-15T05:06:37.729482Z",
            "yes_price": 4,
            "no_price": 96,
            "taker_side": "no"
        },
        {
            "trade_id": "7f4f2d86-6967-4c44-a4b3-7a3f8d1d9465",
            "ticker": "KXHIGHAUS-25MAR15-T77",
            "count": 26,
            "created_time": "2025-03-15T05:06:37.729482Z",
            "yes_price": 4,
            "no_price": 96,
            "taker_side": "no"
        },
        {
            "trade_id": "e1fb2b24-bdb6-4d94-b41e-27017ebf4e62",
            "ticker": "KXHIGHAUS-25MAR15-T77",
            "count": 71,
            "created_time": "2025-03-14T22:25:14.760412Z",
            "yes_price": 5,
            "no_price": 95,
            "taker_side": "no"
        },
        {
            "trade_id": "be2a1206-1755-447a-9194-7b7592954724",
            "ticker": "KXHIGHAUS-25MAR15-T77",
            "count": 2,
            "created_time": "2025-03-14T22:25:14.760412Z",
            "yes_price": 5,
            "no_price": 95,
            "taker_side": "no"
        },
        {
            "trade_id": "e70d1501-d9a0-499c-972b-f7dd77c0f5ad",
            "ticker": "KXHIGHAUS-25MAR15-T77",
            "count": 38,
            "created_time": "2025-03-14T22:18:26.489947Z",
            "yes_price": 4,
            "no_price": 96,
            "taker_side": "no"
        },
        {
            "trade_id": "aad18635-2126-47a0-a9de-dd5e3e12b4e6",
            "ticker": "KXHIGHAUS-25MAR15-T77",
            "count": 10,
            "created_time": "2025-03-14T22:18:26.489947Z",
            "yes_price": 6,
            "no_price": 94,
            "taker_side": "no"
        },
        {
            "trade_id": "8f299cd4-258e-4ec2-9b08-e6cb094f8844",
            "ticker": "KXHIGHAUS-25MAR15-T77",
            "count": 48,
            "created_time": "2025-03-14T22:18:26.489947Z",
            "yes_price": 6,
            "no_price": 94,
            "taker_side": "no"
        },
        {
            "trade_id": "3ebbfcb8-2996-4c8b-ac05-8aab6b375439",
            "ticker": "KXHIGHAUS-25MAR15-T77",
            "count": 2,
            "created_time": "2025-03-14T22:18:26.489947Z",
            "yes_price": 6,
            "no_price": 94,
            "taker_side": "no"
        },
        {
            "trade_id": "3886a5ae-8551-4493-b40b-1450d887d9d5",
            "ticker": "KXHIGHAUS-25MAR15-T77",
            "count": 2,
            "created_time": "2025-03-14T22:18:26.489947Z",
            "yes_price": 6,
            "no_price": 94,
            "taker_side": "no"
        },
        {
            "trade_id": "019888b9-abd0-42f2-9905-331a763edd11",
            "ticker": "KXHIGHAUS-25MAR15-T77",
            "count": 2,
            "created_time": "2025-03-14T22:18:26.489947Z",
            "yes_price": 6,
            "no_price": 94,
            "taker_side": "no"
        },
        {
            "trade_id": "a935e9fd-d24f-4156-a7d1-e54afa2ed326",
            "ticker": "KXHIGHAUS-25MAR15-T77",
            "count": 240,
            "created_time": "2025-03-14T21:05:01.983162Z",
            "yes_price": 7,
            "no_price": 93,
            "taker_side": "no"
        },
        {
            "trade_id": "8d2f1db5-9956-4c8b-be07-2537c15d91d4",
            "ticker": "KXHIGHAUS-25MAR15-T77",
            "count": 100,
            "created_time": "2025-03-14T21:05:01.983162Z",
            "yes_price": 9,
            "no_price": 91,
            "taker_side": "no"
        },
        {
            "trade_id": "29888dce-3921-48ec-b570-e106cd8c5e4a",
            "ticker": "KXHIGHAUS-25MAR15-T77",
            "count": 10,
            "created_time": "2025-03-14T21:05:01.983162Z",
            "yes_price": 9,
            "no_price": 91,
            "taker_side": "no"
        },
        {
            "trade_id": "cb842b28-2ac3-4903-bcdd-799066ad24fb",
            "ticker": "KXHIGHAUS-25MAR15-T77",
            "count": 136,
            "created_time": "2025-03-14T20:05:04.796965Z",
            "yes_price": 10,
            "no_price": 90,
            "taker_side": "no"
        },
        {
            "trade_id": "c13ab716-f076-4a2a-8e48-a8ae4e87fb0b",
            "ticker": "KXHIGHAUS-25MAR15-T77",
            "count": 30,
            "created_time": "2025-03-14T20:05:04.796965Z",
            "yes_price": 12,
            "no_price": 88,
            "taker_side": "no"
        },
        {
            "trade_id": "356701aa-81c1-434d-a0e7-1c9840b375a8",
            "ticker": "KXHIGHAUS-25MAR15-T77",
            "count": 240,
            "created_time": "2025-03-14T19:55:47.740891Z",
            "yes_price": 10,
            "no_price": 90,
            "taker_side": "no"
        },
        {
            "trade_id": "8a7449a5-ba91-4ee4-95a3-efbeac3a56b2",
            "ticker": "KXHIGHAUS-25MAR15-T77",
            "count": 5,
            "created_time": "2025-03-14T19:54:48.079796Z",
            "yes_price": 12,
            "no_price": 88,
            "taker_side": "yes"
        },
        {
            "trade_id": "2a982dbf-56ea-4ec2-ad62-890b0b1f8efb",
            "ticker": "KXHIGHAUS-25MAR15-T77",
            "count": 20,
            "created_time": "2025-03-14T19:39:59.987846Z",
            "yes_price": 11,
            "no_price": 89,
            "taker_side": "yes"
        },
        {
            "trade_id": "08da2cf1-208e-4bff-a73e-f31728588169",
            "ticker": "KXHIGHAUS-25MAR15-T77",
            "count": 22,
            "created_time": "2025-03-14T19:39:59.987846Z",
            "yes_price": 11,
            "no_price": 89,
            "taker_side": "yes"
        },
        {
            "trade_id": "5d8d5ef5-99f4-4783-a204-0c94bca7b914",
            "ticker": "KXHIGHAUS-25MAR15-T77",
            "count": 10,
            "created_time": "2025-03-14T19:36:55.368853Z",
            "yes_price": 10,
            "no_price": 90,
            "taker_side": "yes"
        },
        {
            "trade_id": "a7fc0383-bd28-4025-81ce-d4d77aa7b781",
            "ticker": "KXHIGHAUS-25MAR15-T77",
            "count": 10,
            "created_time": "2025-03-14T19:34:08.35541Z",
            "yes_price": 9,
            "no_price": 91,
            "taker_side": "yes"
        },
        {
            "trade_id": "b8537ee3-632f-482b-9fd8-b57317859d61",
            "ticker": "KXHIGHAUS-25MAR15-T77",
            "count": 113,
            "created_time": "2025-03-14T19:26:03.347555Z",
            "yes_price": 5,
            "no_price": 95,
            "taker_side": "no"
        },
        {
            "trade_id": "da50b37f-3417-4faa-906a-a0aa44b06b67",
            "ticker": "KXHIGHAUS-25MAR15-T77",
            "count": 240,
            "created_time": "2025-03-14T19:25:50.193828Z",
            "yes_price": 6,
            "no_price": 94,
            "taker_side": "no"
        },
        {
            "trade_id": "8f513ef6-6e34-44c9-a2bb-54242a2db515",
            "ticker": "KXHIGHAUS-25MAR15-T77",
            "count": 10,
            "created_time": "2025-03-14T19:25:50.193828Z",
            "yes_price": 6,
            "no_price": 94,
            "taker_side": "no"
        },
        {
            "trade_id": "7f060915-aab6-4920-9b57-fb13150a4d02",
            "ticker": "KXHIGHAUS-25MAR15-T77",
            "count": 91,
            "created_time": "2025-03-14T19:25:50.193828Z",
            "yes_price": 8,
            "no_price": 92,
            "taker_side": "no"
        },
        {
            "trade_id": "cb222911-00ce-4610-9e28-f6ae58e7ccde",
            "ticker": "KXHIGHAUS-25MAR15-T77",
            "count": 1,
            "created_time": "2025-03-14T17:30:23.491381Z",
            "yes_price": 8,
            "no_price": 92,
            "taker_side": "no"
        }
    ],
    "KXHIGHAUS-25MAR15-B77.5": [
        {
            "trade_id": "f4ee3029-fc9e-4f37-a6a4-26ce4b3033d2",
            "ticker": "KXHIGHAUS-25MAR15-B77.5",
            "count": 9,
            "created_time": "2025-03-16T02:53:32.347314Z",
            "yes_price": 99,
            "no_price": 1,
            "taker_side": "no"
        },
        {
            "trade_id": "62653ef0-279d-4589-89a2-d2f72f1dc149",
            "ticker": "KXHIGHAUS-25MAR15-B77.5",
            "count": 122,
            "created_time": "2025-03-16T01:45:22.046732Z",
            "yes_price": 99,
            "no_price": 1,
            "taker_side": "no"
        },
        {
            "trade_id": "ba5f3fc8-aea9-480c-8d96-2fd08fc55af9",
            "ticker": "KXHIGHAUS-25MAR15-B77.5",
            "count": 55,
            "created_time": "2025-03-16T00:41:45.593606Z",
            "yes_price": 99,
            "no_price": 1,
            "taker_side": "no"
        },
        {
            "trade_id": "aad92750-6829-42db-8685-ea98e02a063e",
            "ticker": "KXHIGHAUS-25MAR15-B77.5",
            "count": 93,
            "created_time": "2025-03-16T00:21:35.194207Z",
            "yes_price": 99,
            "no_price": 1,
            "taker_side": "no"
        },
        {
            "trade_id": "ce769c04-4696-444f-aae0-9b70d5277843",
            "ticker": "KXHIGHAUS-25MAR15-B77.5",
            "count": 50,
            "created_time": "2025-03-15T23:22:50.181169Z",
            "yes_price": 99,
            "no_price": 1,
            "taker_side": "no"
        },
        {
            "trade_id": "bb26265d-b53b-44ba-a61a-8aff37c39b55",
            "ticker": "KXHIGHAUS-25MAR15-B77.5",
            "count": 640,
            "created_time": "2025-03-15T23:22:50.181169Z",
            "yes_price": 99,
            "no_price": 1,
            "taker_side": "no"
        },
        {
            "trade_id": "8b2fa23a-9c0e-4328-bd2f-86bb00a89d14",
            "ticker": "KXHIGHAUS-25MAR15-B77.5",
            "count": 17,
            "created_time": "2025-03-15T22:36:31.545281Z",
            "yes_price": 99,
            "no_price": 1,
            "taker_side": "no"
        },
        {
            "trade_id": "230bb95c-cea4-4f73-8045-ef2e9053ba41",
            "ticker": "KXHIGHAUS-25MAR15-B77.5",
            "count": 43,
            "created_time": "2025-03-15T22:31:35.750358Z",
            "yes_price": 99,
            "no_price": 1,
            "taker_side": "no"
        },
        {
            "trade_id": "2ca3ed30-3da9-45b7-b2a5-2e0e7dc2ec73",
            "ticker": "KXHIGHAUS-25MAR15-B77.5",
            "count": 90,
            "created_time": "2025-03-15T22:13:58.471916Z",
            "yes_price": 99,
            "no_price": 1,
            "taker_side": "no"
        },
        {
            "trade_id": "dd95a4a6-b48c-47d6-9865-98d87471ff63",
            "ticker": "KXHIGHAUS-25MAR15-B77.5",
            "count": 126,
            "created_time": "2025-03-15T22:00:44.116765Z",
            "yes_price": 99,
            "no_price": 1,
            "taker_side": "no"
        },
        {
            "trade_id": "f5fd8fef-d426-4c61-a573-65f4f4507711",
            "ticker": "KXHIGHAUS-25MAR15-B77.5",
            "count": 20,
            "created_time": "2025-03-15T22:00:27.839123Z",
            "yes_price": 99,
            "no_price": 1,
            "taker_side": "yes"
        },
        {
            "trade_id": "af06bd19-1f1a-4d1e-8656-b7989e076009",
            "ticker": "KXHIGHAUS-25MAR15-B77.5",
            "count": 1000,
            "created_time": "2025-03-15T22:00:27.839123Z",
            "yes_price": 99,
            "no_price": 1,
            "taker_side": "yes"
        },
        {
            "trade_id": "a348c14f-e395-452f-b9cb-a6d64166fd60",
            "ticker": "KXHIGHAUS-25MAR15-B77.5",
            "count": 54,
            "created_time": "2025-03-15T22:00:27.839123Z",
            "yes_price": 99,
            "no_price": 1,
            "taker_side": "yes"
        },
        {
            "trade_id": "0e81d924-b5cc-4f05-a61e-5236e45a8f15",
            "ticker": "KXHIGHAUS-25MAR15-B77.5",
            "count": 100,
            "created_time": "2025-03-15T22:00:27.839123Z",
            "yes_price": 98,
            "no_price": 2,
            "taker_side": "yes"
        },
        {
            "trade_id": "60a206a5-09b6-4438-ac17-b8afaa997a93",
            "ticker": "KXHIGHAUS-25MAR15-B77.5",
            "count": 20,
            "created_time": "2025-03-15T21:53:59.669591Z",
            "yes_price": 95,
            "no_price": 5,
            "taker_side": "no"
        },
        {
            "trade_id": "efbd1721-5868-4c44-883b-a9d812ec5b95",
            "ticker": "KXHIGHAUS-25MAR15-B77.5",
            "count": 100,
            "created_time": "2025-03-15T21:47:36.063319Z",
            "yes_price": 97,
            "no_price": 3,
            "taker_side": "yes"
        },
        {
            "trade_id": "0af9e6ef-6b6e-4d0f-8cdf-f006f541e81e",
            "ticker": "KXHIGHAUS-25MAR15-B77.5",
            "count": 6,
            "created_time": "2025-03-15T21:47:36.063319Z",
            "yes_price": 96,
            "no_price": 4,
            "taker_side": "yes"
        },
        {
            "trade_id": "8a3075a6-1e80-4780-a80d-78adf49e9ccd",
            "ticker": "KXHIGHAUS-25MAR15-B77.5",
            "count": 1,
            "created_time": "2025-03-15T21:44:11.608194Z",
            "yes_price": 96,
            "no_price": 4,
            "taker_side": "yes"
        },
        {
            "trade_id": "2087108a-69b5-4f43-b104-982c47a60448",
            "ticker": "KXHIGHAUS-25MAR15-B77.5",
            "count": 25,
            "created_time": "2025-03-15T21:44:11.608194Z",
            "yes_price": 96,
            "no_price": 4,
            "taker_side": "yes"
        },
        {
            "trade_id": "57667e14-9c5d-406c-8402-69c3a02441d1",
            "ticker": "KXHIGHAUS-25MAR15-B77.5",
            "count": 385,
            "created_time": "2025-03-15T21:18:13.515369Z",
            "yes_price": 88,
            "no_price": 12,
            "taker_side": "no"
        },
        {
            "trade_id": "2551ed3a-8796-4b5b-9fba-da55f631745e",
            "ticker": "KXHIGHAUS-25MAR15-B77.5",
            "count": 14,
            "created_time": "2025-03-15T21:18:13.515369Z",
            "yes_price": 88,
            "no_price": 12,
            "taker_side": "no"
        },
        {
            "trade_id": "a5b5583f-68e0-459c-ba45-479dd0a99255",
            "ticker": "KXHIGHAUS-25MAR15-B77.5",
            "count": 153,
            "created_time": "2025-03-15T21:11:52.091528Z",
            "yes_price": 88,
            "no_price": 12,
            "taker_side": "no"
        },
        {
            "trade_id": "de6b06b2-9049-4bff-a4c2-2077e4ed3e3a",
            "ticker": "KXHIGHAUS-25MAR15-B77.5",
            "count": 7,
            "created_time": "2025-03-15T21:11:37.063203Z",
            "yes_price": 96,
            "no_price": 4,
            "taker_side": "yes"
        },
        {
            "trade_id": "80ff033b-15f1-4b7e-9927-ffeb2270b53e",
            "ticker": "KXHIGHAUS-25MAR15-B77.5",
            "count": 7,
            "created_time": "2025-03-15T21:04:46.516566Z",
            "yes_price": 88,
            "no_price": 12,
            "taker_side": "no"
        },
        {
            "trade_id": "97794e82-5743-4914-940e-a358a7a62078",
            "ticker": "KXHIGHAUS-25MAR15-B77.5",
            "count": 8,
            "created_time": "2025-03-15T21:03:50.583857Z",
            "yes_price": 84,
            "no_price": 16,
            "taker_side": "no"
        },
        {
            "trade_id": "fa2acd84-ce97-4ae3-b2cf-f2c8988da968",
            "ticker": "KXHIGHAUS-25MAR15-B77.5",
            "count": 19,
            "created_time": "2025-03-15T21:02:54.228812Z",
            "yes_price": 87,
            "no_price": 13,
            "taker_side": "no"
        },
        {
            "trade_id": "f032c2d3-d0b5-40d4-8d6e-25f1c31ac60d",
            "ticker": "KXHIGHAUS-25MAR15-B77.5",
            "count": 255,
            "created_time": "2025-03-15T21:02:54.228812Z",
            "yes_price": 86,
            "no_price": 14,
            "taker_side": "no"
        },
        {
            "trade_id": "5e525c74-bb81-4cc3-bff1-0b38bfa44b43",
            "ticker": "KXHIGHAUS-25MAR15-B77.5",
            "count": 102,
            "created_time": "2025-03-15T21:02:54.228812Z",
            "yes_price": 94,
            "no_price": 6,
            "taker_side": "no"
        },
        {
            "trade_id": "2255e914-c0aa-4d3e-8b6f-491b73888077",
            "ticker": "KXHIGHAUS-25MAR15-B77.5",
            "count": 284,
            "created_time": "2025-03-15T21:02:54.228812Z",
            "yes_price": 85,
            "no_price": 15,
            "taker_side": "no"
        },
        {
            "trade_id": "1f4de45b-e1e3-4308-bd66-c9ef3a4c3aad",
            "ticker": "KXHIGHAUS-25MAR15-B77.5",
            "count": 19,
            "created_time": "2025-03-15T21:02:54.228812Z",
            "yes_price": 91,
            "no_price": 9,
            "taker_side": "no"
        },
        {
            "trade_id": "0ad4676c-0ef6-4acf-9b34-e44f12ca4d05",
            "ticker": "KXHIGHAUS-25MAR15-B77.5",
            "count": 172,
            "created_time": "2025-03-15T21:02:54.228812Z",
            "yes_price": 95,
            "no_price": 5,
            "taker_side": "no"
        },
        {
            "trade_id": "1a2ebcc1-957a-44c6-a5cd-e3cd2204e8a6",
            "ticker": "KXHIGHAUS-25MAR15-B77.5",
            "count": 28,
            "created_time": "2025-03-15T21:02:12.452716Z",
            "yes_price": 95,
            "no_price": 5,
            "taker_side": "no"
        },
        {
            "trade_id": "dbc4758f-3d1e-4817-819c-65e305fdb003",
            "ticker": "KXHIGHAUS-25MAR15-B77.5",
            "count": 15,
            "created_time": "2025-03-15T21:01:43.21445Z",
            "yes_price": 96,
            "no_price": 4,
            "taker_side": "yes"
        },
        {
            "trade_id": "6f78e589-d07f-4e87-81a1-a6b1eda3c576",
            "ticker": "KXHIGHAUS-25MAR15-B77.5",
            "count": 800,
            "created_time": "2025-03-15T21:01:09.543669Z",
            "yes_price": 95,
            "no_price": 5,
            "taker_side": "yes"
        },
        {
            "trade_id": "9f397c0a-28c7-4918-beea-a033db597b16",
            "ticker": "KXHIGHAUS-25MAR15-B77.5",
            "count": 198,
            "created_time": "2025-03-15T21:00:28.381522Z",
            "yes_price": 94,
            "no_price": 6,
            "taker_side": "no"
        },
        {
            "trade_id": "e2558bc6-6c6b-428f-9f4a-50cea6ee66b6",
            "ticker": "KXHIGHAUS-25MAR15-B77.5",
            "count": 5,
            "created_time": "2025-03-15T20:56:26.29157Z",
            "yes_price": 86,
            "no_price": 14,
            "taker_side": "no"
        },
        {
            "trade_id": "1bd81c27-303c-4a2c-85c0-0b03c6ed22b8",
            "ticker": "KXHIGHAUS-25MAR15-B77.5",
            "count": 104,
            "created_time": "2025-03-15T20:56:26.29157Z",
            "yes_price": 85,
            "no_price": 15,
            "taker_side": "no"
        },
        {
            "trade_id": "d08ab0db-67fc-4fff-9e32-eeb2f0526bcb",
            "ticker": "KXHIGHAUS-25MAR15-B77.5",
            "count": 18,
            "created_time": "2025-03-15T20:54:56.837638Z",
            "yes_price": 94,
            "no_price": 6,
            "taker_side": "yes"
        },
        {
            "trade_id": "af71de5a-4841-4bb0-9ce0-4944f2cb821d",
            "ticker": "KXHIGHAUS-25MAR15-B77.5",
            "count": 5,
            "created_time": "2025-03-15T20:54:56.837638Z",
            "yes_price": 93,
            "no_price": 7,
            "taker_side": "yes"
        },
        {
            "trade_id": "796d68e4-cf76-4b4a-b68a-91f9a1441910",
            "ticker": "KXHIGHAUS-25MAR15-B77.5",
            "count": 14,
            "created_time": "2025-03-15T20:53:46.358418Z",
            "yes_price": 91,
            "no_price": 9,
            "taker_side": "yes"
        },
        {
            "trade_id": "3010da22-46c4-477b-9783-42f1cfbc8e00",
            "ticker": "KXHIGHAUS-25MAR15-B77.5",
            "count": 100,
            "created_time": "2025-03-15T20:53:46.358418Z",
            "yes_price": 92,
            "no_price": 8,
            "taker_side": "yes"
        },
        {
            "trade_id": "df075d09-8607-42e7-b384-ee99e594afb4",
            "ticker": "KXHIGHAUS-25MAR15-B77.5",
            "count": 100,
            "created_time": "2025-03-15T20:50:22.559385Z",
            "yes_price": 80,
            "no_price": 20,
            "taker_side": "yes"
        },
        {
            "trade_id": "bf25fe88-ae65-485f-b166-89393a261af9",
            "ticker": "KXHIGHAUS-25MAR15-B77.5",
            "count": 128,
            "created_time": "2025-03-15T20:50:22.559385Z",
            "yes_price": 80,
            "no_price": 20,
            "taker_side": "yes"
        },
        {
            "trade_id": "27ec278a-0680-4375-a037-2b9234a99fbe",
            "ticker": "KXHIGHAUS-25MAR15-B77.5",
            "count": 9,
            "created_time": "2025-03-15T20:49:28.59655Z",
            "yes_price": 80,
            "no_price": 20,
            "taker_side": "yes"
        },
        {
            "trade_id": "3e160793-8a6d-47e2-8c26-800d1cfa0645",
            "ticker": "KXHIGHAUS-25MAR15-B77.5",
            "count": 9,
            "created_time": "2025-03-15T20:46:30.034701Z",
            "yes_price": 62,
            "no_price": 38,
            "taker_side": "no"
        },
        {
            "trade_id": "a3dabe6f-f571-4364-9d8b-77fc35266550",
            "ticker": "KXHIGHAUS-25MAR15-B77.5",
            "count": 5,
            "created_time": "2025-03-15T20:45:58.750552Z",
            "yes_price": 62,
            "no_price": 38,
            "taker_side": "no"
        },
        {
            "trade_id": "3859d2b7-7136-4ad9-bfbe-0cbd7003a41d",
            "ticker": "KXHIGHAUS-25MAR15-B77.5",
            "count": 4,
            "created_time": "2025-03-15T20:45:43.088036Z",
            "yes_price": 60,
            "no_price": 40,
            "taker_side": "no"
        },
        {
            "trade_id": "fe3ab1f7-2eba-49d9-bace-904f1c1f2388",
            "ticker": "KXHIGHAUS-25MAR15-B77.5",
            "count": 20,
            "created_time": "2025-03-15T20:45:40.04612Z",
            "yes_price": 61,
            "no_price": 39,
            "taker_side": "no"
        },
        {
            "trade_id": "3905d9e0-c03d-494e-9581-db226e0408f8",
            "ticker": "KXHIGHAUS-25MAR15-B77.5",
            "count": 50,
            "created_time": "2025-03-15T20:45:40.04612Z",
            "yes_price": 60,
            "no_price": 40,
            "taker_side": "no"
        },
        {
            "trade_id": "11aeecc1-d528-43f8-98d1-8c8a74bfe3db",
            "ticker": "KXHIGHAUS-25MAR15-B77.5",
            "count": 30,
            "created_time": "2025-03-15T20:45:40.04612Z",
            "yes_price": 61,
            "no_price": 39,
            "taker_side": "no"
        },
        {
            "trade_id": "7bbed1ad-80f3-460c-af27-763682c7b62c",
            "ticker": "KXHIGHAUS-25MAR15-B77.5",
            "count": 1,
            "created_time": "2025-03-15T20:45:30.285Z",
            "yes_price": 80,
            "no_price": 20,
            "taker_side": "yes"
        },
        {
            "trade_id": "6cd7362c-5ef6-4503-99bb-5cdacb522c6b",
            "ticker": "KXHIGHAUS-25MAR15-B77.5",
            "count": 99,
            "created_time": "2025-03-15T20:43:45.032131Z",
            "yes_price": 80,
            "no_price": 20,
            "taker_side": "yes"
        },
        {
            "trade_id": "bf1d5efc-e9fe-45cd-96d8-08ca1e17e2c3",
            "ticker": "KXHIGHAUS-25MAR15-B77.5",
            "count": 30,
            "created_time": "2025-03-15T20:42:47.495429Z",
            "yes_price": 79,
            "no_price": 21,
            "taker_side": "yes"
        },
        {
            "trade_id": "8b984788-cab0-4628-8e9e-a6d77aa71bf6",
            "ticker": "KXHIGHAUS-25MAR15-B77.5",
            "count": 57,
            "created_time": "2025-03-15T20:42:47.495429Z",
            "yes_price": 80,
            "no_price": 20,
            "taker_side": "yes"
        },
        {
            "trade_id": "509aedc6-16c3-4618-aa46-59549a6b15f0",
            "ticker": "KXHIGHAUS-25MAR15-B77.5",
            "count": 55,
            "created_time": "2025-03-15T20:42:47.495429Z",
            "yes_price": 80,
            "no_price": 20,
            "taker_side": "yes"
        },
        {
            "trade_id": "58a6ce87-1914-4793-891a-d8b918d0801f",
            "ticker": "KXHIGHAUS-25MAR15-B77.5",
            "count": 129,
            "created_time": "2025-03-15T20:39:25.789077Z",
            "yes_price": 76,
            "no_price": 24,
            "taker_side": "yes"
        },
        {
            "trade_id": "7656b190-db2b-457a-a3a7-49f60e8056d1",
            "ticker": "KXHIGHAUS-25MAR15-B77.5",
            "count": 126,
            "created_time": "2025-03-15T20:38:05.374064Z",
            "yes_price": 78,
            "no_price": 22,
            "taker_side": "yes"
        },
        {
            "trade_id": "fa94e0af-2848-46b5-a93f-cf95ea265b7c",
            "ticker": "KXHIGHAUS-25MAR15-B77.5",
            "count": 10,
            "created_time": "2025-03-15T20:38:01.256134Z",
            "yes_price": 77,
            "no_price": 23,
            "taker_side": "yes"
        },
        {
            "trade_id": "3b46afff-24ab-4936-82bc-4d4190b00311",
            "ticker": "KXHIGHAUS-25MAR15-B77.5",
            "count": 80,
            "created_time": "2025-03-15T20:38:01.256134Z",
            "yes_price": 78,
            "no_price": 22,
            "taker_side": "yes"
        },
        {
            "trade_id": "220160e8-9948-46e5-a2b4-4a7103993de5",
            "ticker": "KXHIGHAUS-25MAR15-B77.5",
            "count": 6,
            "created_time": "2025-03-15T20:38:01.256134Z",
            "yes_price": 77,
            "no_price": 23,
            "taker_side": "yes"
        },
        {
            "trade_id": "01ada0f6-b40c-476e-b831-ce056a94a642",
            "ticker": "KXHIGHAUS-25MAR15-B77.5",
            "count": 30,
            "created_time": "2025-03-15T20:38:01.256134Z",
            "yes_price": 77,
            "no_price": 23,
            "taker_side": "yes"
        },
        {
            "trade_id": "d71b0561-3073-4174-adc0-aeb4b7461d53",
            "ticker": "KXHIGHAUS-25MAR15-B77.5",
            "count": 14,
            "created_time": "2025-03-15T20:35:35.821598Z",
            "yes_price": 79,
            "no_price": 21,
            "taker_side": "yes"
        },
        {
            "trade_id": "a077b3d0-92d2-47c9-91be-240673c53934",
            "ticker": "KXHIGHAUS-25MAR15-B77.5",
            "count": 1,
            "created_time": "2025-03-15T20:35:35.821598Z",
            "yes_price": 65,
            "no_price": 35,
            "taker_side": "yes"
        },
        {
            "trade_id": "9c41d40e-b04b-4a1b-9fd8-933dbbdca7db",
            "ticker": "KXHIGHAUS-25MAR15-B77.5",
            "count": 2,
            "created_time": "2025-03-15T20:35:35.821598Z",
            "yes_price": 75,
            "no_price": 25,
            "taker_side": "yes"
        },
        {
            "trade_id": "dcb6720d-ecd4-4e79-b16e-837fb786eedd",
            "ticker": "KXHIGHAUS-25MAR15-B77.5",
            "count": 29,
            "created_time": "2025-03-15T20:30:30.645685Z",
            "yes_price": 65,
            "no_price": 35,
            "taker_side": "yes"
        },
        {
            "trade_id": "5bbd9c37-9471-4590-89bf-76341676700b",
            "ticker": "KXHIGHAUS-25MAR15-B77.5",
            "count": 5,
            "created_time": "2025-03-15T20:30:30.645685Z",
            "yes_price": 41,
            "no_price": 59,
            "taker_side": "yes"
        },
        {
            "trade_id": "1845c3fc-292c-4e3b-b155-bb65141f1778",
            "ticker": "KXHIGHAUS-25MAR15-B77.5",
            "count": 20,
            "created_time": "2025-03-15T20:30:30.645685Z",
            "yes_price": 64,
            "no_price": 36,
            "taker_side": "yes"
        },
        {
            "trade_id": "b8fec07f-92be-41fc-a9f3-a03376ba2707",
            "ticker": "KXHIGHAUS-25MAR15-B77.5",
            "count": 50,
            "created_time": "2025-03-15T20:27:16.397748Z",
            "yes_price": 19,
            "no_price": 81,
            "taker_side": "no"
        },
        {
            "trade_id": "982f3efa-1097-4cdc-aeb1-38099c0ff68b",
            "ticker": "KXHIGHAUS-25MAR15-B77.5",
            "count": 358,
            "created_time": "2025-03-15T20:27:07.261134Z",
            "yes_price": 32,
            "no_price": 68,
            "taker_side": "no"
        },
        {
            "trade_id": "86c4057f-00bd-405d-8a4c-d074689cf09c",
            "ticker": "KXHIGHAUS-25MAR15-B77.5",
            "count": 142,
            "created_time": "2025-03-15T20:26:26.621195Z",
            "yes_price": 32,
            "no_price": 68,
            "taker_side": "no"
        },
        {
            "trade_id": "36d04633-15a7-4816-9326-a07a78db49dc",
            "ticker": "KXHIGHAUS-25MAR15-B77.5",
            "count": 14,
            "created_time": "2025-03-15T19:13:43.433592Z",
            "yes_price": 30,
            "no_price": 70,
            "taker_side": "no"
        },
        {
            "trade_id": "bce96bad-6a43-4624-b272-7ff45d768e82",
            "ticker": "KXHIGHAUS-25MAR15-B77.5",
            "count": 18,
            "created_time": "2025-03-15T19:12:39.682377Z",
            "yes_price": 31,
            "no_price": 69,
            "taker_side": "no"
        },
        {
            "trade_id": "60f21975-622f-47ca-b6a1-4d2180eea894",
            "ticker": "KXHIGHAUS-25MAR15-B77.5",
            "count": 31,
            "created_time": "2025-03-15T19:07:58.159735Z",
            "yes_price": 34,
            "no_price": 66,
            "taker_side": "yes"
        },
        {
            "trade_id": "625b37db-e740-4e0a-a667-3344f6e0201b",
            "ticker": "KXHIGHAUS-25MAR15-B77.5",
            "count": 12,
            "created_time": "2025-03-15T19:07:17.551272Z",
            "yes_price": 36,
            "no_price": 64,
            "taker_side": "no"
        },
        {
            "trade_id": "8afa5357-d702-45ea-9e8f-d5e2223a8a13",
            "ticker": "KXHIGHAUS-25MAR15-B77.5",
            "count": 19,
            "created_time": "2025-03-15T19:06:46.175898Z",
            "yes_price": 33,
            "no_price": 67,
            "taker_side": "yes"
        },
        {
            "trade_id": "0d949483-1b01-4329-87eb-2b8592072284",
            "ticker": "KXHIGHAUS-25MAR15-B77.5",
            "count": 15,
            "created_time": "2025-03-15T19:06:46.175898Z",
            "yes_price": 35,
            "no_price": 65,
            "taker_side": "yes"
        },
        {
            "trade_id": "5c3314d6-56fe-482f-8a23-2885641b0ef9",
            "ticker": "KXHIGHAUS-25MAR15-B77.5",
            "count": 11,
            "created_time": "2025-03-15T19:02:42.84207Z",
            "yes_price": 26,
            "no_price": 74,
            "taker_side": "no"
        },
        {
            "trade_id": "ca63a81b-f36b-4fee-a9ac-ae041713f265",
            "ticker": "KXHIGHAUS-25MAR15-B77.5",
            "count": 1,
            "created_time": "2025-03-15T18:55:59.276058Z",
            "yes_price": 28,
            "no_price": 72,
            "taker_side": "yes"
        },
        {
            "trade_id": "f58544d4-b7b0-4c6d-9ead-bfc0ae197cf9",
            "ticker": "KXHIGHAUS-25MAR15-B77.5",
            "count": 36,
            "created_time": "2025-03-15T18:49:24.87382Z",
            "yes_price": 18,
            "no_price": 82,
            "taker_side": "no"
        },
        {
            "trade_id": "f3899706-7215-45ac-9c32-987e177ac44e",
            "ticker": "KXHIGHAUS-25MAR15-B77.5",
            "count": 29,
            "created_time": "2025-03-15T18:49:24.87382Z",
            "yes_price": 18,
            "no_price": 82,
            "taker_side": "no"
        },
        {
            "trade_id": "7d611087-9ca1-4c85-9856-57f3145ea3f7",
            "ticker": "KXHIGHAUS-25MAR15-B77.5",
            "count": 55,
            "created_time": "2025-03-15T18:49:24.87382Z",
            "yes_price": 17,
            "no_price": 83,
            "taker_side": "no"
        },
        {
            "trade_id": "8347ea19-3f05-4ec1-a546-216b30bf765c",
            "ticker": "KXHIGHAUS-25MAR15-B77.5",
            "count": 31,
            "created_time": "2025-03-15T18:42:13.876636Z",
            "yes_price": 18,
            "no_price": 82,
            "taker_side": "no"
        },
        {
            "trade_id": "3d69f7fa-b17c-48a8-8437-da8fed823864",
            "ticker": "KXHIGHAUS-25MAR15-B77.5",
            "count": 50,
            "created_time": "2025-03-15T18:41:59.654944Z",
            "yes_price": 18,
            "no_price": 82,
            "taker_side": "no"
        },
        {
            "trade_id": "8f6e847a-3b2e-47ed-a600-48cb5b8d1ba3",
            "ticker": "KXHIGHAUS-25MAR15-B77.5",
            "count": 70,
            "created_time": "2025-03-15T18:41:10.602247Z",
            "yes_price": 18,
            "no_price": 82,
            "taker_side": "no"
        },
        {
            "trade_id": "a5963acf-fa66-454d-8ba7-f9ace92e0db0",
            "ticker": "KXHIGHAUS-25MAR15-B77.5",
            "count": 25,
            "created_time": "2025-03-15T18:40:51.406375Z",
            "yes_price": 18,
            "no_price": 82,
            "taker_side": "no"
        },
        {
            "trade_id": "3d4b0996-aaee-489f-83e5-ed501a00fa8a",
            "ticker": "KXHIGHAUS-25MAR15-B77.5",
            "count": 59,
            "created_time": "2025-03-15T18:40:40.414391Z",
            "yes_price": 18,
            "no_price": 82,
            "taker_side": "no"
        },
        {
            "trade_id": "30e8a813-0262-42c3-965a-c1500b3c4589",
            "ticker": "KXHIGHAUS-25MAR15-B77.5",
            "count": 5,
            "created_time": "2025-03-15T18:25:21.767375Z",
            "yes_price": 18,
            "no_price": 82,
            "taker_side": "no"
        },
        {
            "trade_id": "a6b892e3-0e97-4498-a554-a9923b5102fc",
            "ticker": "KXHIGHAUS-25MAR15-B77.5",
            "count": 5,
            "created_time": "2025-03-15T18:25:07.45194Z",
            "yes_price": 19,
            "no_price": 81,
            "taker_side": "no"
        },
        {
            "trade_id": "3e98a830-4ae6-45b6-a082-ca0694c0b5d7",
            "ticker": "KXHIGHAUS-25MAR15-B77.5",
            "count": 5,
            "created_time": "2025-03-15T18:25:07.45194Z",
            "yes_price": 18,
            "no_price": 82,
            "taker_side": "no"
        },
        {
            "trade_id": "3f42dc5f-38e8-4ccc-9180-9b68fafa28e4",
            "ticker": "KXHIGHAUS-25MAR15-B77.5",
            "count": 10,
            "created_time": "2025-03-15T18:24:39.350313Z",
            "yes_price": 18,
            "no_price": 82,
            "taker_side": "no"
        },
        {
            "trade_id": "be9e96b7-8846-454d-9eda-55f892955377",
            "ticker": "KXHIGHAUS-25MAR15-B77.5",
            "count": 10,
            "created_time": "2025-03-15T18:21:21.222051Z",
            "yes_price": 18,
            "no_price": 82,
            "taker_side": "no"
        },
        {
            "trade_id": "66d4dc5b-765f-43bc-873c-4c8f1c9f2675",
            "ticker": "KXHIGHAUS-25MAR15-B77.5",
            "count": 15,
            "created_time": "2025-03-15T18:21:13.334113Z",
            "yes_price": 18,
            "no_price": 82,
            "taker_side": "no"
        },
        {
            "trade_id": "1131619f-15bd-47d2-ba2a-3f4ae284d1eb",
            "ticker": "KXHIGHAUS-25MAR15-B77.5",
            "count": 25,
            "created_time": "2025-03-15T18:20:53.564753Z",
            "yes_price": 18,
            "no_price": 82,
            "taker_side": "no"
        },
        {
            "trade_id": "9e371ddf-f0da-4c35-afde-cdaeae962785",
            "ticker": "KXHIGHAUS-25MAR15-B77.5",
            "count": 5,
            "created_time": "2025-03-15T18:20:31.060174Z",
            "yes_price": 19,
            "no_price": 81,
            "taker_side": "no"
        },
        {
            "trade_id": "48e80c4e-5cd6-4b31-a5f4-996b0b42af71",
            "ticker": "KXHIGHAUS-25MAR15-B77.5",
            "count": 22,
            "created_time": "2025-03-15T18:20:31.060174Z",
            "yes_price": 18,
            "no_price": 82,
            "taker_side": "no"
        },
        {
            "trade_id": "a94603dc-df85-4833-9745-0fc5b434c125",
            "ticker": "KXHIGHAUS-25MAR15-B77.5",
            "count": 4,
            "created_time": "2025-03-15T18:19:58.803936Z",
            "yes_price": 19,
            "no_price": 81,
            "taker_side": "no"
        },
        {
            "trade_id": "5be5baf9-f391-4257-a56a-648574e0b46f",
            "ticker": "KXHIGHAUS-25MAR15-B77.5",
            "count": 46,
            "created_time": "2025-03-15T18:19:58.803936Z",
            "yes_price": 18,
            "no_price": 82,
            "taker_side": "no"
        },
        {
            "trade_id": "ddab058f-ef55-472f-8317-9601f910b700",
            "ticker": "KXHIGHAUS-25MAR15-B77.5",
            "count": 45,
            "created_time": "2025-03-15T18:19:36.321023Z",
            "yes_price": 18,
            "no_price": 82,
            "taker_side": "no"
        },
        {
            "trade_id": "71cfac5d-7596-4d47-9b4f-bd03a76ea8d8",
            "ticker": "KXHIGHAUS-25MAR15-B77.5",
            "count": 5,
            "created_time": "2025-03-15T18:19:36.321023Z",
            "yes_price": 19,
            "no_price": 81,
            "taker_side": "no"
        },
        {
            "trade_id": "bcedc9a9-2859-4575-b510-91216c751e4c",
            "ticker": "KXHIGHAUS-25MAR15-B77.5",
            "count": 5,
            "created_time": "2025-03-15T18:19:29.539334Z",
            "yes_price": 19,
            "no_price": 81,
            "taker_side": "no"
        },
        {
            "trade_id": "572b8dff-0c96-4a14-bffa-2d78104bdf1d",
            "ticker": "KXHIGHAUS-25MAR15-B77.5",
            "count": 53,
            "created_time": "2025-03-15T18:19:29.539334Z",
            "yes_price": 18,
            "no_price": 82,
            "taker_side": "no"
        },
        {
            "trade_id": "1280403d-0e03-44b5-8699-9a73bc2a3faf",
            "ticker": "KXHIGHAUS-25MAR15-B77.5",
            "count": 5,
            "created_time": "2025-03-15T18:18:09.215546Z",
            "yes_price": 19,
            "no_price": 81,
            "taker_side": "no"
        },
        {
            "trade_id": "c99da8ac-7361-4e41-95a0-a6163e2fedbc",
            "ticker": "KXHIGHAUS-25MAR15-B77.5",
            "count": 5,
            "created_time": "2025-03-15T18:18:02.78942Z",
            "yes_price": 19,
            "no_price": 81,
            "taker_side": "no"
        },
        {
            "trade_id": "43cf61aa-8805-4f2e-9c51-8d3af62a8e49",
            "ticker": "KXHIGHAUS-25MAR15-B77.5",
            "count": 10,
            "created_time": "2025-03-15T18:17:35.857115Z",
            "yes_price": 18,
            "no_price": 82,
            "taker_side": "no"
        },
        {
            "trade_id": "0c7a8268-6127-41d7-9024-7b8e3f71961c",
            "ticker": "KXHIGHAUS-25MAR15-B77.5",
            "count": 10,
            "created_time": "2025-03-15T18:17:09.823314Z",
            "yes_price": 18,
            "no_price": 82,
            "taker_side": "no"
        },
        {
            "trade_id": "21403234-0def-4097-a51c-9061db4efc12",
            "ticker": "KXHIGHAUS-25MAR15-B77.5",
            "count": 10,
            "created_time": "2025-03-15T18:17:00.733382Z",
            "yes_price": 18,
            "no_price": 82,
            "taker_side": "no"
        },
        {
            "trade_id": "1e232584-3e07-473c-a995-c1aadb77cf59",
            "ticker": "KXHIGHAUS-25MAR15-B77.5",
            "count": 5,
            "created_time": "2025-03-15T18:16:34.715637Z",
            "yes_price": 19,
            "no_price": 81,
            "taker_side": "no"
        },
        {
            "trade_id": "ea860621-83c7-4c99-be78-e1785613fe00",
            "ticker": "KXHIGHAUS-25MAR15-B77.5",
            "count": 20,
            "created_time": "2025-03-15T18:16:26.178285Z",
            "yes_price": 18,
            "no_price": 82,
            "taker_side": "no"
        },
        {
            "trade_id": "b3327eb9-3045-4ee7-9e4a-54db329fff6f",
            "ticker": "KXHIGHAUS-25MAR15-B77.5",
            "count": 5,
            "created_time": "2025-03-15T18:15:43.785Z",
            "yes_price": 19,
            "no_price": 81,
            "taker_side": "no"
        },
        {
            "trade_id": "a781ac69-30ab-483d-9854-edaee34fc3d4",
            "ticker": "KXHIGHAUS-25MAR15-B77.5",
            "count": 1,
            "created_time": "2025-03-15T18:15:43.785Z",
            "yes_price": 18,
            "no_price": 82,
            "taker_side": "no"
        },
        {
            "trade_id": "8c34e527-f361-42c2-957b-b5f0369f62a1",
            "ticker": "KXHIGHAUS-25MAR15-B77.5",
            "count": 7,
            "created_time": "2025-03-15T18:15:43.785Z",
            "yes_price": 18,
            "no_price": 82,
            "taker_side": "no"
        },
        {
            "trade_id": "746fe5c9-e87f-419a-a337-4ddc07cff7fa",
            "ticker": "KXHIGHAUS-25MAR15-B77.5",
            "count": 12,
            "created_time": "2025-03-15T18:15:43.785Z",
            "yes_price": 20,
            "no_price": 80,
            "taker_side": "no"
        },
        {
            "trade_id": "2fb62d43-0913-4b01-9c7c-8dd05014a40f",
            "ticker": "KXHIGHAUS-25MAR15-B77.5",
            "count": 25,
            "created_time": "2025-03-15T18:15:36.058203Z",
            "yes_price": 19,
            "no_price": 81,
            "taker_side": "no"
        },
        {
            "trade_id": "cf7d0c12-2cd3-4e05-9c4a-0f98b0e11230",
            "ticker": "KXHIGHAUS-25MAR15-B77.5",
            "count": 33,
            "created_time": "2025-03-15T18:15:02.260375Z",
            "yes_price": 21,
            "no_price": 79,
            "taker_side": "no"
        },
        {
            "trade_id": "4003395c-3e89-446c-84f1-d4ab51244eb7",
            "ticker": "KXHIGHAUS-25MAR15-B77.5",
            "count": 17,
            "created_time": "2025-03-15T18:15:02.260375Z",
            "yes_price": 22,
            "no_price": 78,
            "taker_side": "no"
        },
        {
            "trade_id": "b7ce5767-17d3-4fb9-b3af-f721ca924a5c",
            "ticker": "KXHIGHAUS-25MAR15-B77.5",
            "count": 20,
            "created_time": "2025-03-15T18:14:35.8571Z",
            "yes_price": 22,
            "no_price": 78,
            "taker_side": "no"
        },
        {
            "trade_id": "b2dd7d2a-1547-477b-bcda-816fe04ffc55",
            "ticker": "KXHIGHAUS-25MAR15-B77.5",
            "count": 6,
            "created_time": "2025-03-15T18:14:35.8571Z",
            "yes_price": 21,
            "no_price": 79,
            "taker_side": "no"
        },
        {
            "trade_id": "4889bf76-317f-4241-8a13-23daa6586266",
            "ticker": "KXHIGHAUS-25MAR15-B77.5",
            "count": 24,
            "created_time": "2025-03-15T18:14:35.8571Z",
            "yes_price": 23,
            "no_price": 77,
            "taker_side": "no"
        },
        {
            "trade_id": "584d075e-eedb-4628-b5ea-a06da1c2f807",
            "ticker": "KXHIGHAUS-25MAR15-B77.5",
            "count": 29,
            "created_time": "2025-03-15T18:14:11.75972Z",
            "yes_price": 22,
            "no_price": 78,
            "taker_side": "no"
        },
        {
            "trade_id": "297a4bed-d9df-4aae-be9b-d7978bf7f092",
            "ticker": "KXHIGHAUS-25MAR15-B77.5",
            "count": 21,
            "created_time": "2025-03-15T18:14:11.75972Z",
            "yes_price": 21,
            "no_price": 79,
            "taker_side": "no"
        },
        {
            "trade_id": "a7b0e2cc-8477-4a3b-b4ad-00d3726c658c",
            "ticker": "KXHIGHAUS-25MAR15-B77.5",
            "count": 19,
            "created_time": "2025-03-15T18:14:02.778998Z",
            "yes_price": 22,
            "no_price": 78,
            "taker_side": "no"
        },
        {
            "trade_id": "a192cfc8-cd1c-421c-a21b-78b7e8c0b192",
            "ticker": "KXHIGHAUS-25MAR15-B77.5",
            "count": 31,
            "created_time": "2025-03-15T18:14:02.778998Z",
            "yes_price": 23,
            "no_price": 77,
            "taker_side": "no"
        },
        {
            "trade_id": "c65c0fd4-862e-4e6a-ade9-9a8e9cee8e17",
            "ticker": "KXHIGHAUS-25MAR15-B77.5",
            "count": 50,
            "created_time": "2025-03-15T18:13:26.913389Z",
            "yes_price": 24,
            "no_price": 76,
            "taker_side": "no"
        },
        {
            "trade_id": "9a9715b5-a965-432d-8be0-72a1a788a4e2",
            "ticker": "KXHIGHAUS-25MAR15-B77.5",
            "count": 50,
            "created_time": "2025-03-15T18:13:19.846156Z",
            "yes_price": 25,
            "no_price": 75,
            "taker_side": "no"
        },
        {
            "trade_id": "a58b1a52-d332-4f93-bb4e-b8eaed7d9f49",
            "ticker": "KXHIGHAUS-25MAR15-B77.5",
            "count": 15,
            "created_time": "2025-03-15T18:12:14.02375Z",
            "yes_price": 26,
            "no_price": 74,
            "taker_side": "no"
        },
        {
            "trade_id": "67cd326f-70ee-4fe6-abca-77dc6cc5d904",
            "ticker": "KXHIGHAUS-25MAR15-B77.5",
            "count": 100,
            "created_time": "2025-03-15T18:12:14.02375Z",
            "yes_price": 30,
            "no_price": 70,
            "taker_side": "no"
        },
        {
            "trade_id": "55b64187-bdae-479b-8497-e573da445606",
            "ticker": "KXHIGHAUS-25MAR15-B77.5",
            "count": 16,
            "created_time": "2025-03-15T18:12:14.02375Z",
            "yes_price": 31,
            "no_price": 69,
            "taker_side": "no"
        },
        {
            "trade_id": "30bd2e09-4e88-4784-8f7b-ac3006f1232f",
            "ticker": "KXHIGHAUS-25MAR15-B77.5",
            "count": 19,
            "created_time": "2025-03-15T18:12:14.02375Z",
            "yes_price": 27,
            "no_price": 73,
            "taker_side": "no"
        },
        {
            "trade_id": "b2bb38ff-1438-41c5-b358-2a99d8d3a079",
            "ticker": "KXHIGHAUS-25MAR15-B77.5",
            "count": 38,
            "created_time": "2025-03-15T18:08:23.972218Z",
            "yes_price": 30,
            "no_price": 70,
            "taker_side": "yes"
        },
        {
            "trade_id": "09841983-6443-4457-b86a-96667a7d8e2b",
            "ticker": "KXHIGHAUS-25MAR15-B77.5",
            "count": 5,
            "created_time": "2025-03-15T18:07:09.331216Z",
            "yes_price": 25,
            "no_price": 75,
            "taker_side": "no"
        },
        {
            "trade_id": "9ee4ef52-bbb0-431f-ae55-135432a0e026",
            "ticker": "KXHIGHAUS-25MAR15-B77.5",
            "count": 5,
            "created_time": "2025-03-15T18:07:03.09342Z",
            "yes_price": 25,
            "no_price": 75,
            "taker_side": "no"
        },
        {
            "trade_id": "a6cda806-3087-4208-83f9-84686bf6d10f",
            "ticker": "KXHIGHAUS-25MAR15-B77.5",
            "count": 10,
            "created_time": "2025-03-15T18:06:10.21956Z",
            "yes_price": 25,
            "no_price": 75,
            "taker_side": "no"
        },
        {
            "trade_id": "d10e9ded-2764-4561-9d10-686b031cfea1",
            "ticker": "KXHIGHAUS-25MAR15-B77.5",
            "count": 10,
            "created_time": "2025-03-15T18:05:03.930188Z",
            "yes_price": 26,
            "no_price": 74,
            "taker_side": "no"
        },
        {
            "trade_id": "d2f5746f-b0ba-4e52-81c4-e852cdc64567",
            "ticker": "KXHIGHAUS-25MAR15-B77.5",
            "count": 10,
            "created_time": "2025-03-15T18:04:54.61035Z",
            "yes_price": 26,
            "no_price": 74,
            "taker_side": "no"
        },
        {
            "trade_id": "bb90a71c-4ec0-4913-b9ac-dbfbb99746c3",
            "ticker": "KXHIGHAUS-25MAR15-B77.5",
            "count": 16,
            "created_time": "2025-03-15T17:56:01.272915Z",
            "yes_price": 41,
            "no_price": 59,
            "taker_side": "yes"
        },
        {
            "trade_id": "e58505e2-761d-4a6a-b492-695af7aed166",
            "ticker": "KXHIGHAUS-25MAR15-B77.5",
            "count": 14,
            "created_time": "2025-03-15T17:54:34.092165Z",
            "yes_price": 43,
            "no_price": 57,
            "taker_side": "yes"
        },
        {
            "trade_id": "524e1c5b-453c-4735-a42a-b4559525498f",
            "ticker": "KXHIGHAUS-25MAR15-B77.5",
            "count": 19,
            "created_time": "2025-03-15T17:54:34.092165Z",
            "yes_price": 42,
            "no_price": 58,
            "taker_side": "yes"
        },
        {
            "trade_id": "37bbd2f3-b1ec-4589-b080-969781cab6d2",
            "ticker": "KXHIGHAUS-25MAR15-B77.5",
            "count": 3,
            "created_time": "2025-03-15T17:54:34.092165Z",
            "yes_price": 41,
            "no_price": 59,
            "taker_side": "yes"
        },
        {
            "trade_id": "214cc9d6-f8a6-4424-a558-bb3bdce61ed7",
            "ticker": "KXHIGHAUS-25MAR15-B77.5",
            "count": 14,
            "created_time": "2025-03-15T17:54:34.092165Z",
            "yes_price": 44,
            "no_price": 56,
            "taker_side": "yes"
        },
        {
            "trade_id": "13b7b074-c4d6-4548-8682-53d8a86cec86",
            "ticker": "KXHIGHAUS-25MAR15-B77.5",
            "count": 5,
            "created_time": "2025-03-15T17:54:34.092165Z",
            "yes_price": 44,
            "no_price": 56,
            "taker_side": "yes"
        },
        {
            "trade_id": "6f5c9701-e9d4-4654-bcc8-b21c0e3848c4",
            "ticker": "KXHIGHAUS-25MAR15-B77.5",
            "count": 24,
            "created_time": "2025-03-15T17:54:18.526557Z",
            "yes_price": 34,
            "no_price": 66,
            "taker_side": "no"
        },
        {
            "trade_id": "474473d5-4b36-48da-982f-5e84a960400d",
            "ticker": "KXHIGHAUS-25MAR15-B77.5",
            "count": 25,
            "created_time": "2025-03-15T17:54:18.526557Z",
            "yes_price": 34,
            "no_price": 66,
            "taker_side": "no"
        },
        {
            "trade_id": "d2d8be2b-e3ce-422a-9c9d-9c771022a5d5",
            "ticker": "KXHIGHAUS-25MAR15-B77.5",
            "count": 37,
            "created_time": "2025-03-15T17:49:00.961226Z",
            "yes_price": 43,
            "no_price": 57,
            "taker_side": "yes"
        },
        {
            "trade_id": "8b4052e4-e218-444a-8245-4429fbdfd5ae",
            "ticker": "KXHIGHAUS-25MAR15-B77.5",
            "count": 36,
            "created_time": "2025-03-15T17:49:00.961226Z",
            "yes_price": 45,
            "no_price": 55,
            "taker_side": "yes"
        },
        {
            "trade_id": "3421364c-c47a-41b4-a5e1-73e2cc9ab1f4",
            "ticker": "KXHIGHAUS-25MAR15-B77.5",
            "count": 22,
            "created_time": "2025-03-15T17:49:00.961226Z",
            "yes_price": 44,
            "no_price": 56,
            "taker_side": "yes"
        },
        {
            "trade_id": "2119faa3-2982-45d6-9810-00e2426115bb",
            "ticker": "KXHIGHAUS-25MAR15-B77.5",
            "count": 14,
            "created_time": "2025-03-15T17:49:00.961226Z",
            "yes_price": 44,
            "no_price": 56,
            "taker_side": "yes"
        },
        {
            "trade_id": "e5706bdb-3182-4b1a-9b7e-78359792f4cb",
            "ticker": "KXHIGHAUS-25MAR15-B77.5",
            "count": 11,
            "created_time": "2025-03-15T17:45:49.460252Z",
            "yes_price": 33,
            "no_price": 67,
            "taker_side": "yes"
        },
        {
            "trade_id": "d229d637-c037-4c77-af29-9d3a05e37f60",
            "ticker": "KXHIGHAUS-25MAR15-B77.5",
            "count": 25,
            "created_time": "2025-03-15T17:45:49.460252Z",
            "yes_price": 37,
            "no_price": 63,
            "taker_side": "yes"
        },
        {
            "trade_id": "b3015bdb-6a30-4c6a-827a-92f0da5bbf21",
            "ticker": "KXHIGHAUS-25MAR15-B77.5",
            "count": 22,
            "created_time": "2025-03-15T17:45:49.460252Z",
            "yes_price": 40,
            "no_price": 60,
            "taker_side": "yes"
        },
        {
            "trade_id": "b2479f7b-feb2-4604-a042-a28eb3a13e2d",
            "ticker": "KXHIGHAUS-25MAR15-B77.5",
            "count": 7,
            "created_time": "2025-03-15T17:45:49.460252Z",
            "yes_price": 39,
            "no_price": 61,
            "taker_side": "yes"
        },
        {
            "trade_id": "8b8c873d-18d7-405e-aab9-f12703cb793d",
            "ticker": "KXHIGHAUS-25MAR15-B77.5",
            "count": 13,
            "created_time": "2025-03-15T17:45:49.460252Z",
            "yes_price": 36,
            "no_price": 64,
            "taker_side": "yes"
        },
        {
            "trade_id": "8899103d-2dbb-4f62-a7fe-e785a8431cad",
            "ticker": "KXHIGHAUS-25MAR15-B77.5",
            "count": 16,
            "created_time": "2025-03-15T17:45:49.460252Z",
            "yes_price": 43,
            "no_price": 57,
            "taker_side": "yes"
        },
        {
            "trade_id": "7d5085c6-e42c-4d0c-be74-b65eec34f050",
            "ticker": "KXHIGHAUS-25MAR15-B77.5",
            "count": 2,
            "created_time": "2025-03-15T17:45:49.460252Z",
            "yes_price": 36,
            "no_price": 64,
            "taker_side": "yes"
        },
        {
            "trade_id": "7a9345bb-ef56-41d3-847f-8893c3023131",
            "ticker": "KXHIGHAUS-25MAR15-B77.5",
            "count": 20,
            "created_time": "2025-03-15T17:45:49.460252Z",
            "yes_price": 41,
            "no_price": 59,
            "taker_side": "yes"
        },
        {
            "trade_id": "1ef8cb30-f673-4f54-bfec-f02056edc53a",
            "ticker": "KXHIGHAUS-25MAR15-B77.5",
            "count": 4,
            "created_time": "2025-03-15T17:45:49.460252Z",
            "yes_price": 43,
            "no_price": 57,
            "taker_side": "yes"
        },
        {
            "trade_id": "958953a2-59a2-4bcd-92d8-84ddb0fa4548",
            "ticker": "KXHIGHAUS-25MAR15-B77.5",
            "count": 10,
            "created_time": "2025-03-15T17:45:45.789223Z",
            "yes_price": 28,
            "no_price": 72,
            "taker_side": "no"
        },
        {
            "trade_id": "e5f5aaaa-4156-4de3-8e97-13ba5354fef7",
            "ticker": "KXHIGHAUS-25MAR15-B77.5",
            "count": 1,
            "created_time": "2025-03-15T17:45:39.407272Z",
            "yes_price": 33,
            "no_price": 67,
            "taker_side": "yes"
        },
        {
            "trade_id": "0b752bd1-a9f0-4b15-949c-6759b8d92b62",
            "ticker": "KXHIGHAUS-25MAR15-B77.5",
            "count": 10,
            "created_time": "2025-03-15T17:45:23.495091Z",
            "yes_price": 28,
            "no_price": 72,
            "taker_side": "no"
        },
        {
            "trade_id": "68abe5c3-5299-4869-9fdb-a07e37c0a071",
            "ticker": "KXHIGHAUS-25MAR15-B77.5",
            "count": 20,
            "created_time": "2025-03-15T17:45:00.409116Z",
            "yes_price": 28,
            "no_price": 72,
            "taker_side": "no"
        },
        {
            "trade_id": "df1a3faf-03b5-4195-bf27-4764deb6356c",
            "ticker": "KXHIGHAUS-25MAR15-B77.5",
            "count": 12,
            "created_time": "2025-03-15T17:44:34.75231Z",
            "yes_price": 32,
            "no_price": 68,
            "taker_side": "yes"
        },
        {
            "trade_id": "b6208eed-9344-4016-b31e-9b8322d2a0bb",
            "ticker": "KXHIGHAUS-25MAR15-B77.5",
            "count": 24,
            "created_time": "2025-03-15T17:44:34.75231Z",
            "yes_price": 32,
            "no_price": 68,
            "taker_side": "yes"
        },
        {
            "trade_id": "5522868f-910a-4536-94d6-3ece985dcbdd",
            "ticker": "KXHIGHAUS-25MAR15-B77.5",
            "count": 294,
            "created_time": "2025-03-15T17:44:14.312486Z",
            "yes_price": 32,
            "no_price": 68,
            "taker_side": "yes"
        },
        {
            "trade_id": "16ae6866-0fe2-4660-be77-94167907750a",
            "ticker": "KXHIGHAUS-25MAR15-B77.5",
            "count": 182,
            "created_time": "2025-03-15T17:38:10.125619Z",
            "yes_price": 32,
            "no_price": 68,
            "taker_side": "yes"
        },
        {
            "trade_id": "a086e33b-c38f-4758-a462-d02c6de9faa2",
            "ticker": "KXHIGHAUS-25MAR15-B77.5",
            "count": 18,
            "created_time": "2025-03-15T17:38:03.328481Z",
            "yes_price": 31,
            "no_price": 69,
            "taker_side": "yes"
        },
        {
            "trade_id": "17abfaa0-6754-40e4-a9f1-0c9127c1979e",
            "ticker": "KXHIGHAUS-25MAR15-B77.5",
            "count": 11,
            "created_time": "2025-03-15T17:33:01.513217Z",
            "yes_price": 31,
            "no_price": 69,
            "taker_side": "yes"
        },
        {
            "trade_id": "43a4fa4b-cba9-4551-bd8b-767e8bc838f3",
            "ticker": "KXHIGHAUS-25MAR15-B77.5",
            "count": 50,
            "created_time": "2025-03-15T17:32:19.985437Z",
            "yes_price": 20,
            "no_price": 80,
            "taker_side": "no"
        },
        {
            "trade_id": "6a1ed284-d1ca-4821-ae7c-0594891c08f3",
            "ticker": "KXHIGHAUS-25MAR15-B77.5",
            "count": 50,
            "created_time": "2025-03-15T17:31:36.945101Z",
            "yes_price": 20,
            "no_price": 80,
            "taker_side": "no"
        },
        {
            "trade_id": "04070c70-4d1f-471f-bd28-3406190f5088",
            "ticker": "KXHIGHAUS-25MAR15-B77.5",
            "count": 61,
            "created_time": "2025-03-15T17:30:48.050041Z",
            "yes_price": 20,
            "no_price": 80,
            "taker_side": "no"
        },
        {
            "trade_id": "f2d2b04b-5bb4-4b32-ac52-d89c13311ba5",
            "ticker": "KXHIGHAUS-25MAR15-B77.5",
            "count": 20,
            "created_time": "2025-03-15T17:29:37.165768Z",
            "yes_price": 21,
            "no_price": 79,
            "taker_side": "no"
        },
        {
            "trade_id": "dcf81864-62cd-4a8f-88cc-950cf9b5380f",
            "ticker": "KXHIGHAUS-25MAR15-B77.5",
            "count": 20,
            "created_time": "2025-03-15T17:29:37.165768Z",
            "yes_price": 22,
            "no_price": 78,
            "taker_side": "no"
        },
        {
            "trade_id": "357d6d36-0788-49f0-974d-947c84bbe669",
            "ticker": "KXHIGHAUS-25MAR15-B77.5",
            "count": 10,
            "created_time": "2025-03-15T17:29:37.165768Z",
            "yes_price": 20,
            "no_price": 80,
            "taker_side": "no"
        },
        {
            "trade_id": "d18ecdc7-d7c6-4140-a76c-486dddeb9a58",
            "ticker": "KXHIGHAUS-25MAR15-B77.5",
            "count": 1,
            "created_time": "2025-03-15T17:16:57.051191Z",
            "yes_price": 31,
            "no_price": 69,
            "taker_side": "yes"
        },
        {
            "trade_id": "049e9a29-d608-4442-af65-9e6a5ae54532",
            "ticker": "KXHIGHAUS-25MAR15-B77.5",
            "count": 22,
            "created_time": "2025-03-15T17:16:57.051191Z",
            "yes_price": 29,
            "no_price": 71,
            "taker_side": "yes"
        },
        {
            "trade_id": "84610302-7760-4865-897c-81efa432e903",
            "ticker": "KXHIGHAUS-25MAR15-B77.5",
            "count": 12,
            "created_time": "2025-03-15T17:16:17.299936Z",
            "yes_price": 30,
            "no_price": 70,
            "taker_side": "yes"
        },
        {
            "trade_id": "266b3b41-5f67-4725-8a72-f22682bfaaa1",
            "ticker": "KXHIGHAUS-25MAR15-B77.5",
            "count": 50,
            "created_time": "2025-03-15T16:43:40.403115Z",
            "yes_price": 23,
            "no_price": 77,
            "taker_side": "yes"
        },
        {
            "trade_id": "50c78e08-5d3b-4584-b977-fe1d5b50741a",
            "ticker": "KXHIGHAUS-25MAR15-B77.5",
            "count": 8,
            "created_time": "2025-03-15T16:37:28.950238Z",
            "yes_price": 22,
            "no_price": 78,
            "taker_side": "yes"
        },
        {
            "trade_id": "dbd66925-e36f-48e5-90b6-4b55b31e24f1",
            "ticker": "KXHIGHAUS-25MAR15-B77.5",
            "count": 7,
            "created_time": "2025-03-15T16:31:47.003128Z",
            "yes_price": 22,
            "no_price": 78,
            "taker_side": "yes"
        },
        {
