{
    "KXHIGHAUS-25JAN01-T57": [
        {
            "trade_id": "964f4b5c-b462-41bc-960b-d8d9fd9968aa",
            "ticker": "KXHIGHAUS-25JAN01-T57",
            "count": 297,
            "created_time": "2025-01-01T22:39:32.175527Z",
            "yes_price": 1,
            "no_price": 99,
            "taker_side": "yes"
        },
        {
            "trade_id": "42fc106c-53df-4967-8dde-1d0179470055",
            "ticker": "KXHIGHAUS-25JAN01-T57",
            "count": 3,
            "created_time": "2025-01-01T22:39:32.175527Z",
            "yes_price": 1,
            "no_price": 99,
            "taker_side": "yes"
        },
        {
            "trade_id": "622948c3-33a5-4958-a196-fbbd2829edac",
            "ticker": "KXHIGHAUS-25JAN01-T57",
            "count": 7,
            "created_time": "2024-12-31T20:58:50.341392Z",
            "yes_price": 1,
            "no_price": 99,
            "taker_side": "no"
        },
        {
            "trade_id": "f58e9292-5f66-4426-9b39-d0baa087d224",
            "ticker": "KXHIGHAUS-25JAN01-T57",
            "count": 5,
            "created_time": "2024-12-31T20:58:49.443009Z",
            "yes_price": 1,
            "no_price": 99,
            "taker_side": "no"
        },
        {
            "trade_id": "cb21beb8-f0f6-4c57-bec8-38c7ca30afcc",
            "ticker": "KXHIGHAUS-25JAN01-T57",
            "count": 5,
            "created_time": "2024-12-31T20:58:23.919611Z",
            "yes_price": 1,
            "no_price": 99,
            "taker_side": "no"
        },
        {
            "trade_id": "62e4771c-c2b3-46b1-bae7-582390949dc3",
            "ticker": "KXHIGHAUS-25JAN01-T57",
            "count": 18,
            "created_time": "2024-12-31T20:16:32.041514Z",
            "yes_price": 1,
            "no_price": 99,
            "taker_side": "no"
        },
        {
            "trade_id": "dbf2adf9-2736-4022-9358-a7241b7da559",
            "ticker": "KXHIGHAUS-25JAN01-T57",
            "count": 5,
            "created_time": "2024-12-31T20:13:06.175426Z",
            "yes_price": 1,
            "no_price": 99,
            "taker_side": "no"
        },
        {
            "trade_id": "d8e1e140-1a6d-484b-a91b-fb02f0ad4db0",
            "ticker": "KXHIGHAUS-25JAN01-T57",
            "count": 5,
            "created_time": "2024-12-31T20:02:51.014708Z",
            "yes_price": 1,
            "no_price": 99,
            "taker_side": "no"
        },
        {
            "trade_id": "46140fe0-0ff1-4e1f-87f7-799f474b0308",
            "ticker": "KXHIGHAUS-25JAN01-T57",
            "count": 5,
            "created_time": "2024-12-31T19:56:13.991733Z",
            "yes_price": 1,
            "no_price": 99,
            "taker_side": "no"
        }
    ],
    "KXHIGHAUS-25JAN01-B57.5": [
        {
            "trade_id": "9bcf357d-41f8-4f01-ba83-4e9bd550f4bb",
            "ticker": "KXHIGHAUS-25JAN01-B57.5",
            "count": 1723,
            "created_time": "2025-01-02T00:53:36.145476Z",
            "yes_price": 1,
            "no_price": 99,
            "taker_side": "yes"
        },
        {
            "trade_id": "6d0ac71f-bbdc-4178-af87-da32fc94ca1f",
            "ticker": "KXHIGHAUS-25JAN01-B57.5",
            "count": 13,
            "created_time": "2025-01-01T20:05:23.883122Z",
            "yes_price": 1,
            "no_price": 99,
            "taker_side": "yes"
        },
        {
            "trade_id": "00169631-a034-40b0-9c6a-6e6152f4a1e3",
            "ticker": "KXHIGHAUS-25JAN01-B57.5",
            "count": 1901,
            "created_time": "2025-01-01T20:01:00.02802Z",
            "yes_price": 1,
            "no_price": 99,
            "taker_side": "no"
        },
        {
            "trade_id": "15dff6ea-928c-406f-91c1-195b4e8427ad",
            "ticker": "KXHIGHAUS-25JAN01-B57.5",
            "count": 204,
            "created_time": "2025-01-01T20:00:58.604157Z",
            "yes_price": 2,
            "no_price": 98,
            "taker_side": "no"
        },
        {
            "trade_id": "e063a96b-2f5e-4f81-a400-eeda27dfc9d2",
            "ticker": "KXHIGHAUS-25JAN01-B57.5",
            "count": 100,
            "created_time": "2025-01-01T20:00:57.903903Z",
            "yes_price": 2,
            "no_price": 98,
            "taker_side": "no"
        },
        {
            "trade_id": "fc1442d2-33a0-44d7-8b96-e22b95f735da",
            "ticker": "KXHIGHAUS-25JAN01-B57.5",
            "count": 500,
            "created_time": "2025-01-01T19:58:39.274657Z",
            "yes_price": 4,
            "no_price": 96,
            "taker_side": "no"
        },
        {
            "trade_id": "a6528636-7c8b-45d5-adeb-3f84b5be48c8",
            "ticker": "KXHIGHAUS-25JAN01-B57.5",
            "count": 100,
            "created_time": "2025-01-01T19:50:21.627172Z",
            "yes_price": 3,
            "no_price": 97,
            "taker_side": "no"
        },
        {
            "trade_id": "4881a39e-5240-4571-89ed-8df3a405eb69",
            "ticker": "KXHIGHAUS-25JAN01-B57.5",
            "count": 47,
            "created_time": "2025-01-01T19:50:21.627172Z",
            "yes_price": 2,
            "no_price": 98,
            "taker_side": "no"
        },
        {
            "trade_id": "d500c27f-70f3-4952-9d59-7a8dc2dbeb04",
            "ticker": "KXHIGHAUS-25JAN01-B57.5",
            "count": 80,
            "created_time": "2025-01-01T19:41:25.688296Z",
            "yes_price": 5,
            "no_price": 95,
            "taker_side": "yes"
        },
        {
            "trade_id": "c5f53e21-e013-499c-a779-f402b6cc6fe2",
            "ticker": "KXHIGHAUS-25JAN01-B57.5",
            "count": 54,
            "created_time": "2025-01-01T19:41:25.688296Z",
            "yes_price": 6,
            "no_price": 94,
            "taker_side": "yes"
        },
        {
            "trade_id": "4516b56b-a9e7-42ae-95eb-2483dea42907",
            "ticker": "KXHIGHAUS-25JAN01-B57.5",
            "count": 136,
            "created_time": "2025-01-01T19:41:25.688296Z",
            "yes_price": 5,
            "no_price": 95,
            "taker_side": "yes"
        },
        {
            "trade_id": "1100df40-34fc-4366-ad05-f02866961230",
            "ticker": "KXHIGHAUS-25JAN01-B57.5",
            "count": 150,
            "created_time": "2025-01-01T19:39:31.736766Z",
            "yes_price": 3,
            "no_price": 97,
            "taker_side": "yes"
        },
        {
            "trade_id": "d21c8fff-a368-4431-8103-1243c75cea59",
            "ticker": "KXHIGHAUS-25JAN01-B57.5",
            "count": 400,
            "created_time": "2025-01-01T19:32:48.489042Z",
            "yes_price": 2,
            "no_price": 98,
            "taker_side": "no"
        },
        {
            "trade_id": "33a90841-5590-4896-ade4-255f79a77e35",
            "ticker": "KXHIGHAUS-25JAN01-B57.5",
            "count": 314,
            "created_time": "2025-01-01T19:16:55.342367Z",
            "yes_price": 1,
            "no_price": 99,
            "taker_side": "no"
        },
        {
            "trade_id": "7db504c6-b777-4220-96cd-b2e9fa9ed81b",
            "ticker": "KXHIGHAUS-25JAN01-B57.5",
            "count": 4,
            "created_time": "2025-01-01T19:14:58.153087Z",
            "yes_price": 1,
            "no_price": 99,
            "taker_side": "no"
        },
        {
            "trade_id": "43c9230f-14ac-480c-956b-53104a1f681d",
            "ticker": "KXHIGHAUS-25JAN01-B57.5",
            "count": 18,
            "created_time": "2025-01-01T19:13:26.222817Z",
            "yes_price": 1,
            "no_price": 99,
            "taker_side": "no"
        },
        {
            "trade_id": "6badfd8c-b5f7-4168-b06c-012d2df1b937",
            "ticker": "KXHIGHAUS-25JAN01-B57.5",
            "count": 906,
            "created_time": "2025-01-01T19:12:23.188025Z",
            "yes_price": 1,
            "no_price": 99,
            "taker_side": "no"
        },
        {
            "trade_id": "596ca40c-5609-4e2c-9d44-48e3bbb4f0a6",
            "ticker": "KXHIGHAUS-25JAN01-B57.5",
            "count": 356,
            "created_time": "2025-01-01T19:12:23.188025Z",
            "yes_price": 2,
            "no_price": 98,
            "taker_side": "no"
        },
        {
            "trade_id": "2d7d13b1-62db-4233-bbcb-bf7d6e3c1f47",
            "ticker": "KXHIGHAUS-25JAN01-B57.5",
            "count": 10,
            "created_time": "2025-01-01T19:07:16.021207Z",
            "yes_price": 1,
            "no_price": 99,
            "taker_side": "no"
        },
        {
            "trade_id": "72dfabe3-44e8-4363-9abf-ec6a8c5607e8",
            "ticker": "KXHIGHAUS-25JAN01-B57.5",
            "count": 22,
            "created_time": "2025-01-01T19:06:28.627225Z",
            "yes_price": 1,
            "no_price": 99,
            "taker_side": "no"
        },
        {
            "trade_id": "8a43d188-6cdc-4f94-bc46-1893810c20c7",
            "ticker": "KXHIGHAUS-25JAN01-B57.5",
            "count": 62,
            "created_time": "2025-01-01T19:06:09.763988Z",
            "yes_price": 3,
            "no_price": 97,
            "taker_side": "yes"
        },
        {
            "trade_id": "cba9422e-1afd-4be0-b008-e23ef3862b2b",
            "ticker": "KXHIGHAUS-25JAN01-B57.5",
            "count": 100,
            "created_time": "2025-01-01T18:53:48.417019Z",
            "yes_price": 3,
            "no_price": 97,
            "taker_side": "yes"
        },
        {
            "trade_id": "7a10a4bc-ec83-4189-875c-cc02e6330611",
            "ticker": "KXHIGHAUS-25JAN01-B57.5",
            "count": 3,
            "created_time": "2025-01-01T18:44:04.768213Z",
            "yes_price": 2,
            "no_price": 98,
            "taker_side": "no"
        },
        {
            "trade_id": "1cc158fe-3b6d-431f-870f-4891047ec447",
            "ticker": "KXHIGHAUS-25JAN01-B57.5",
            "count": 51,
            "created_time": "2025-01-01T18:38:20.700332Z",
            "yes_price": 1,
            "no_price": 99,
            "taker_side": "no"
        },
        {
            "trade_id": "ed7774d0-16fe-465a-a03c-7c685720d680",
            "ticker": "KXHIGHAUS-25JAN01-B57.5",
            "count": 97,
            "created_time": "2025-01-01T18:36:42.676312Z",
            "yes_price": 1,
            "no_price": 99,
            "taker_side": "no"
        },
        {
            "trade_id": "8ff4c2f2-a880-42ac-95ed-555bc4568934",
            "ticker": "KXHIGHAUS-25JAN01-B57.5",
            "count": 200,
            "created_time": "2025-01-01T18:36:04.409298Z",
            "yes_price": 1,
            "no_price": 99,
            "taker_side": "no"
        },
        {
            "trade_id": "ba397d31-6583-4f1a-a31c-e1f4a21e3f01",
            "ticker": "KXHIGHAUS-25JAN01-B57.5",
            "count": 26,
            "created_time": "2025-01-01T18:35:19.006348Z",
            "yes_price": 1,
            "no_price": 99,
            "taker_side": "no"
        },
        {
            "trade_id": "d9ad5320-2b1d-418c-b4c0-5e439b46ec62",
            "ticker": "KXHIGHAUS-25JAN01-B57.5",
            "count": 51,
            "created_time": "2025-01-01T18:33:55.704586Z",
            "yes_price": 1,
            "no_price": 99,
            "taker_side": "no"
        },
        {
            "trade_id": "bc15aeaf-9482-4ea4-8b68-ea8f13af45ab",
            "ticker": "KXHIGHAUS-25JAN01-B57.5",
            "count": 9,
            "created_time": "2025-01-01T18:33:55.704586Z",
            "yes_price": 2,
            "no_price": 98,
            "taker_side": "no"
        },
        {
            "trade_id": "3f0ca892-2117-4635-ad8c-d007e2e70556",
            "ticker": "KXHIGHAUS-25JAN01-B57.5",
            "count": 26,
            "created_time": "2025-01-01T18:30:25.953943Z",
            "yes_price": 2,
            "no_price": 98,
            "taker_side": "no"
        },
        {
            "trade_id": "f8fc23c0-376b-4c9a-b1fc-18965280a9c2",
            "ticker": "KXHIGHAUS-25JAN01-B57.5",
            "count": 23,
            "created_time": "2025-01-01T18:25:48.420173Z",
            "yes_price": 4,
            "no_price": 96,
            "taker_side": "yes"
        },
        {
            "trade_id": "8f7a165a-b6e7-4086-8852-8bef48f937dd",
            "ticker": "KXHIGHAUS-25JAN01-B57.5",
            "count": 351,
            "created_time": "2025-01-01T18:25:25.894207Z",
            "yes_price": 2,
            "no_price": 98,
            "taker_side": "no"
        },
        {
            "trade_id": "0feede8d-4b49-4462-b556-c361442d7cdf",
            "ticker": "KXHIGHAUS-25JAN01-B57.5",
            "count": 1,
            "created_time": "2025-01-01T18:05:19.68862Z",
            "yes_price": 2,
            "no_price": 98,
            "taker_side": "yes"
        },
        {
            "trade_id": "90b60358-a90a-448a-821a-958474ad238a",
            "ticker": "KXHIGHAUS-25JAN01-B57.5",
            "count": 2,
            "created_time": "2025-01-01T17:54:34.468214Z",
            "yes_price": 2,
            "no_price": 98,
            "taker_side": "no"
        },
        {
            "trade_id": "b83a7620-7c9d-41c8-af2e-6d8a90d17e23",
            "ticker": "KXHIGHAUS-25JAN01-B57.5",
            "count": 13,
            "created_time": "2025-01-01T17:54:04.291394Z",
            "yes_price": 3,
            "no_price": 97,
            "taker_side": "yes"
        },
        {
            "trade_id": "e167c4c7-b0d5-4ef6-81ce-b3ff161b05b3",
            "ticker": "KXHIGHAUS-25JAN01-B57.5",
            "count": 15,
            "created_time": "2025-01-01T17:39:14.097411Z",
            "yes_price": 6,
            "no_price": 94,
            "taker_side": "yes"
        },
        {
            "trade_id": "e2a6e8c8-0e2a-4779-be45-06b9180146de",
            "ticker": "KXHIGHAUS-25JAN01-B57.5",
            "count": 13,
            "created_time": "2025-01-01T17:31:02.376233Z",
            "yes_price": 6,
            "no_price": 94,
            "taker_side": "yes"
        },
        {
            "trade_id": "b52bb8b6-a06a-43a6-9fd7-ef6cd13ec1b8",
            "ticker": "KXHIGHAUS-25JAN01-B57.5",
            "count": 46,
            "created_time": "2025-01-01T17:31:02.376233Z",
            "yes_price": 9,
            "no_price": 91,
            "taker_side": "yes"
        },
        {
            "trade_id": "74e5f877-aaf1-42dc-8ed2-0cd7ac5013ac",
            "ticker": "KXHIGHAUS-25JAN01-B57.5",
            "count": 600,
            "created_time": "2025-01-01T17:31:02.376233Z",
            "yes_price": 7,
            "no_price": 93,
            "taker_side": "yes"
        },
        {
            "trade_id": "6b74df5a-b52d-4247-802d-24acd5cef23e",
            "ticker": "KXHIGHAUS-25JAN01-B57.5",
            "count": 151,
            "created_time": "2025-01-01T17:21:06.390744Z",
            "yes_price": 8,
            "no_price": 92,
            "taker_side": "no"
        },
        {
            "trade_id": "28dd5612-a562-47bd-9b5f-030fb144e5a2",
            "ticker": "KXHIGHAUS-25JAN01-B57.5",
            "count": 29,
            "created_time": "2025-01-01T17:20:42.098267Z",
            "yes_price": 8,
            "no_price": 92,
            "taker_side": "no"
        },
        {
            "trade_id": "7585549c-8151-4cef-8a40-cfc5edb2abe0",
            "ticker": "KXHIGHAUS-25JAN01-B57.5",
            "count": 80,
            "created_time": "2025-01-01T17:20:02.645123Z",
            "yes_price": 8,
            "no_price": 92,
            "taker_side": "yes"
        },
        {
            "trade_id": "6abc0ce1-6c5d-443e-b06c-eab3a59ae74d",
            "ticker": "KXHIGHAUS-25JAN01-B57.5",
            "count": 6,
            "created_time": "2025-01-01T17:20:02.645123Z",
            "yes_price": 8,
            "no_price": 92,
            "taker_side": "yes"
        },
        {
            "trade_id": "55f0edc9-9375-4685-b311-d98e02cbb0d0",
            "ticker": "KXHIGHAUS-25JAN01-B57.5",
            "count": 10,
            "created_time": "2025-01-01T17:20:02.645123Z",
            "yes_price": 8,
            "no_price": 92,
            "taker_side": "yes"
        },
        {
            "trade_id": "37ae162b-1481-432b-8199-b1772f48fd6f",
            "ticker": "KXHIGHAUS-25JAN01-B57.5",
            "count": 61,
            "created_time": "2025-01-01T17:19:10.431758Z",
            "yes_price": 7,
            "no_price": 93,
            "taker_side": "no"
        },
        {
            "trade_id": "1da2a55f-aab9-4d10-941e-f6731aa9017d",
            "ticker": "KXHIGHAUS-25JAN01-B57.5",
            "count": 2,
            "created_time": "2025-01-01T17:11:44.800952Z",
            "yes_price": 8,
            "no_price": 92,
            "taker_side": "no"
        },
        {
            "trade_id": "c26cd35c-1c8e-4643-8156-60885de37996",
            "ticker": "KXHIGHAUS-25JAN01-B57.5",
            "count": 66,
            "created_time": "2025-01-01T17:10:06.275335Z",
            "yes_price": 10,
            "no_price": 90,
            "taker_side": "yes"
        },
        {
            "trade_id": "aa8ce497-f25c-47af-8fdf-0a64c69bc708",
            "ticker": "KXHIGHAUS-25JAN01-B57.5",
            "count": 448,
            "created_time": "2025-01-01T17:10:06.275335Z",
            "yes_price": 9,
            "no_price": 91,
            "taker_side": "yes"
        },
        {
            "trade_id": "c5743050-e545-4dc2-ab75-f27cb110d084",
            "ticker": "KXHIGHAUS-25JAN01-B57.5",
            "count": 52,
            "created_time": "2025-01-01T17:04:52.543649Z",
            "yes_price": 9,
            "no_price": 91,
            "taker_side": "yes"
        },
        {
            "trade_id": "02fd7c6d-ca17-47a5-a124-b87e37cee4d7",
            "ticker": "KXHIGHAUS-25JAN01-B57.5",
            "count": 12,
            "created_time": "2025-01-01T17:04:43.495576Z",
            "yes_price": 7,
            "no_price": 93,
            "taker_side": "no"
        },
        {
            "trade_id": "d31c8c31-fc2e-4611-9166-fd6f82e5096a",
            "ticker": "KXHIGHAUS-25JAN01-B57.5",
            "count": 51,
            "created_time": "2025-01-01T17:03:20.554592Z",
            "yes_price": 7,
            "no_price": 93,
            "taker_side": "no"
        },
        {
            "trade_id": "f80af8b3-6f01-4616-a132-03519188739b",
            "ticker": "KXHIGHAUS-25JAN01-B57.5",
            "count": 11,
            "created_time": "2025-01-01T16:35:34.646451Z",
            "yes_price": 18,
            "no_price": 82,
            "taker_side": "yes"
        },
        {
            "trade_id": "d5fac171-92f4-444b-981a-e2bf09ea3249",
            "ticker": "KXHIGHAUS-25JAN01-B57.5",
            "count": 25,
            "created_time": "2025-01-01T16:35:34.646451Z",
            "yes_price": 8,
            "no_price": 92,
            "taker_side": "yes"
        },
        {
            "trade_id": "99e9fb8e-c419-4762-9fa3-bdba6e264be1",
            "ticker": "KXHIGHAUS-25JAN01-B57.5",
            "count": 77,
            "created_time": "2025-01-01T16:35:34.646451Z",
            "yes_price": 19,
            "no_price": 81,
            "taker_side": "yes"
        },
        {
            "trade_id": "95997d42-a282-4b10-b081-7c1ea0f04721",
            "ticker": "KXHIGHAUS-25JAN01-B57.5",
            "count": 100,
            "created_time": "2025-01-01T16:35:34.646451Z",
            "yes_price": 18,
            "no_price": 82,
            "taker_side": "yes"
        },
        {
            "trade_id": "46dfea96-beda-4c2a-82e3-13dc7afc092a",
            "ticker": "KXHIGHAUS-25JAN01-B57.5",
            "count": 17,
            "created_time": "2025-01-01T16:35:34.646451Z",
            "yes_price": 7,
            "no_price": 93,
            "taker_side": "yes"
        },
        {
            "trade_id": "201a1107-3cd9-4e62-8fa3-9b78ec0029b1",
            "ticker": "KXHIGHAUS-25JAN01-B57.5",
            "count": 12,
            "created_time": "2025-01-01T16:35:34.646451Z",
            "yes_price": 10,
            "no_price": 90,
            "taker_side": "yes"
        },
        {
            "trade_id": "115cc0c9-7420-45fb-8723-ec78daaf9158",
            "ticker": "KXHIGHAUS-25JAN01-B57.5",
            "count": 25,
            "created_time": "2025-01-01T16:35:34.646451Z",
            "yes_price": 10,
            "no_price": 90,
            "taker_side": "yes"
        },
        {
            "trade_id": "10fe8939-2e65-45a5-b72b-b465f0b66ca0",
            "ticker": "KXHIGHAUS-25JAN01-B57.5",
            "count": 80,
            "created_time": "2025-01-01T16:35:34.646451Z",
            "yes_price": 7,
            "no_price": 93,
            "taker_side": "yes"
        },
        {
            "trade_id": "bd536e6b-b013-4c5c-9f27-d83547a7106e",
            "ticker": "KXHIGHAUS-25JAN01-B57.5",
            "count": 19,
            "created_time": "2025-01-01T00:28:06.29896Z",
            "yes_price": 1,
            "no_price": 99,
            "taker_side": "no"
        },
        {
            "trade_id": "99a7998b-383f-44c1-b846-b2db12a40f9f",
            "ticker": "KXHIGHAUS-25JAN01-B57.5",
            "count": 1,
            "created_time": "2024-12-31T23:18:13.508841Z",
            "yes_price": 1,
            "no_price": 99,
            "taker_side": "no"
        },
        {
            "trade_id": "6e83bfba-78c4-4670-843f-dc5453b8fa4d",
            "ticker": "KXHIGHAUS-25JAN01-B57.5",
            "count": 10,
            "created_time": "2024-12-31T20:58:55.210378Z",
            "yes_price": 1,
            "no_price": 99,
            "taker_side": "no"
        },
        {
            "trade_id": "386b8860-f5d3-4574-8c7b-11a5d1b9eb7f",
            "ticker": "KXHIGHAUS-25JAN01-B57.5",
            "count": 7,
            "created_time": "2024-12-31T20:58:50.334228Z",
            "yes_price": 1,
            "no_price": 99,
            "taker_side": "no"
        },
        {
            "trade_id": "de895d8c-9510-43d6-9346-677a88114973",
            "ticker": "KXHIGHAUS-25JAN01-B57.5",
            "count": 5,
            "created_time": "2024-12-31T20:58:49.441589Z",
            "yes_price": 1,
            "no_price": 99,
            "taker_side": "no"
        },
        {
            "trade_id": "9f471983-cab7-44eb-b693-eda887035e27",
            "ticker": "KXHIGHAUS-25JAN01-B57.5",
            "count": 18,
            "created_time": "2024-12-31T20:58:49.207192Z",
            "yes_price": 1,
            "no_price": 99,
            "taker_side": "no"
        },
        {
            "trade_id": "61a59552-8e96-445c-8157-5fc70642da47",
            "ticker": "KXHIGHAUS-25JAN01-B57.5",
            "count": 12,
            "created_time": "2024-12-31T20:58:49.207192Z",
            "yes_price": 1,
            "no_price": 99,
            "taker_side": "no"
        },
        {
            "trade_id": "1849dbe7-f6b5-4926-a48e-3d0fc23fee89",
            "ticker": "KXHIGHAUS-25JAN01-B57.5",
            "count": 5,
            "created_time": "2024-12-31T20:58:23.964395Z",
            "yes_price": 1,
            "no_price": 99,
            "taker_side": "no"
        },
        {
            "trade_id": "8bc3e943-a810-41d4-a867-e2b1bbbb66c4",
            "ticker": "KXHIGHAUS-25JAN01-B57.5",
            "count": 18,
            "created_time": "2024-12-31T20:16:32.082753Z",
            "yes_price": 1,
            "no_price": 99,
            "taker_side": "no"
        },
        {
            "trade_id": "425f0c8e-cb13-4071-a72c-70a5492451e3",
            "ticker": "KXHIGHAUS-25JAN01-B57.5",
            "count": 5,
            "created_time": "2024-12-31T20:13:06.131796Z",
            "yes_price": 1,
            "no_price": 99,
            "taker_side": "no"
        },
        {
            "trade_id": "de39e8a2-4ca1-4c08-9497-470cc8148191",
            "ticker": "KXHIGHAUS-25JAN01-B57.5",
            "count": 5,
            "created_time": "2024-12-31T20:02:50.987869Z",
            "yes_price": 1,
            "no_price": 99,
            "taker_side": "no"
        },
        {
            "trade_id": "1cdd60e4-6c2d-4533-acf9-6ad0ff3c6294",
            "ticker": "KXHIGHAUS-25JAN01-B57.5",
            "count": 5,
            "created_time": "2024-12-31T19:56:14.018979Z",
            "yes_price": 1,
            "no_price": 99,
            "taker_side": "no"
        }
    ],
    "KXHIGHAUS-25JAN01-B59.5": [
        {
            "trade_id": "ca4e45b8-2d4c-4078-80d6-c6697c5f6751",
            "ticker": "KXHIGHAUS-25JAN01-B59.5",
            "count": 49,
            "created_time": "2025-01-02T05:22:20.216286Z",
            "yes_price": 99,
            "no_price": 1,
            "taker_side": "no"
        },
        {
            "trade_id": "0b7504f2-b13e-46e2-9db7-319c38b6ff64",
            "ticker": "KXHIGHAUS-25JAN01-B59.5",
            "count": 49,
            "created_time": "2025-01-02T04:46:47.442974Z",
            "yes_price": 99,
            "no_price": 1,
            "taker_side": "no"
        },
        {
            "trade_id": "d41a47e0-c6c2-4da8-a6cf-acbef1c902f4",
            "ticker": "KXHIGHAUS-25JAN01-B59.5",
            "count": 28,
            "created_time": "2025-01-02T03:45:23.940634Z",
            "yes_price": 99,
            "no_price": 1,
            "taker_side": "no"
        },
        {
            "trade_id": "5825d5d2-b6f2-406d-88c6-8e5ab034c7c0",
            "ticker": "KXHIGHAUS-25JAN01-B59.5",
            "count": 22,
            "created_time": "2025-01-01T23:52:22.81161Z",
            "yes_price": 99,
            "no_price": 1,
            "taker_side": "no"
        },
        {
            "trade_id": "b258e038-d2a3-4b6f-89f9-7cb92e089c73",
            "ticker": "KXHIGHAUS-25JAN01-B59.5",
            "count": 7,
            "created_time": "2025-01-01T23:43:20.497162Z",
            "yes_price": 99,
            "no_price": 1,
            "taker_side": "no"
        },
        {
            "trade_id": "aee58a48-a9ee-4394-b219-71b0e5d867f6",
            "ticker": "KXHIGHAUS-25JAN01-B59.5",
            "count": 65,
            "created_time": "2025-01-01T23:09:16.523665Z",
            "yes_price": 99,
            "no_price": 1,
            "taker_side": "no"
        },
        {
            "trade_id": "161da462-958b-4519-9715-444d85eb19b1",
            "ticker": "KXHIGHAUS-25JAN01-B59.5",
            "count": 155,
            "created_time": "2025-01-01T23:02:28.614253Z",
            "yes_price": 99,
            "no_price": 1,
            "taker_side": "no"
        },
        {
            "trade_id": "d38e1ed2-e68d-4daf-bf27-75f3e5297b53",
            "ticker": "KXHIGHAUS-25JAN01-B59.5",
            "count": 80,
            "created_time": "2025-01-01T22:57:50.242845Z",
            "yes_price": 99,
            "no_price": 1,
            "taker_side": "no"
        },
        {
            "trade_id": "7892845e-1efc-4ff0-8e55-2acb606ba186",
            "ticker": "KXHIGHAUS-25JAN01-B59.5",
            "count": 36,
            "created_time": "2025-01-01T22:56:21.140124Z",
            "yes_price": 99,
            "no_price": 1,
            "taker_side": "no"
        },
        {
            "trade_id": "38b0bc93-2efb-4665-ab42-e4cb4b59ded7",
            "ticker": "KXHIGHAUS-25JAN01-B59.5",
            "count": 4,
            "created_time": "2025-01-01T22:55:34.940549Z",
            "yes_price": 99,
            "no_price": 1,
            "taker_side": "no"
        },
        {
            "trade_id": "5743617d-115b-498d-aab3-a770bc317d2d",
            "ticker": "KXHIGHAUS-25JAN01-B59.5",
            "count": 32,
            "created_time": "2025-01-01T22:55:34.061618Z",
            "yes_price": 99,
            "no_price": 1,
            "taker_side": "no"
        },
        {
            "trade_id": "bb756b3c-26c3-4a81-9be4-4bbd28bace56",
            "ticker": "KXHIGHAUS-25JAN01-B59.5",
            "count": 12,
            "created_time": "2025-01-01T22:55:33.876226Z",
            "yes_price": 99,
            "no_price": 1,
            "taker_side": "no"
        },
        {
            "trade_id": "d059e203-6167-49e9-9229-44e8000a0eda",
            "ticker": "KXHIGHAUS-25JAN01-B59.5",
            "count": 6,
            "created_time": "2025-01-01T22:51:12.707942Z",
            "yes_price": 99,
            "no_price": 1,
            "taker_side": "no"
        },
        {
            "trade_id": "f7f6618a-8a34-4136-a455-9b2be7d74fb6",
            "ticker": "KXHIGHAUS-25JAN01-B59.5",
            "count": 32,
            "created_time": "2025-01-01T22:51:11.719579Z",
            "yes_price": 99,
            "no_price": 1,
            "taker_side": "no"
        },
        {
            "trade_id": "fd1cb6db-f108-4ea0-b3e4-1f9a8de52c50",
            "ticker": "KXHIGHAUS-25JAN01-B59.5",
            "count": 12,
            "created_time": "2025-01-01T22:51:10.715895Z",
            "yes_price": 99,
            "no_price": 1,
            "taker_side": "no"
        },
        {
            "trade_id": "ba59838e-e35f-4900-a8dd-8a3990632bc5",
            "ticker": "KXHIGHAUS-25JAN01-B59.5",
            "count": 124,
            "created_time": "2025-01-01T22:47:53.37948Z",
            "yes_price": 98,
            "no_price": 2,
            "taker_side": "no"
        },
        {
            "trade_id": "d8654e56-1bef-4db7-891a-d7c7ae40da6a",
            "ticker": "KXHIGHAUS-25JAN01-B59.5",
            "count": 13,
            "created_time": "2025-01-01T22:47:35.889909Z",
            "yes_price": 99,
            "no_price": 1,
            "taker_side": "yes"
        },
        {
            "trade_id": "c43c3627-4847-47cb-8461-8d28041e42c1",
            "ticker": "KXHIGHAUS-25JAN01-B59.5",
            "count": 4315,
            "created_time": "2025-01-01T22:47:35.889909Z",
            "yes_price": 99,
            "no_price": 1,
            "taker_side": "yes"
        },
        {
            "trade_id": "ac9209e5-d88f-4637-8b1b-04568bc46f08",
            "ticker": "KXHIGHAUS-25JAN01-B59.5",
            "count": 50,
            "created_time": "2025-01-01T22:47:35.889909Z",
            "yes_price": 99,
            "no_price": 1,
            "taker_side": "yes"
        },
        {
            "trade_id": "a9211146-eb56-48eb-84be-fab3395b8157",
            "ticker": "KXHIGHAUS-25JAN01-B59.5",
            "count": 215,
            "created_time": "2025-01-01T22:47:35.889909Z",
            "yes_price": 99,
            "no_price": 1,
            "taker_side": "yes"
        },
        {
            "trade_id": "a63d0b77-1683-43e9-a590-91c87c0c8f83",
            "ticker": "KXHIGHAUS-25JAN01-B59.5",
            "count": 32,
            "created_time": "2025-01-01T22:47:35.889909Z",
            "yes_price": 99,
            "no_price": 1,
            "taker_side": "yes"
        },
        {
            "trade_id": "62074aed-79c8-49d8-90de-fe6e05bbda49",
            "ticker": "KXHIGHAUS-25JAN01-B59.5",
            "count": 80,
            "created_time": "2025-01-01T22:47:35.889909Z",
            "yes_price": 99,
            "no_price": 1,
            "taker_side": "yes"
        },
        {
            "trade_id": "3e8e9d65-a110-4a55-9d47-a3442c85dc3d",
            "ticker": "KXHIGHAUS-25JAN01-B59.5",
            "count": 10,
            "created_time": "2025-01-01T22:47:35.889909Z",
            "yes_price": 99,
            "no_price": 1,
            "taker_side": "yes"
        },
        {
            "trade_id": "a629edd8-ae49-4f06-b75a-5907c92d74ff",
            "ticker": "KXHIGHAUS-25JAN01-B59.5",
            "count": 140,
            "created_time": "2025-01-01T22:45:05.208184Z",
            "yes_price": 99,
            "no_price": 1,
            "taker_side": "yes"
        },
        {
            "trade_id": "2e3f6075-3a63-45c0-9fa3-e777abc1fee0",
            "ticker": "KXHIGHAUS-25JAN01-B59.5",
            "count": 4,
            "created_time": "2025-01-01T22:44:05.359877Z",
            "yes_price": 99,
            "no_price": 1,
            "taker_side": "yes"
        },
        {
            "trade_id": "b3803672-bbb7-4738-81f0-add2497d542c",
            "ticker": "KXHIGHAUS-25JAN01-B59.5",
            "count": 96,
            "created_time": "2025-01-01T22:43:52.872095Z",
            "yes_price": 98,
            "no_price": 2,
            "taker_side": "no"
        },
        {
            "trade_id": "af901dec-c5bd-46f2-9f73-940a17c090d0",
            "ticker": "KXHIGHAUS-25JAN01-B59.5",
            "count": 260,
            "created_time": "2025-01-01T22:43:52.872095Z",
            "yes_price": 98,
            "no_price": 2,
            "taker_side": "no"
        },
        {
            "trade_id": "3fceafba-a55a-438b-8220-63c415b9cdf2",
            "ticker": "KXHIGHAUS-25JAN01-B59.5",
            "count": 1,
            "created_time": "2025-01-01T22:43:39.317015Z",
            "yes_price": 98,
            "no_price": 2,
            "taker_side": "no"
        },
        {
            "trade_id": "0bca0c7b-80dd-4321-b88a-41baa93f92ff",
            "ticker": "KXHIGHAUS-25JAN01-B59.5",
            "count": 1,
            "created_time": "2025-01-01T22:42:30.545604Z",
            "yes_price": 98,
            "no_price": 2,
            "taker_side": "no"
        },
        {
            "trade_id": "ebec4a01-dd4d-417c-80cd-f9a46a7aeb6e",
            "ticker": "KXHIGHAUS-25JAN01-B59.5",
            "count": 2,
            "created_time": "2025-01-01T22:42:27.233414Z",
            "yes_price": 98,
            "no_price": 2,
            "taker_side": "yes"
        },
        {
            "trade_id": "c8fbf717-1875-4065-8c34-22de63ccd414",
            "ticker": "KXHIGHAUS-25JAN01-B59.5",
            "count": 200,
            "created_time": "2025-01-01T22:42:25.684582Z",
            "yes_price": 97,
            "no_price": 3,
            "taker_side": "no"
        },
        {
            "trade_id": "dfcec32a-452a-44f6-9bc0-426ace22a5a5",
            "ticker": "KXHIGHAUS-25JAN01-B59.5",
            "count": 265,
            "created_time": "2025-01-01T22:40:56.940077Z",
            "yes_price": 98,
            "no_price": 2,
            "taker_side": "no"
        },
        {
            "trade_id": "79464fbe-f693-4931-9e55-7772ea346cc4",
            "ticker": "KXHIGHAUS-25JAN01-B59.5",
            "count": 500,
            "created_time": "2025-01-01T22:40:56.940077Z",
            "yes_price": 98,
            "no_price": 2,
            "taker_side": "no"
        },
        {
            "trade_id": "4ab0e53a-50e6-4b05-b220-aa04361c5fef",
            "ticker": "KXHIGHAUS-25JAN01-B59.5",
            "count": 3,
            "created_time": "2025-01-01T22:40:43.117418Z",
            "yes_price": 98,
            "no_price": 2,
            "taker_side": "no"
        },
        {
            "trade_id": "246955a9-7f2a-4e18-adf9-94ae69bc7f01",
            "ticker": "KXHIGHAUS-25JAN01-B59.5",
            "count": 231,
            "created_time": "2025-01-01T22:40:25.838058Z",
            "yes_price": 98,
            "no_price": 2,
            "taker_side": "no"
        },
        {
            "trade_id": "dcc3b05e-6dab-4bd8-bfb5-b968d67952c1",
            "ticker": "KXHIGHAUS-25JAN01-B59.5",
            "count": 231,
            "created_time": "2025-01-01T22:40:25.77935Z",
            "yes_price": 98,
            "no_price": 2,
            "taker_side": "no"
        },
        {
            "trade_id": "113a0c54-b4d6-4d74-ae15-745b70ab30c4",
            "ticker": "KXHIGHAUS-25JAN01-B59.5",
            "count": 1,
            "created_time": "2025-01-01T22:40:11.225102Z",
            "yes_price": 98,
            "no_price": 2,
            "taker_side": "no"
        },
        {
            "trade_id": "454fe15a-cc8f-46a1-9a34-857208387f04",
            "ticker": "KXHIGHAUS-25JAN01-B59.5",
            "count": 1,
            "created_time": "2025-01-01T22:40:03.334611Z",
            "yes_price": 98,
            "no_price": 2,
            "taker_side": "no"
        },
        {
            "trade_id": "b040be21-097e-4811-848e-78ebc3907624",
            "ticker": "KXHIGHAUS-25JAN01-B59.5",
            "count": 7,
            "created_time": "2025-01-01T22:39:58.516791Z",
            "yes_price": 98,
            "no_price": 2,
            "taker_side": "no"
        },
        {
            "trade_id": "56ac3c22-0b04-469a-a405-1e1803d9363f",
            "ticker": "KXHIGHAUS-25JAN01-B59.5",
            "count": 100,
            "created_time": "2025-01-01T22:39:25.266016Z",
            "yes_price": 98,
            "no_price": 2,
            "taker_side": "no"
        },
        {
            "trade_id": "a30ea054-0445-40aa-8517-bf7282e2ec8e",
            "ticker": "KXHIGHAUS-25JAN01-B59.5",
            "count": 45,
            "created_time": "2025-01-01T22:39:02.480224Z",
            "yes_price": 98,
            "no_price": 2,
            "taker_side": "no"
        },
        {
            "trade_id": "b085b2b9-2933-45f7-b369-f95c857d1c94",
            "ticker": "KXHIGHAUS-25JAN01-B59.5",
            "count": 500,
            "created_time": "2025-01-01T22:37:58.427002Z",
            "yes_price": 99,
            "no_price": 1,
            "taker_side": "yes"
        },
        {
            "trade_id": "3e77a806-3628-4001-b49b-9c0d1ef46d6d",
            "ticker": "KXHIGHAUS-25JAN01-B59.5",
            "count": 140,
            "created_time": "2025-01-01T22:36:32.068689Z",
            "yes_price": 98,
            "no_price": 2,
            "taker_side": "no"
        },
        {
            "trade_id": "cf743f0c-ea84-495e-91d3-ea1612ae899b",
            "ticker": "KXHIGHAUS-25JAN01-B59.5",
            "count": 27,
            "created_time": "2025-01-01T22:36:15.203912Z",
            "yes_price": 98,
            "no_price": 2,
            "taker_side": "no"
        },
        {
            "trade_id": "2d65c62d-b730-4f37-98a6-a33fac42bb66",
            "ticker": "KXHIGHAUS-25JAN01-B59.5",
            "count": 126,
            "created_time": "2025-01-01T22:35:57.177043Z",
            "yes_price": 98,
            "no_price": 2,
            "taker_side": "no"
        },
        {
            "trade_id": "49e68d92-4eed-48f8-99bb-34594819addc",
            "ticker": "KXHIGHAUS-25JAN01-B59.5",
            "count": 500,
            "created_time": "2025-01-01T22:35:52.155438Z",
            "yes_price": 98,
            "no_price": 2,
            "taker_side": "no"
        },
        {
            "trade_id": "81a9e98e-a42b-4284-8678-be31a96f0503",
            "ticker": "KXHIGHAUS-25JAN01-B59.5",
            "count": 11,
            "created_time": "2025-01-01T22:35:35.600228Z",
            "yes_price": 98,
            "no_price": 2,
            "taker_side": "no"
        },
        {
            "trade_id": "e2a68f4c-0cff-4e3a-b221-7086cc4b2139",
            "ticker": "KXHIGHAUS-25JAN01-B59.5",
            "count": 36,
            "created_time": "2025-01-01T22:35:34.553987Z",
            "yes_price": 98,
            "no_price": 2,
            "taker_side": "no"
        },
        {
            "trade_id": "f0b5bce5-20bb-44fe-b5ca-fa287110899d",
            "ticker": "KXHIGHAUS-25JAN01-B59.5",
            "count": 141,
            "created_time": "2025-01-01T22:34:42.476994Z",
            "yes_price": 99,
            "no_price": 1,
            "taker_side": "yes"
        },
        {
            "trade_id": "7c46a437-6819-4a8e-852a-171560f3fec9",
            "ticker": "KXHIGHAUS-25JAN01-B59.5",
            "count": 30,
            "created_time": "2025-01-01T22:33:07.884015Z",
            "yes_price": 98,
            "no_price": 2,
            "taker_side": "no"
        },
        {
            "trade_id": "c21afb0b-f67a-4fa0-9ea4-625b25dd375f",
            "ticker": "KXHIGHAUS-25JAN01-B59.5",
            "count": 100,
            "created_time": "2025-01-01T22:32:56.079583Z",
            "yes_price": 98,
            "no_price": 2,
            "taker_side": "yes"
        },
        {
            "trade_id": "ace3bf57-afac-4452-a44b-5385511b5161",
            "ticker": "KXHIGHAUS-25JAN01-B59.5",
            "count": 13,
            "created_time": "2025-01-01T22:32:56.079583Z",
            "yes_price": 98,
            "no_price": 2,
            "taker_side": "yes"
        },
        {
            "trade_id": "547ec822-5596-4077-818d-b15ab041d24a",
            "ticker": "KXHIGHAUS-25JAN01-B59.5",
            "count": 50,
            "created_time": "2025-01-01T22:32:56.079583Z",
            "yes_price": 98,
            "no_price": 2,
            "taker_side": "yes"
        },
        {
            "trade_id": "154a3f40-a1a3-4cfa-9e26-2eb8a4624ec3",
            "ticker": "KXHIGHAUS-25JAN01-B59.5",
            "count": 50,
            "created_time": "2025-01-01T22:32:56.079583Z",
            "yes_price": 98,
            "no_price": 2,
            "taker_side": "yes"
        },
        {
            "trade_id": "143e3fa8-87ee-4690-89a2-0120be83e22e",
            "ticker": "KXHIGHAUS-25JAN01-B59.5",
            "count": 12,
            "created_time": "2025-01-01T22:32:56.079583Z",
            "yes_price": 98,
            "no_price": 2,
            "taker_side": "yes"
        },
        {
            "trade_id": "1c8bdb45-3517-4d35-a980-c3a36ddeae73",
            "ticker": "KXHIGHAUS-25JAN01-B59.5",
            "count": 78,
            "created_time": "2025-01-01T22:32:35.700522Z",
            "yes_price": 97,
            "no_price": 3,
            "taker_side": "no"
        },
        {
            "trade_id": "ccb27fe2-3ada-4eff-91f1-c9f694c2a436",
            "ticker": "KXHIGHAUS-25JAN01-B59.5",
            "count": 5,
            "created_time": "2025-01-01T22:30:52.132658Z",
            "yes_price": 97,
            "no_price": 3,
            "taker_side": "yes"
        },
        {
            "trade_id": "88c73ed4-fb52-4207-92db-b6aa6e4b334d",
            "ticker": "KXHIGHAUS-25JAN01-B59.5",
            "count": 234,
            "created_time": "2025-01-01T22:30:43.588736Z",
            "yes_price": 96,
            "no_price": 4,
            "taker_side": "no"
        },
        {
            "trade_id": "4d40bf02-4748-49c6-9bb4-6202b1841c27",
            "ticker": "KXHIGHAUS-25JAN01-B59.5",
            "count": 4,
            "created_time": "2025-01-01T22:30:34.158587Z",
            "yes_price": 96,
            "no_price": 4,
            "taker_side": "no"
        },
        {
            "trade_id": "e192b8e1-8586-4f23-888c-2f617ba3669a",
            "ticker": "KXHIGHAUS-25JAN01-B59.5",
            "count": 15,
            "created_time": "2025-01-01T22:23:39.244264Z",
            "yes_price": 97,
            "no_price": 3,
            "taker_side": "yes"
        },
        {
            "trade_id": "cf354011-5bdb-4cf0-8e66-7462e802c039",
            "ticker": "KXHIGHAUS-25JAN01-B59.5",
            "count": 51,
            "created_time": "2025-01-01T22:23:39.244264Z",
            "yes_price": 96,
            "no_price": 4,
            "taker_side": "yes"
        },
        {
            "trade_id": "a7384234-2e4f-44a0-9e92-deefc29cb7af",
            "ticker": "KXHIGHAUS-25JAN01-B59.5",
            "count": 100,
            "created_time": "2025-01-01T22:23:39.244264Z",
            "yes_price": 97,
            "no_price": 3,
            "taker_side": "yes"
        },
        {
            "trade_id": "9f343395-1c26-4f18-bd52-fc94e96615fb",
            "ticker": "KXHIGHAUS-25JAN01-B59.5",
            "count": 50,
            "created_time": "2025-01-01T22:23:39.244264Z",
            "yes_price": 97,
            "no_price": 3,
            "taker_side": "yes"
        },
        {
            "trade_id": "699b7433-4bd0-4a38-b164-3f0b3730e563",
            "ticker": "KXHIGHAUS-25JAN01-B59.5",
            "count": 12,
            "created_time": "2025-01-01T22:23:39.244264Z",
            "yes_price": 96,
            "no_price": 4,
            "taker_side": "yes"
        },
        {
            "trade_id": "697e82cb-604f-482e-92ce-c57c58ce8e3a",
            "ticker": "KXHIGHAUS-25JAN01-B59.5",
            "count": 39,
            "created_time": "2025-01-01T22:23:39.244264Z",
            "yes_price": 97,
            "no_price": 3,
            "taker_side": "yes"
        },
        {
            "trade_id": "fef1ca8c-e433-45d9-849f-671ad90b5333",
            "ticker": "KXHIGHAUS-25JAN01-B59.5",
            "count": 1,
            "created_time": "2025-01-01T22:23:11.53206Z",
            "yes_price": 95,
            "no_price": 5,
            "taker_side": "yes"
        },
        {
            "trade_id": "713a838e-54d9-4830-a772-bd780c371932",
            "ticker": "KXHIGHAUS-25JAN01-B59.5",
            "count": 54,
            "created_time": "2025-01-01T22:23:11.53206Z",
            "yes_price": 95,
            "no_price": 5,
            "taker_side": "yes"
        },
        {
            "trade_id": "38f7d1dd-b24d-4223-86e2-8bdc9d86c53e",
            "ticker": "KXHIGHAUS-25JAN01-B59.5",
            "count": 57,
            "created_time": "2025-01-01T22:23:07.742115Z",
            "yes_price": 95,
            "no_price": 5,
            "taker_side": "yes"
        },
        {
            "trade_id": "9589bb05-2fab-4b31-9b2e-941143cd819a",
            "ticker": "KXHIGHAUS-25JAN01-B59.5",
            "count": 34,
            "created_time": "2025-01-01T22:22:49.357127Z",
            "yes_price": 95,
            "no_price": 5,
            "taker_side": "yes"
        },
        {
            "trade_id": "395c6ee2-6970-4bac-b24c-51876b3c3e00",
            "ticker": "KXHIGHAUS-25JAN01-B59.5",
            "count": 127,
            "created_time": "2025-01-01T22:22:31.132186Z",
            "yes_price": 95,
            "no_price": 5,
            "taker_side": "yes"
        },
        {
            "trade_id": "f602d60e-f04b-4403-9d88-1ff4309adfd2",
            "ticker": "KXHIGHAUS-25JAN01-B59.5",
            "count": 34,
            "created_time": "2025-01-01T22:22:15.648269Z",
            "yes_price": 95,
            "no_price": 5,
            "taker_side": "yes"
        },
        {
            "trade_id": "05bdc1a2-9018-44cf-a168-1e2dac8bda26",
            "ticker": "KXHIGHAUS-25JAN01-B59.5",
            "count": 50,
            "created_time": "2025-01-01T22:21:18.402646Z",
            "yes_price": 95,
            "no_price": 5,
            "taker_side": "yes"
        },
        {
            "trade_id": "b0241880-54bd-482e-84c1-8af86eff5747",
            "ticker": "KXHIGHAUS-25JAN01-B59.5",
            "count": 250,
            "created_time": "2025-01-01T22:21:09.710024Z",
            "yes_price": 94,
            "no_price": 6,
            "taker_side": "no"
        },
        {
            "trade_id": "3001c026-c977-4ce4-b55c-9d63dd46477f",
            "ticker": "KXHIGHAUS-25JAN01-B59.5",
            "count": 106,
            "created_time": "2025-01-01T22:21:09.710024Z",
            "yes_price": 91,
            "no_price": 9,
            "taker_side": "no"
        },
        {
            "trade_id": "0cc98a86-4d64-4cf4-a50b-1d7094c088da",
            "ticker": "KXHIGHAUS-25JAN01-B59.5",
            "count": 356,
            "created_time": "2025-01-01T22:21:09.655369Z",
            "yes_price": 95,
            "no_price": 5,
            "taker_side": "no"
        },
        {
            "trade_id": "10a21fa6-8baf-4607-90eb-b00d2fb148f5",
            "ticker": "KXHIGHAUS-25JAN01-B59.5",
            "count": 1,
            "created_time": "2025-01-01T22:20:55.720225Z",
            "yes_price": 95,
            "no_price": 5,
            "taker_side": "no"
        },
        {
            "trade_id": "628a4f91-e6ab-4ddc-8655-6fe72b117a5a",
            "ticker": "KXHIGHAUS-25JAN01-B59.5",
            "count": 158,
            "created_time": "2025-01-01T22:19:56.49776Z",
            "yes_price": 95,
            "no_price": 5,
            "taker_side": "yes"
        },
        {
            "trade_id": "571620c0-0485-4112-9230-e7d437b48d91",
            "ticker": "KXHIGHAUS-25JAN01-B59.5",
            "count": 199,
            "created_time": "2025-01-01T22:19:56.49776Z",
            "yes_price": 95,
            "no_price": 5,
            "taker_side": "yes"
        },
        {
            "trade_id": "94885025-d886-4c16-afdb-f90df4d256aa",
            "ticker": "KXHIGHAUS-25JAN01-B59.5",
            "count": 199,
            "created_time": "2025-01-01T22:19:56.222503Z",
            "yes_price": 95,
            "no_price": 5,
            "taker_side": "no"
        },
        {
            "trade_id": "2993a2e1-8b27-4f71-82bf-77024eadb830",
            "ticker": "KXHIGHAUS-25JAN01-B59.5",
            "count": 159,
            "created_time": "2025-01-01T22:19:47.090084Z",
            "yes_price": 95,
            "no_price": 5,
            "taker_side": "no"
        },
        {
            "trade_id": "970672bb-9866-4493-9e7f-ce3662b3ba24",
            "ticker": "KXHIGHAUS-25JAN01-B59.5",
            "count": 15,
            "created_time": "2025-01-01T22:19:08.133454Z",
            "yes_price": 96,
            "no_price": 4,
            "taker_side": "yes"
        },
        {
            "trade_id": "261a60d1-30f0-4b39-8b97-a75b548f2b95",
            "ticker": "KXHIGHAUS-25JAN01-B59.5",
            "count": 49,
            "created_time": "2025-01-01T22:19:08.133454Z",
            "yes_price": 96,
            "no_price": 4,
            "taker_side": "yes"
        },
        {
            "trade_id": "2ffb0600-5bc6-45a6-bd1c-956d8604f4e4",
            "ticker": "KXHIGHAUS-25JAN01-B59.5",
            "count": 361,
            "created_time": "2025-01-01T22:19:04.5493Z",
            "yes_price": 91,
            "no_price": 9,
            "taker_side": "no"
        },
        {
            "trade_id": "8f5732f7-9374-4dc3-a27f-9fb2374a2668",
            "ticker": "KXHIGHAUS-25JAN01-B59.5",
            "count": 6,
            "created_time": "2025-01-01T22:18:06.926692Z",
            "yes_price": 85,
            "no_price": 15,
            "taker_side": "no"
        },
        {
            "trade_id": "c297d8ef-2aa7-431f-8821-a37030101d47",
            "ticker": "KXHIGHAUS-25JAN01-B59.5",
            "count": 12,
            "created_time": "2025-01-01T22:17:26.375639Z",
            "yes_price": 94,
            "no_price": 6,
            "taker_side": "yes"
        },
        {
            "trade_id": "8d027f86-c94a-408b-8c2c-28bc38b3eafb",
            "ticker": "KXHIGHAUS-25JAN01-B59.5",
            "count": 63,
            "created_time": "2025-01-01T22:17:26.375639Z",
            "yes_price": 94,
            "no_price": 6,
            "taker_side": "yes"
        },
        {
            "trade_id": "311a2ce3-5224-47c9-b29b-9af72efda269",
            "ticker": "KXHIGHAUS-25JAN01-B59.5",
            "count": 1,
            "created_time": "2025-01-01T22:17:19.349304Z",
            "yes_price": 93,
            "no_price": 7,
            "taker_side": "yes"
        },
        {
            "trade_id": "a31e6c4e-dcb5-46ec-aa6f-68a8725937ba",
            "ticker": "KXHIGHAUS-25JAN01-B59.5",
            "count": 57,
            "created_time": "2025-01-01T22:17:18.608255Z",
            "yes_price": 93,
            "no_price": 7,
            "taker_side": "yes"
        },
        {
            "trade_id": "de748885-30ee-4254-85af-9b7716004680",
            "ticker": "KXHIGHAUS-25JAN01-B59.5",
            "count": 14,
            "created_time": "2025-01-01T22:17:14.92819Z",
            "yes_price": 78,
            "no_price": 22,
            "taker_side": "no"
        },
        {
            "trade_id": "852e0c07-e9c4-4844-a019-5254860afb51",
            "ticker": "KXHIGHAUS-25JAN01-B59.5",
            "count": 1,
            "created_time": "2025-01-01T22:17:10.340084Z",
            "yes_price": 94,
            "no_price": 6,
            "taker_side": "yes"
        },
        {
            "trade_id": "58b06ae4-2663-4f0e-b9b8-0b39cc42961e",
            "ticker": "KXHIGHAUS-25JAN01-B59.5",
            "count": 437,
            "created_time": "2025-01-01T22:17:10.340084Z",
            "yes_price": 94,
            "no_price": 6,
            "taker_side": "yes"
        },
        {
            "trade_id": "1e36accf-2458-47e7-9d2a-aa8ff5417b1c",
            "ticker": "KXHIGHAUS-25JAN01-B59.5",
            "count": 1,
            "created_time": "2025-01-01T22:17:10.340084Z",
            "yes_price": 93,
            "no_price": 7,
            "taker_side": "yes"
        },
        {
            "trade_id": "83868182-01e4-4954-8e0b-8174a1afa4cc",
            "ticker": "KXHIGHAUS-25JAN01-B59.5",
            "count": 11,
            "created_time": "2025-01-01T22:16:05.387996Z",
            "yes_price": 94,
            "no_price": 6,
            "taker_side": "yes"
        },
        {
            "trade_id": "8bf5b86f-da6a-47cb-b341-2637155a4d58",
            "ticker": "KXHIGHAUS-25JAN01-B59.5",
            "count": 10,
            "created_time": "2025-01-01T22:14:59.358098Z",
            "yes_price": 88,
            "no_price": 12,
            "taker_side": "yes"
        },
        {
            "trade_id": "0f24a55f-1e05-4cf9-be36-7185caccee0f",
            "ticker": "KXHIGHAUS-25JAN01-B59.5",
            "count": 2,
            "created_time": "2025-01-01T22:13:49.808756Z",
            "yes_price": 78,
            "no_price": 22,
            "taker_side": "no"
        },
        {
            "trade_id": "078c7743-4c7a-4c8e-bbb2-533db3f75738",
            "ticker": "KXHIGHAUS-25JAN01-B59.5",
            "count": 2,
            "created_time": "2025-01-01T22:12:17.297771Z",
            "yes_price": 88,
            "no_price": 12,
            "taker_side": "yes"
        },
        {
            "trade_id": "89749fe5-1956-409e-ad6b-72aa9807b381",
            "ticker": "KXHIGHAUS-25JAN01-B59.5",
            "count": 22,
            "created_time": "2025-01-01T22:10:30.235527Z",
            "yes_price": 88,
            "no_price": 12,
            "taker_side": "yes"
        },
        {
            "trade_id": "5f1f020a-f1cd-4ab3-bce1-d5d1a8301b4a",
            "ticker": "KXHIGHAUS-25JAN01-B59.5",
            "count": 6,
            "created_time": "2025-01-01T22:06:09.576599Z",
            "yes_price": 88,
            "no_price": 12,
            "taker_side": "no"
        },
        {
            "trade_id": "99590928-4b8e-4958-ad9b-284a560a4f84",
            "ticker": "KXHIGHAUS-25JAN01-B59.5",
            "count": 40,
            "created_time": "2025-01-01T22:06:09.242734Z",
            "yes_price": 88,
            "no_price": 12,
            "taker_side": "no"
        },
        {
            "trade_id": "97fb85a3-ad41-451b-a371-5d9e4fa30a9d",
            "ticker": "KXHIGHAUS-25JAN01-B59.5",
            "count": 177,
            "created_time": "2025-01-01T22:05:50.229625Z",
            "yes_price": 88,
            "no_price": 12,
            "taker_side": "no"
        },
        {
            "trade_id": "efadc318-0e15-4361-902f-ac5bdc3b8f7a",
            "ticker": "KXHIGHAUS-25JAN01-B59.5",
            "count": 177,
            "created_time": "2025-01-01T22:05:49.954788Z",
            "yes_price": 88,
            "no_price": 12,
            "taker_side": "no"
        },
        {
            "trade_id": "0a909fd7-e93b-4445-87f8-99ae08a3f1c3",
            "ticker": "KXHIGHAUS-25JAN01-B59.5",
            "count": 231,
            "created_time": "2025-01-01T22:04:47.109429Z",
            "yes_price": 89,
            "no_price": 11,
            "taker_side": "no"
        },
        {
            "trade_id": "ea35d746-d24b-4cb6-8777-14749afcda67",
            "ticker": "KXHIGHAUS-25JAN01-B59.5",
            "count": 22,
            "created_time": "2025-01-01T22:02:24.353104Z",
            "yes_price": 96,
            "no_price": 4,
            "taker_side": "yes"
        },
        {
            "trade_id": "c7a41166-c279-4242-9869-0d09dafaf162",
            "ticker": "KXHIGHAUS-25JAN01-B59.5",
            "count": 250,
            "created_time": "2025-01-01T22:02:24.353104Z",
            "yes_price": 95,
            "no_price": 5,
            "taker_side": "yes"
        },
        {
            "trade_id": "ba068cec-2680-4de2-bb99-7d8f11f23d2f",
            "ticker": "KXHIGHAUS-25JAN01-B59.5",
            "count": 251,
            "created_time": "2025-01-01T22:02:24.353104Z",
            "yes_price": 94,
            "no_price": 6,
            "taker_side": "yes"
        },
        {
            "trade_id": "b792a13b-1c72-4269-acb2-2acb48c108eb",
            "ticker": "KXHIGHAUS-25JAN01-B59.5",
            "count": 50,
            "created_time": "2025-01-01T22:02:24.353104Z",
            "yes_price": 95,
            "no_price": 5,
            "taker_side": "yes"
        },
        {
            "trade_id": "53b49897-7433-4094-b48e-4adcbf9afc87",
            "ticker": "KXHIGHAUS-25JAN01-B59.5",
            "count": 19,
            "created_time": "2025-01-01T22:02:24.353104Z",
            "yes_price": 94,
            "no_price": 6,
            "taker_side": "yes"
        },
        {
            "trade_id": "188e31b7-ab20-4608-8b32-b9672095c56f",
            "ticker": "KXHIGHAUS-25JAN01-B59.5",
            "count": 17,
            "created_time": "2025-01-01T22:02:24.353104Z",
            "yes_price": 92,
            "no_price": 8,
            "taker_side": "yes"
        },
        {
            "trade_id": "d5cace55-cd37-408d-b8e3-6277f9f4a225",
            "ticker": "KXHIGHAUS-25JAN01-B59.5",
            "count": 19,
            "created_time": "2025-01-01T21:58:54.819973Z",
            "yes_price": 90,
            "no_price": 10,
            "taker_side": "yes"
        },
        {
            "trade_id": "736c9d8e-5900-41a0-9698-b81e14990256",
            "ticker": "KXHIGHAUS-25JAN01-B59.5",
            "count": 67,
            "created_time": "2025-01-01T21:58:54.819973Z",
            "yes_price": 90,
            "no_price": 10,
            "taker_side": "yes"
        },
        {
            "trade_id": "135634b1-54ce-4f2f-91af-784c165a63cf",
            "ticker": "KXHIGHAUS-25JAN01-B59.5",
            "count": 8,
            "created_time": "2025-01-01T21:58:54.819973Z",
            "yes_price": 83,
            "no_price": 17,
            "taker_side": "yes"
        },
        {
            "trade_id": "b25a1636-13b7-4847-bc9a-289946756d1f",
            "ticker": "KXHIGHAUS-25JAN01-B59.5",
            "count": 1,
            "created_time": "2025-01-01T21:58:42.913138Z",
            "yes_price": 83,
            "no_price": 17,
            "taker_side": "yes"
        },
        {
            "trade_id": "244c4ad0-d92b-4229-a59c-96b1e420a5d8",
            "ticker": "KXHIGHAUS-25JAN01-B59.5",
            "count": 35,
            "created_time": "2025-01-01T21:54:04.633681Z",
            "yes_price": 68,
            "no_price": 32,
            "taker_side": "no"
        },
        {
            "trade_id": "aeb565d7-e8e7-4356-b105-185d0ae5efa0",
            "ticker": "KXHIGHAUS-25JAN01-B59.5",
            "count": 59,
            "created_time": "2025-01-01T21:53:36.606476Z",
            "yes_price": 68,
            "no_price": 32,
            "taker_side": "no"
        },
        {
            "trade_id": "e011d256-561e-48f9-ab92-a5e5f656778e",
            "ticker": "KXHIGHAUS-25JAN01-B59.5",
            "count": 299,
            "created_time": "2025-01-01T21:52:29.444866Z",
            "yes_price": 85,
            "no_price": 15,
            "taker_side": "no"
        },
        {
            "trade_id": "2261644f-9bdd-459b-ab52-303f0b84d3f0",
            "ticker": "KXHIGHAUS-25JAN01-B59.5",
            "count": 1,
            "created_time": "2025-01-01T21:52:07.744364Z",
            "yes_price": 85,
            "no_price": 15,
            "taker_side": "no"
        },
        {
            "trade_id": "c2f86ba3-3437-42a9-a286-4cc44b3ade1e",
            "ticker": "KXHIGHAUS-25JAN01-B59.5",
            "count": 1,
            "created_time": "2025-01-01T21:50:20.489221Z",
            "yes_price": 94,
            "no_price": 6,
            "taker_side": "yes"
        },
        {
            "trade_id": "6417cb4e-12be-432d-bf05-0a16c38c0233",
            "ticker": "KXHIGHAUS-25JAN01-B59.5",
            "count": 10,
            "created_time": "2025-01-01T21:49:43.060563Z",
            "yes_price": 86,
            "no_price": 14,
            "taker_side": "no"
        },
        {
            "trade_id": "fafe194f-c1a4-4293-9e65-aac479da066a",
            "ticker": "KXHIGHAUS-25JAN01-B59.5",
            "count": 17,
            "created_time": "2025-01-01T21:45:40.446888Z",
            "yes_price": 92,
            "no_price": 8,
            "taker_side": "yes"
        },
        {
            "trade_id": "efb04eff-7731-4aed-bdbb-81ec74e2144c",
            "ticker": "KXHIGHAUS-25JAN01-B59.5",
            "count": 204,
            "created_time": "2025-01-01T21:42:50.99397Z",
            "yes_price": 91,
            "no_price": 9,
            "taker_side": "yes"
        },
        {
            "trade_id": "deb1d68b-8c14-4246-b73a-0cc1bcbeaff9",
            "ticker": "KXHIGHAUS-25JAN01-B59.5",
            "count": 50,
            "created_time": "2025-01-01T21:42:50.99397Z",
            "yes_price": 92,
            "no_price": 8,
            "taker_side": "yes"
        },
        {
            "trade_id": "cb927c47-2852-46b3-9700-c2213d1b8988",
            "ticker": "KXHIGHAUS-25JAN01-B59.5",
            "count": 32,
            "created_time": "2025-01-01T21:42:50.99397Z",
            "yes_price": 96,
            "no_price": 4,
            "taker_side": "yes"
        },
        {
            "trade_id": "b908a53f-e4d3-44b2-a706-e7dc3cb5d41d",
            "ticker": "KXHIGHAUS-25JAN01-B59.5",
            "count": 50,
            "created_time": "2025-01-01T21:42:50.99397Z",
            "yes_price": 96,
            "no_price": 4,
            "taker_side": "yes"
        },
        {
            "trade_id": "a1f5bfb4-5b1c-4267-ad1c-a2526062b81c",
            "ticker": "KXHIGHAUS-25JAN01-B59.5",
            "count": 250,
            "created_time": "2025-01-01T21:42:50.99397Z",
            "yes_price": 94,
            "no_price": 6,
            "taker_side": "yes"
        },
        {
            "trade_id": "51331d88-0e1e-4298-87dc-0b695b860c2f",
            "ticker": "KXHIGHAUS-25JAN01-B59.5",
            "count": 250,
            "created_time": "2025-01-01T21:42:50.99397Z",
            "yes_price": 96,
            "no_price": 4,
            "taker_side": "yes"
        },
        {
            "trade_id": "26037b3c-7da4-4160-b146-d4adb59e0ac4",
            "ticker": "KXHIGHAUS-25JAN01-B59.5",
            "count": 49,
            "created_time": "2025-01-01T21:42:50.99397Z",
            "yes_price": 94,
            "no_price": 6,
            "taker_side": "yes"
        },
        {
            "trade_id": "22d74c1e-1a05-42bf-b3b5-349d9286376d",
            "ticker": "KXHIGHAUS-25JAN01-B59.5",
            "count": 801,
            "created_time": "2025-01-01T21:42:50.99397Z",
            "yes_price": 92,
            "no_price": 8,
            "taker_side": "yes"
        },
        {
            "trade_id": "150e8ebe-1297-4597-ab32-dd7639a524be",
            "ticker": "KXHIGHAUS-25JAN01-B59.5",
            "count": 1,
            "created_time": "2025-01-01T21:41:47.752329Z",
            "yes_price": 91,
            "no_price": 9,
            "taker_side": "yes"
        },
        {
            "trade_id": "e4eac85c-c120-426b-8d2d-249b42682b5e",
            "ticker": "KXHIGHAUS-25JAN01-B59.5",
            "count": 16,
            "created_time": "2025-01-01T21:40:52.89521Z",
            "yes_price": 90,
            "no_price": 10,
            "taker_side": "yes"
        },
        {
            "trade_id": "79c5341e-f3a5-4a8b-b7bd-471824fabbc6",
            "ticker": "KXHIGHAUS-25JAN01-B59.5",
            "count": 45,
            "created_time": "2025-01-01T21:40:52.89521Z",
            "yes_price": 91,
            "no_price": 9,
            "taker_side": "yes"
        },
        {
            "trade_id": "fc608094-68d1-49e6-b5ce-fa6ea63fdd64",
            "ticker": "KXHIGHAUS-25JAN01-B59.5",
            "count": 52,
            "created_time": "2025-01-01T21:40:31.203256Z",
            "yes_price": 89,
            "no_price": 11,
            "taker_side": "yes"
        },
        {
            "trade_id": "b34a557a-9d17-47ca-bfea-38601dff7b76",
            "ticker": "KXHIGHAUS-25JAN01-B59.5",
            "count": 18,
            "created_time": "2025-01-01T21:40:31.203256Z",
            "yes_price": 90,
            "no_price": 10,
            "taker_side": "yes"
        },
        {
            "trade_id": "bd9342d7-28d5-4db8-8015-ce0698b83274",
            "ticker": "KXHIGHAUS-25JAN01-B59.5",
            "count": 24,
            "created_time": "2025-01-01T21:40:24.742276Z",
            "yes_price": 82,
            "no_price": 18,
            "taker_side": "yes"
        },
        {
            "trade_id": "f7786596-21d8-445d-8826-778f44fbb999",
            "ticker": "KXHIGHAUS-25JAN01-B59.5",
            "count": 94,
            "created_time": "2025-01-01T21:40:02.393574Z",
            "yes_price": 88,
            "no_price": 12,
            "taker_side": "yes"
        },
        {
            "trade_id": "c6928581-82c0-40d1-a561-7b400b1e4bc3",
            "ticker": "KXHIGHAUS-25JAN01-B59.5",
            "count": 100,
            "created_time": "2025-01-01T21:39:42.609412Z",
            "yes_price": 88,
            "no_price": 12,
            "taker_side": "yes"
        },
        {
            "trade_id": "551c6538-1b50-4c67-895d-5253bf01edc5",
            "ticker": "KXHIGHAUS-25JAN01-B59.5",
            "count": 56,
            "created_time": "2025-01-01T21:39:41.413344Z",
            "yes_price": 88,
            "no_price": 12,
            "taker_side": "yes"
        },
        {
            "trade_id": "f1bca664-884b-4c26-8b83-2ea7986c529b",
            "ticker": "KXHIGHAUS-25JAN01-B59.5",
            "count": 411,
            "created_time": "2025-01-01T21:39:06.16091Z",
            "yes_price": 85,
            "no_price": 15,
            "taker_side": "yes"
        },
        {
            "trade_id": "e5d9a511-5678-4efd-a5ba-526bdbbd1ffe",
            "ticker": "KXHIGHAUS-25JAN01-B59.5",
            "count": 26,
            "created_time": "2025-01-01T21:39:06.16091Z",
            "yes_price": 79,
            "no_price": 21,
            "taker_side": "yes"
        },
        {
            "trade_id": "dc61ee59-0a01-4e8c-87cc-438207e17af8",
            "ticker": "KXHIGHAUS-25JAN01-B59.5",
            "count": 62,
            "created_time": "2025-01-01T21:39:06.16091Z",
            "yes_price": 87,
            "no_price": 13,
            "taker_side": "yes"
        },
        {
            "trade_id": "a7ee3417-65de-46cb-84cc-59e550363f59",
            "ticker": "KXHIGHAUS-25JAN01-B59.5",
            "count": 449,
            "created_time": "2025-01-01T21:39:06.16091Z",
            "yes_price": 85,
            "no_price": 15,
            "taker_side": "yes"
        },
        {
            "trade_id": "7ed4e919-bf86-4692-9e47-52f9daa625a4",
            "ticker": "KXHIGHAUS-25JAN01-B59.5",
            "count": 25,
            "created_time": "2025-01-01T21:39:06.16091Z",
            "yes_price": 77,
            "no_price": 23,
            "taker_side": "yes"
        },
        {
            "trade_id": "217c04e0-9b1e-4d05-b596-c5b585166f8f",
            "ticker": "KXHIGHAUS-25JAN01-B59.5",
            "count": 27,
            "created_time": "2025-01-01T21:39:06.16091Z",
            "yes_price": 78,
            "no_price": 22,
            "taker_side": "yes"
        },
        {
            "trade_id": "c8c920db-644d-46d4-a14f-95ce7ddb837e",
            "ticker": "KXHIGHAUS-25JAN01-B59.5",
            "count": 25,
            "created_time": "2025-01-01T21:35:48.635713Z",
            "yes_price": 66,
            "no_price": 34,
            "taker_side": "no"
        },
        {
            "trade_id": "c1d5072f-9489-49b6-a71f-0ffb5d7e2ea5",
            "ticker": "KXHIGHAUS-25JAN01-B59.5",
            "count": 25,
            "created_time": "2025-01-01T21:35:48.635713Z",
            "yes_price": 67,
            "no_price": 33,
            "taker_side": "no"
        },
        {
            "trade_id": "87712668-4422-4307-9835-60fbaaaca8b4",
            "ticker": "KXHIGHAUS-25JAN01-B59.5",
            "count": 19,
            "created_time": "2025-01-01T21:35:48.635713Z",
            "yes_price": 65,
            "no_price": 35,
            "taker_side": "no"
        },
        {
            "trade_id": "84987100-d475-4fab-97e6-dfe653e4108e",
            "ticker": "KXHIGHAUS-25JAN01-B59.5",
            "count": 1,
            "created_time": "2025-01-01T21:35:48.635713Z",
            "yes_price": 71,
            "no_price": 29,
            "taker_side": "no"
        },
        {
            "trade_id": "edb37835-af7c-4000-a1eb-f30da4eab72c",
            "ticker": "KXHIGHAUS-25JAN01-B59.5",
            "count": 1,
            "created_time": "2025-01-01T21:33:11.593212Z",
            "yes_price": 79,
            "no_price": 21,
            "taker_side": "yes"
        },
        {
            "trade_id": "7ce1350a-bb5b-4341-bb2c-60673ce4d448",
            "ticker": "KXHIGHAUS-25JAN01-B59.5",
            "count": 50,
            "created_time": "2025-01-01T21:32:57.863008Z",
            "yes_price": 79,
            "no_price": 21,
            "taker_side": "yes"
        },
        {
            "trade_id": "0226f787-9a62-4596-8d1c-b53a6ed411f4",
            "ticker": "KXHIGHAUS-25JAN01-B59.5",
            "count": 29,
            "created_time": "2025-01-01T21:32:55.051259Z",
            "yes_price": 78,
            "no_price": 22,
            "taker_side": "yes"
        },
        {
            "trade_id": "8b70e25d-32c4-43a8-b174-26a40e3b888a",
            "ticker": "KXHIGHAUS-25JAN01-B59.5",
            "count": 25,
            "created_time": "2025-01-01T21:32:36.928948Z",
            "yes_price": 77,
            "no_price": 23,
            "taker_side": "yes"
        },
        {
            "trade_id": "6f3425e6-9c70-4f9f-9f6b-89bd917ae489",
            "ticker": "KXHIGHAUS-25JAN01-B59.5",
            "count": 283,
            "created_time": "2025-01-01T21:31:48.623313Z",
            "yes_price": 76,
            "no_price": 24,
            "taker_side": "no"
        },
        {
            "trade_id": "a602ef09-aa2f-4a2c-90fe-781c0f91f601",
            "ticker": "KXHIGHAUS-25JAN01-B59.5",
            "count": 11,
            "created_time": "2025-01-01T21:31:33.183044Z",
            "yes_price": 76,
            "no_price": 24,
            "taker_side": "no"
        },
        {
            "trade_id": "310bb78e-d362-4f4c-bb06-4e864a98640c",
            "ticker": "KXHIGHAUS-25JAN01-B59.5",
            "count": 17,
            "created_time": "2025-01-01T21:31:33.16892Z",
            "yes_price": 76,
            "no_price": 24,
            "taker_side": "no"
        },
        {
            "trade_id": "6a61b2c6-6731-4235-b160-edc9a3488cb4",
            "ticker": "KXHIGHAUS-25JAN01-B59.5",
            "count": 11,
            "created_time": "2025-01-01T21:31:33.076727Z",
            "yes_price": 76,
            "no_price": 24,
            "taker_side": "yes"
        },
        {
            "trade_id": "608f058a-ec0f-48d5-a2c6-d2501f541146",
            "ticker": "KXHIGHAUS-25JAN01-B59.5",
            "count": 28,
            "created_time": "2025-01-01T21:31:33.076727Z",
            "yes_price": 76,
            "no_price": 24,
            "taker_side": "yes"
        },
        {
            "trade_id": "45590778-167f-4e18-93c9-f12219141609",
            "ticker": "KXHIGHAUS-25JAN01-B59.5",
            "count": 250,
            "created_time": "2025-01-01T21:31:33.076727Z",
            "yes_price": 76,
            "no_price": 24,
            "taker_side": "yes"
        },
        {
            "trade_id": "c79d3179-f9fe-40c0-8a27-7b37673d1161",
            "ticker": "KXHIGHAUS-25JAN01-B59.5",
            "count": 551,
            "created_time": "2025-01-01T21:29:37.099828Z",
            "yes_price": 73,
            "no_price": 27,
            "taker_side": "no"
        },
        {
            "trade_id": "ee7ba549-64ab-473b-a0d6-2f94b8584c3c",
            "ticker": "KXHIGHAUS-25JAN01-B59.5",
            "count": 249,
            "created_time": "2025-01-01T21:29:30.888778Z",
            "yes_price": 73,
            "no_price": 27,
            "taker_side": "yes"
        },
        {
            "trade_id": "cb6a8749-a528-4bec-a9f6-8c9a2ae9650e",
            "ticker": "KXHIGHAUS-25JAN01-B59.5",
            "count": 1,
            "created_time": "2025-01-01T21:28:35.374394Z",
            "yes_price": 73,
            "no_price": 27,
            "taker_side": "yes"
        },
        {
            "trade_id": "b47ed023-3e37-4943-ac74-eb0db8ecfe55",
            "ticker": "KXHIGHAUS-25JAN01-B59.5",
            "count": 58,
            "created_time": "2025-01-01T21:27:39.436374Z",
            "yes_price": 67,
            "no_price": 33,
            "taker_side": "no"
        },
        {
            "trade_id": "319d3e65-99b6-48b0-8e20-3a7ba1f62d23",
            "ticker": "KXHIGHAUS-25JAN01-B59.5",
            "count": 39,
            "created_time": "2025-01-01T21:27:39.436374Z",
            "yes_price": 56,
            "no_price": 44,
            "taker_side": "no"
        },
        {
            "trade_id": "1e597dc5-62a1-4f42-bac9-36cc92eb8dab",
            "ticker": "KXHIGHAUS-25JAN01-B59.5",
            "count": 303,
            "created_time": "2025-01-01T21:27:39.436374Z",
            "yes_price": 55,
            "no_price": 45,
            "taker_side": "no"
        },
        {
            "trade_id": "b41531bf-7b19-44cc-9161-6fac223954a2",
            "ticker": "KXHIGHAUS-25JAN01-B59.5",
            "count": 39,
            "created_time": "2025-01-01T21:24:55.310719Z",
            "yes_price": 74,
            "no_price": 26,
            "taker_side": "yes"
        },
        {
            "trade_id": "2085f14b-c2c7-4b8d-a046-a4c4e68eedbc",
            "ticker": "KXHIGHAUS-25JAN01-B59.5",
            "count": 62,
            "created_time": "2025-01-01T21:24:55.310719Z",
            "yes_price": 73,
            "no_price": 27,
            "taker_side": "yes"
        },
        {
            "trade_id": "c68c325a-c482-42d2-a865-b0ac4b865065",
            "ticker": "KXHIGHAUS-25JAN01-B59.5",
            "count": 447,
            "created_time": "2025-01-01T21:24:23.178415Z",
            "yes_price": 54,
            "no_price": 46,
            "taker_side": "yes"
        },
        {
            "trade_id": "dcf02aca-7c59-43fa-82cb-4cbdd00dc66b",
            "ticker": "KXHIGHAUS-25JAN01-B59.5",
            "count": 300,
            "created_time": "2025-01-01T21:24:08.833359Z",
            "yes_price": 54,
            "no_price": 46,
            "taker_side": "yes"
        },
        {
            "trade_id": "cf252439-d093-4733-9c3e-6ff734e32925",
            "ticker": "KXHIGHAUS-25JAN01-B59.5",
            "count": 10,
            "created_time": "2025-01-01T21:22:34.708719Z",
            "yes_price": 52,
            "no_price": 48,
            "taker_side": "yes"
        },
        {
            "trade_id": "7ccb8dd5-f7c5-434d-8f01-54bc04c430c0",
            "ticker": "KXHIGHAUS-25JAN01-B59.5",
            "count": 238,
            "created_time": "2025-01-01T21:22:34.708719Z",
            "yes_price": 53,
            "no_price": 47,
            "taker_side": "yes"
        },
        {
            "trade_id": "d29aa44d-a71d-453d-96f8-afa487350870",
            "ticker": "KXHIGHAUS-25JAN01-B59.5",
            "count": 35,
            "created_time": "2025-01-01T21:22:30.800309Z",
            "yes_price": 49,
            "no_price": 51,
            "taker_side": "yes"
        },
        {
            "trade_id": "229b59de-6ece-478e-ada2-9f85230542e4",
            "ticker": "KXHIGHAUS-25JAN01-B59.5",
            "count": 4,
            "created_time": "2025-01-01T21:22:30.800309Z",
            "yes_price": 51,
            "no_price": 49,
            "taker_side": "yes"
        },
        {
            "trade_id": "a66ae0a0-8b4a-40b7-9d58-d3069e3db7ff",
            "ticker": "KXHIGHAUS-25JAN01-B59.5",
            "count": 1,
            "created_time": "2025-01-01T21:22:22.038567Z",
            "yes_price": 41,
            "no_price": 59,
            "taker_side": "no"
        },
        {
            "trade_id": "88241391-3840-4f02-bc9d-27cacc0a6c3e",
            "ticker": "KXHIGHAUS-25JAN01-B59.5",
            "count": 11,
            "created_time": "2025-01-01T21:22:22.038567Z",
            "yes_price": 40,
            "no_price": 60,
            "taker_side": "no"
        },
        {
            "trade_id": "49f26892-c0f4-4e5f-947d-961c4a904078",
            "ticker": "KXHIGHAUS-25JAN01-B59.5",
            "count": 38,
            "created_time": "2025-01-01T21:22:22.038567Z",
            "yes_price": 33,
            "no_price": 67,
            "taker_side": "no"
        },
        {
            "trade_id": "d61aab77-6445-4249-b53e-47d12b5e918b",
            "ticker": "KXHIGHAUS-25JAN01-B59.5",
            "count": 116,
            "created_time": "2025-01-01T21:20:10.799754Z",
            "yes_price": 53,
            "no_price": 47,
            "taker_side": "yes"
        },
        {
            "trade_id": "bd5fc9dd-3a05-4c46-9a68-6176b66d97bb",
            "ticker": "KXHIGHAUS-25JAN01-B59.5",
            "count": 153,
            "created_time": "2025-01-01T21:20:10.799754Z",
            "yes_price": 54,
            "no_price": 46,
            "taker_side": "yes"
        },
        {
            "trade_id": "2d19e25f-b9f5-4407-9844-86f166f40ec1",
            "ticker": "KXHIGHAUS-25JAN01-B59.5",
            "count": 97,
            "created_time": "2025-01-01T21:20:10.799754Z",
            "yes_price": 52,
            "no_price": 48,
            "taker_side": "yes"
        },
        {
            "trade_id": "8fbc4013-441b-48ae-828b-514a89a14efd",
            "ticker": "KXHIGHAUS-25JAN01-B59.5",
            "count": 39,
            "created_time": "2025-01-01T21:19:06.626722Z",
            "yes_price": 50,
            "no_price": 50,
            "taker_side": "yes"
        },
        {
            "trade_id": "129a84ef-be25-4527-af54-abd4552a9ee6",
            "ticker": "KXHIGHAUS-25JAN01-B59.5",
            "count": 1,
            "created_time": "2025-01-01T21:19:06.626722Z",
            "yes_price": 50,
            "no_price": 50,
            "taker_side": "yes"
        },
        {
            "trade_id": "56d42465-9c20-4ed1-b0c2-c7a40efdaff3",
            "ticker": "KXHIGHAUS-25JAN01-B59.5",
            "count": 18,
            "created_time": "2025-01-01T21:18:14.42622Z",
            "yes_price": 58,
            "no_price": 42,
            "taker_side": "yes"
        },
        {
            "trade_id": "672c38ff-db3b-4a28-b2de-2456aac7f2d3",
            "ticker": "KXHIGHAUS-25JAN01-B59.5",
            "count": 398,
            "created_time": "2025-01-01T21:18:08.187059Z",
            "yes_price": 54,
            "no_price": 46,
            "taker_side": "no"
        },
        {
            "trade_id": "d780953d-c4c9-4e6d-8bd5-21b92e0a6e69",
            "ticker": "KXHIGHAUS-25JAN01-B59.5",
            "count": 209,
            "created_time": "2025-01-01T21:17:55.508368Z",
            "yes_price": 54,
            "no_price": 46,
            "taker_side": "no"
        },
        {
            "trade_id": "fa9b28c0-0241-4ba7-9da8-af0c26dfac73",
            "ticker": "KXHIGHAUS-25JAN01-B59.5",
            "count": 117,
            "created_time": "2025-01-01T21:17:51.015993Z",
            "yes_price": 54,
            "no_price": 46,
            "taker_side": "no"
        },
        {
            "trade_id": "d2c37094-e30b-4480-9887-77d4f53b795b",
            "ticker": "KXHIGHAUS-25JAN01-B59.5",
            "count": 189,
            "created_time": "2025-01-01T21:17:45.052915Z",
            "yes_price": 55,
            "no_price": 45,
            "taker_side": "no"
        },
        {
            "trade_id": "5253c8fb-f29d-4f58-9803-5120f56b3edb",
            "ticker": "KXHIGHAUS-25JAN01-B59.5",
            "count": 2,
            "created_time": "2025-01-01T21:17:27.357169Z",
            "yes_price": 59,
            "no_price": 41,
            "taker_side": "yes"
        },
        {
            "trade_id": "1ea77aa5-ba62-4a79-a115-06df11d2d5ee",
            "ticker": "KXHIGHAUS-25JAN01-B59.5",
            "count": 1,
            "created_time": "2025-01-01T21:17:14.086793Z",
            "yes_price": 55,
            "no_price": 45,
            "taker_side": "no"
        },
        {
            "trade_id": "d462f2ca-25f3-4ed0-bb6c-322d73428c40",
            "ticker": "KXHIGHAUS-25JAN01-B59.5",
            "count": 6,
            "created_time": "2025-01-01T21:16:21.410197Z",
            "yes_price": 65,
            "no_price": 35,
            "taker_side": "yes"
        },
        {
            "trade_id": "7d4171c3-504d-4f67-afed-37a979a9032a",
            "ticker": "KXHIGHAUS-25JAN01-B59.5",
            "count": 60,
            "created_time": "2025-01-01T21:16:21.410197Z",
            "yes_price": 65,
            "no_price": 35,
            "taker_side": "yes"
        },
        {
            "trade_id": "534360d0-1432-4add-963d-2952a93ab88c",
            "ticker": "KXHIGHAUS-25JAN01-B59.5",
            "count": 42,
            "created_time": "2025-01-01T21:15:44.407606Z",
            "yes_price": 55,
            "no_price": 45,
            "taker_side": "no"
        },
        {
            "trade_id": "7fd530ca-cf78-4a97-9bdc-3def280d3a44",
            "ticker": "KXHIGHAUS-25JAN01-B59.5",
            "count": 622,
            "created_time": "2025-01-01T21:15:13.802469Z",
            "yes_price": 56,
            "no_price": 44,
            "taker_side": "no"
        },
        {
            "trade_id": "76ed6fb0-f6a4-4259-8f0e-5918be145315",
            "ticker": "KXHIGHAUS-25JAN01-B59.5",
            "count": 34,
            "created_time": "2025-01-01T21:15:13.802469Z",
            "yes_price": 55,
            "no_price": 45,
            "taker_side": "no"
        },
        {
            "trade_id": "5a923070-14ea-4b39-af16-40d319740e4e",
            "ticker": "KXHIGHAUS-25JAN01-B59.5",
            "count": 200,
            "created_time": "2025-01-01T21:13:21.979298Z",
            "yes_price": 58,
            "no_price": 42,
            "taker_side": "no"
        },
        {
            "trade_id": "4198bf74-2053-49ce-b1bd-a1c00f348b65",
            "ticker": "KXHIGHAUS-25JAN01-B59.5",
            "count": 1000,
            "created_time": "2025-01-01T21:13:21.979298Z",
            "yes_price": 59,
            "no_price": 41,
            "taker_side": "no"
        },
        {
            "trade_id": "f49af4ef-7ee5-4b85-8c19-147a8d5a0bb9",
            "ticker": "KXHIGHAUS-25JAN01-B59.5",
            "count": 18,
            "created_time": "2025-01-01T21:11:35.110717Z",
            "yes_price": 59,
            "no_price": 41,
            "taker_side": "no"
        },
        {
            "trade_id": "dbf45344-6b52-4875-bae0-3c06e2d4f0ba",
            "ticker": "KXHIGHAUS-25JAN01-B59.5",
            "count": 360,
            "created_time": "2025-01-01T21:10:50.246353Z",
            "yes_price": 59,
            "no_price": 41,
            "taker_side": "no"
        },
        {
            "trade_id": "76cb844c-c390-4c9d-838c-5c87292eb432",
            "ticker": "KXHIGHAUS-25JAN01-B59.5",
            "count": 60,
            "created_time": "2025-01-01T21:10:50.246353Z",
            "yes_price": 61,
            "no_price": 39,
            "taker_side": "no"
        },
        {
            "trade_id": "5c4dbcd2-568a-46dc-9511-6a0d50ba6438",
            "ticker": "KXHIGHAUS-25JAN01-B59.5",
            "count": 180,
            "created_time": "2025-01-01T21:10:50.246353Z",
            "yes_price": 60,
            "no_price": 40,
            "taker_side": "no"
        },
        {
            "trade_id": "ed5aef43-a54c-44b2-aa07-0a0e3a7b5445",
            "ticker": "KXHIGHAUS-25JAN01-B59.5",
            "count": 17,
            "created_time": "2025-01-01T21:10:47.833514Z",
            "yes_price": 71,
            "no_price": 29,
            "taker_side": "yes"
        },
        {
            "trade_id": "e6bd19ba-b74e-4873-bbd4-3f06354d8029",
            "ticker": "KXHIGHAUS-25JAN01-B59.5",
            "count": 59,
            "created_time": "2025-01-01T21:10:47.833514Z",
            "yes_price": 70,
            "no_price": 30,
            "taker_side": "yes"
        },
        {
            "trade_id": "68035edb-a4a7-4050-b3d5-b446b39dfd1d",
            "ticker": "KXHIGHAUS-25JAN01-B59.5",
            "count": 63,
            "created_time": "2025-01-01T21:10:47.833514Z",
            "yes_price": 70,
            "no_price": 30,
            "taker_side": "yes"
        },
        {
            "trade_id": "7070869f-717a-4f20-bbe7-690294f9d03d",
            "ticker": "KXHIGHAUS-25JAN01-B59.5",
            "count": 1,
            "created_time": "2025-01-01T21:09:42.189561Z",
            "yes_price": 70,
            "no_price": 30,
            "taker_side": "yes"
        },
        {
            "trade_id": "de4a53a1-91a7-4770-b87c-9585b09009b7",
            "ticker": "KXHIGHAUS-25JAN01-B59.5",
            "count": 18,
            "created_time": "2025-01-01T21:07:49.272023Z",
            "yes_price": 61,
            "no_price": 39,
            "taker_side": "no"
        },
        {
            "trade_id": "c276ef97-0ea3-45f6-bff4-4eeaac97cb91",
            "ticker": "KXHIGHAUS-25JAN01-B59.5",
            "count": 62,
            "created_time": "2025-01-01T21:07:49.272023Z",
            "yes_price": 62,
            "no_price": 38,
            "taker_side": "no"
        },
        {
            "trade_id": "d9eb8da9-bd04-4317-8601-3c3aef474efa",
            "ticker": "KXHIGHAUS-25JAN01-B59.5",
            "count": 132,
            "created_time": "2025-01-01T21:07:38.474274Z",
            "yes_price": 71,
            "no_price": 29,
            "taker_side": "yes"
        },
        {
            "trade_id": "72f44154-4692-40a7-bc56-f5a9136aaef7",
            "ticker": "KXHIGHAUS-25JAN01-B59.5",
            "count": 99,
            "created_time": "2025-01-01T21:07:38.474274Z",
            "yes_price": 70,
            "no_price": 30,
            "taker_side": "yes"
        },
        {
            "trade_id": "d53b563c-77aa-4f58-b5cd-80e322d39823",
            "ticker": "KXHIGHAUS-25JAN01-B59.5",
            "count": 64,
            "created_time": "2025-01-01T21:05:27.679034Z",
            "yes_price": 71,
            "no_price": 29,
            "taker_side": "yes"
        },
        {
            "trade_id": "2167ab20-6ce2-47d5-ab42-a9f005e2ab3f",
            "ticker": "KXHIGHAUS-25JAN01-B59.5",
            "count": 20,
            "created_time": "2025-01-01T21:03:37.810825Z",
            "yes_price": 58,
            "no_price": 42,
            "taker_side": "no"
        },
        {
            "trade_id": "b13ab316-972b-4819-9817-ace10f57f939",
            "ticker": "KXHIGHAUS-25JAN01-B59.5",
            "count": 32,
            "created_time": "2025-01-01T21:02:28.956477Z",
            "yes_price": 68,
            "no_price": 32,
            "taker_side": "no"
        },
        {
            "trade_id": "38592915-3551-4cdc-9018-30b3749d1592",
            "ticker": "KXHIGHAUS-25JAN01-B59.5",
            "count": 17,
            "created_time": "2025-01-01T21:02:27.55271Z",
            "yes_price": 68,
            "no_price": 32,
            "taker_side": "no"
        },
        {
            "trade_id": "e8fd78aa-d1fd-4a84-a7e5-e3a4bef14f9b",
            "ticker": "KXHIGHAUS-25JAN01-B59.5",
            "count": 1,
            "created_time": "2025-01-01T21:00:25.215203Z",
            "yes_price": 62,
            "no_price": 38,
            "taker_side": "no"
        },
        {
            "trade_id": "f603549b-0325-4749-9e5e-c8a779665791",
            "ticker": "KXHIGHAUS-25JAN01-B59.5",
            "count": 140,
            "created_time": "2025-01-01T21:00:09.325445Z",
            "yes_price": 64,
            "no_price": 36,
            "taker_side": "yes"
        },
        {
            "trade_id": "b463a410-4bce-453f-a41d-0bada07493d0",
            "ticker": "KXHIGHAUS-25JAN01-B59.5",
            "count": 24,
            "created_time": "2025-01-01T21:00:09.325445Z",
            "yes_price": 70,
            "no_price": 30,
            "taker_side": "yes"
        },
        {
            "trade_id": "b38683be-27c9-4631-bd8b-60851ffb66e0",
            "ticker": "KXHIGHAUS-25JAN01-B59.5",
            "count": 160,
            "created_time": "2025-01-01T21:00:09.325445Z",
            "yes_price": 63,
            "no_price": 37,
            "taker_side": "yes"
        },
        {
            "trade_id": "98073f51-010f-4b3e-9881-26e44e17218f",
            "ticker": "KXHIGHAUS-25JAN01-B59.5",
            "count": 98,
            "created_time": "2025-01-01T21:00:09.325445Z",
            "yes_price": 75,
            "no_price": 25,
            "taker_side": "yes"
        },
        {
            "trade_id": "74485b4b-aa90-4154-a92d-62711f661cf6",
            "ticker": "KXHIGHAUS-25JAN01-B59.5",
            "count": 30,
            "created_time": "2025-01-01T21:00:09.325445Z",
            "yes_price": 74,
            "no_price": 26,
            "taker_side": "yes"
        },
        {
            "trade_id": "73984aa9-c1ff-4e14-bbfe-c3298155457c",
            "ticker": "KXHIGHAUS-25JAN01-B59.5",
            "count": 38,
            "created_time": "2025-01-01T21:00:09.325445Z",
            "yes_price": 63,
            "no_price": 37,
            "taker_side": "yes"
        },
        {
            "trade_id": "5b1c4a06-8aa8-4b66-b7bd-10ab873ca015",
            "ticker": "KXHIGHAUS-25JAN01-B59.5",
            "count": 21,
            "created_time": "2025-01-01T21:00:09.325445Z",
            "yes_price": 62,
            "no_price": 38,
            "taker_side": "yes"
        },
        {
            "trade_id": "43f2e023-3855-45fe-b8e2-bc9ca2a0c5b8",
            "ticker": "KXHIGHAUS-25JAN01-B59.5",
            "count": 89,
            "created_time": "2025-01-01T21:00:09.325445Z",
            "yes_price": 88,
            "no_price": 12,
            "taker_side": "yes"
        },
        {
            "trade_id": "22449c51-1ad6-4410-940c-fb5a761010be",
            "ticker": "KXHIGHAUS-25JAN01-B59.5",
            "count": 49,
            "created_time": "2025-01-01T21:00:09.325445Z",
            "yes_price": 71,
            "no_price": 29,
            "taker_side": "yes"
        },
        {
            "trade_id": "0ceb746c-b899-4c30-ab35-153171d96c60",
            "ticker": "KXHIGHAUS-25JAN01-B59.5",
            "count": 49,
            "created_time": "2025-01-01T21:00:09.325445Z",
            "yes_price": 75,
            "no_price": 25,
            "taker_side": "yes"
        },
        {
            "trade_id": "40bd53fd-7ff0-4501-9f12-336d7d018c51",
            "ticker": "KXHIGHAUS-25JAN01-B59.5",
            "count": 38,
            "created_time": "2025-01-01T21:00:00.792455Z",
            "yes_price": 55,
            "no_price": 45,
            "taker_side": "no"
        },
        {
            "trade_id": "fb5e208a-8c87-4b1c-b01b-3df64870b0cf",
            "ticker": "KXHIGHAUS-25JAN01-B59.5",
            "count": 12,
            "created_time": "2025-01-01T20:58:00.624861Z",
            "yes_price": 61,
            "no_price": 39,
            "taker_side": "yes"
        },
        {
            "trade_id": "c70ad338-3866-4fde-8f20-3f92f90fcb63",
            "ticker": "KXHIGHAUS-25JAN01-B59.5",
            "count": 19,
            "created_time": "2025-01-01T20:58:00.624861Z",
            "yes_price": 61,
            "no_price": 39,
            "taker_side": "yes"
        },
        {
            "trade_id": "277929d2-9e51-4153-8d29-b5df4ec7d436",
            "ticker": "KXHIGHAUS-25JAN01-B59.5",
            "count": 21,
            "created_time": "2025-01-01T20:58:00.624861Z",
            "yes_price": 60,
            "no_price": 40,
            "taker_side": "yes"
        },
        {
            "trade_id": "b7b5afe9-89bb-4d7d-8f2f-b6f80321965d",
            "ticker": "KXHIGHAUS-25JAN01-B59.5",
            "count": 40,
            "created_time": "2025-01-01T20:57:11.079179Z",
            "yes_price": 55,
            "no_price": 45,
            "taker_side": "yes"
        },
        {
            "trade_id": "4789d5d8-95b5-4ffe-b225-974501e0868f",
            "ticker": "KXHIGHAUS-25JAN01-B59.5",
            "count": 160,
            "created_time": "2025-01-01T20:57:11.079179Z",
            "yes_price": 54,
            "no_price": 46,
            "taker_side": "yes"
        },
        {
            "trade_id": "49068776-acbf-4488-86f3-9e6998b8b5d4",
            "ticker": "KXHIGHAUS-25JAN01-B59.5",
            "count": 1,
            "created_time": "2025-01-01T20:56:53.216466Z",
            "yes_price": 55,
            "no_price": 45,
            "taker_side": "yes"
        },
        {
            "trade_id": "bb6caec4-c160-468a-a878-39d8c365600d",
            "ticker": "KXHIGHAUS-25JAN01-B59.5",
            "count": 12,
            "created_time": "2025-01-01T20:55:47.951634Z",
            "yes_price": 54,
            "no_price": 46,
            "taker_side": "yes"
        },
        {
            "trade_id": "d44148c3-6763-4080-a3ac-d292083bfa7b",
            "ticker": "KXHIGHAUS-25JAN01-B59.5",
            "count": 20,
            "created_time": "2025-01-01T20:55:32.231581Z",
            "yes_price": 53,
            "no_price": 47,
            "taker_side": "yes"
        },
        {
            "trade_id": "6fe07347-e7fe-48a7-9ae9-82858ca9111b",
            "ticker": "KXHIGHAUS-25JAN01-B59.5",
            "count": 50,
            "created_time": "2025-01-01T20:55:32.231581Z",
            "yes_price": 52,
            "no_price": 48,
            "taker_side": "yes"
        },
        {
            "trade_id": "e3c12d1b-868d-402d-9b7c-58d68a176bf3",
            "ticker": "KXHIGHAUS-25JAN01-B59.5",
            "count": 27,
            "created_time": "2025-01-01T20:53:45.227852Z",
            "yes_price": 35,
            "no_price": 65,
            "taker_side": "no"
        },
        {
            "trade_id": "cd8e2fae-534e-4a9d-b064-9e9c756d6385",
            "ticker": "KXHIGHAUS-25JAN01-B59.5",
            "count": 4,
            "created_time": "2025-01-01T20:53:08.312326Z",
            "yes_price": 41,
            "no_price": 59,
            "taker_side": "no"
        },
        {
            "trade_id": "2826ef0a-d993-4842-a89d-e575e5931d91",
            "ticker": "KXHIGHAUS-25JAN01-B59.5",
            "count": 1,
            "created_time": "2025-01-01T20:53:08.312326Z",
            "yes_price": 42,
            "no_price": 58,
            "taker_side": "no"
        },
        {
            "trade_id": "76ecc351-f62d-44b6-baff-e1bddca757b2",
            "ticker": "KXHIGHAUS-25JAN01-B59.5",
            "count": 5,
            "created_time": "2025-01-01T20:52:56.91769Z",
            "yes_price": 52,
            "no_price": 48,
            "taker_side": "yes"
        },
        {
            "trade_id": "7b5a1f98-ec70-4955-aa3a-9a2a7d70e8ab",
            "ticker": "KXHIGHAUS-25JAN01-B59.5",
            "count": 1,
            "created_time": "2025-01-01T20:52:27.852706Z",
            "yes_price": 48,
            "no_price": 52,
            "taker_side": "yes"
        },
        {
            "trade_id": "6f18999e-0cbd-4adb-af25-00fd1e6930e0",
            "ticker": "KXHIGHAUS-25JAN01-B59.5",
            "count": 25,
            "created_time": "2025-01-01T20:52:24.474547Z",
            "yes_price": 41,
            "no_price": 59,
            "taker_side": "no"
        },
        {
            "trade_id": "fdb9ac3f-60bc-4668-9ec4-fcc08255183d",
            "ticker": "KXHIGHAUS-25JAN01-B59.5",
            "count": 8,
            "created_time": "2025-01-01T20:51:55.038344Z",
            "yes_price": 42,
            "no_price": 58,
            "taker_side": "no"
        },
        {
            "trade_id": "a124c1d0-3130-4cbb-b444-efbc3bb53d81",
            "ticker": "KXHIGHAUS-25JAN01-B59.5",
            "count": 5,
            "created_time": "2025-01-01T20:51:55.038344Z",
            "yes_price": 43,
            "no_price": 57,
            "taker_side": "no"
        },
        {
            "trade_id": "0d92e5c7-ec22-4377-8e68-3e41fb857cce",
            "ticker": "KXHIGHAUS-25JAN01-B59.5",
            "count": 7,
            "created_time": "2025-01-01T20:51:55.038344Z",
            "yes_price": 43,
            "no_price": 57,
            "taker_side": "no"
        },
        {
            "trade_id": "1facc8c3-64c4-4211-b225-ff7addb96707",
            "ticker": "KXHIGHAUS-25JAN01-B59.5",
            "count": 8,
            "created_time": "2025-01-01T20:51:16.261026Z",
            "yes_price": 43,
            "no_price": 57,
            "taker_side": "no"
        },
        {
            "trade_id": "aaddc11a-35f0-46c1-bd20-a6dde93542ab",
            "ticker": "KXHIGHAUS-25JAN01-B59.5",
            "count": 199,
            "created_time": "2025-01-01T20:50:58.848382Z",
            "yes_price": 44,
            "no_price": 56,
            "taker_side": "no"
        },
        {
            "trade_id": "902ad910-1621-41eb-abd1-1abddb6ab555",
            "ticker": "KXHIGHAUS-25JAN01-B59.5",
            "count": 18,
            "created_time": "2025-01-01T20:50:58.848382Z",
            "yes_price": 45,
            "no_price": 55,
            "taker_side": "no"
        },
        {
            "trade_id": "31e164cb-99e6-4372-a68a-a7d25755409f",
            "ticker": "KXHIGHAUS-25JAN01-B59.5",
            "count": 25,
            "created_time": "2025-01-01T20:50:58.848382Z",
            "yes_price": 45,
            "no_price": 55,
            "taker_side": "no"
        },
        {
            "trade_id": "e760cb6f-a52d-43e8-a41b-17d2767af9df",
            "ticker": "KXHIGHAUS-25JAN01-B59.5",
            "count": 11,
            "created_time": "2025-01-01T20:49:14.266557Z",
            "yes_price": 43,
            "no_price": 57,
            "taker_side": "no"
        },
        {
            "trade_id": "e0a7c242-18ff-4164-941f-558eec5d48e6",
            "ticker": "KXHIGHAUS-25JAN01-B59.5",
            "count": 5,
            "created_time": "2025-01-01T20:48:29.625399Z",
            "yes_price": 61,
            "no_price": 39,
            "taker_side": "yes"
        },
        {
            "trade_id": "9cc2b20a-d936-4443-ba67-ebd455b71716",
            "ticker": "KXHIGHAUS-25JAN01-B59.5",
            "count": 2,
            "created_time": "2025-01-01T20:47:49.876999Z",
            "yes_price": 62,
            "no_price": 38,
            "taker_side": "yes"
        },
        {
            "trade_id": "18a4b426-72c4-4b54-a56a-f74e435717e5",
            "ticker": "KXHIGHAUS-25JAN01-B59.5",
            "count": 13,
            "created_time": "2025-01-01T20:47:49.876999Z",
            "yes_price": 62,
            "no_price": 38,
            "taker_side": "yes"
        },
        {
            "trade_id": "c0a4e313-1f5d-4af0-8154-b6eaa6317b66",
            "ticker": "KXHIGHAUS-25JAN01-B59.5",
            "count": 200,
