{
    "KXHIGHAUS-25JAN31-T67": [
        {
            "trade_id": "f1c9ac7d-5279-405b-be10-956434f8ad6b",
            "ticker": "KXHIGHAUS-25JAN31-T67",
            "count": 304,
            "created_time": "2025-02-01T04:49:53.846146Z",
            "yes_price": 1,
            "no_price": 99,
            "taker_side": "yes"
        },
        {
            "trade_id": "46ec5520-5bf9-4b4c-9b21-130f21159d18",
            "ticker": "KXHIGHAUS-25JAN31-T67",
            "count": 200,
            "created_time": "2025-02-01T04:49:53.846146Z",
            "yes_price": 1,
            "no_price": 99,
            "taker_side": "yes"
        },
        {
            "trade_id": "340bf784-09c3-4839-876e-34f9782b717b",
            "ticker": "KXHIGHAUS-25JAN31-T67",
            "count": 45,
            "created_time": "2025-01-31T17:26:25.769907Z",
            "yes_price": 1,
            "no_price": 99,
            "taker_side": "no"
        },
        {
            "trade_id": "e890a761-afb4-44b0-a343-398599c4f0f9",
            "ticker": "KXHIGHAUS-25JAN31-T67",
            "count": 5,
            "created_time": "2025-01-31T16:43:11.97439Z",
            "yes_price": 1,
            "no_price": 99,
            "taker_side": "no"
        },
        {
            "trade_id": "ed402a67-c260-469b-87b7-45a92403f363",
            "ticker": "KXHIGHAUS-25JAN31-T67",
            "count": 315,
            "created_time": "2025-01-31T15:28:37.830737Z",
            "yes_price": 1,
            "no_price": 99,
            "taker_side": "no"
        },
        {
            "trade_id": "622bac58-5671-4253-9bfc-dc8a3a5f185b",
            "ticker": "KXHIGHAUS-25JAN31-T67",
            "count": 225,
            "created_time": "2025-01-31T15:08:11.143775Z",
            "yes_price": 1,
            "no_price": 99,
            "taker_side": "no"
        },
        {
            "trade_id": "1913c81e-b911-479d-8812-1b1d4f99fc5b",
            "ticker": "KXHIGHAUS-25JAN31-T67",
            "count": 247,
            "created_time": "2025-01-31T15:07:44.85067Z",
            "yes_price": 1,
            "no_price": 99,
            "taker_side": "no"
        },
        {
            "trade_id": "e9b8053d-a4ea-4d96-b2ac-aa6469460f51",
            "ticker": "KXHIGHAUS-25JAN31-T67",
            "count": 106,
            "created_time": "2025-01-31T15:04:29.84115Z",
            "yes_price": 1,
            "no_price": 99,
            "taker_side": "no"
        },
        {
            "trade_id": "c8ca8111-2ed1-4b93-96e7-fc2b9267d05c",
            "ticker": "KXHIGHAUS-25JAN31-T67",
            "count": 200,
            "created_time": "2025-01-31T15:04:29.84115Z",
            "yes_price": 1,
            "no_price": 99,
            "taker_side": "no"
        },
        {
            "trade_id": "a0bfb862-246b-475b-8694-c803245374d6",
            "ticker": "KXHIGHAUS-25JAN31-T67",
            "count": 50,
            "created_time": "2025-01-31T15:04:29.84115Z",
            "yes_price": 1,
            "no_price": 99,
            "taker_side": "no"
        },
        {
            "trade_id": "4fd7253e-3171-4092-9c1a-f0bfc711f498",
            "ticker": "KXHIGHAUS-25JAN31-T67",
            "count": 410,
            "created_time": "2025-01-31T15:02:55.470108Z",
            "yes_price": 1,
            "no_price": 99,
            "taker_side": "no"
        },
        {
            "trade_id": "3c31a153-9ce9-445f-aed7-641d110c04d0",
            "ticker": "KXHIGHAUS-25JAN31-T67",
            "count": 94,
            "created_time": "2025-01-31T15:02:55.470108Z",
            "yes_price": 1,
            "no_price": 99,
            "taker_side": "no"
        },
        {
            "trade_id": "ec580764-72ee-4a42-95e8-dd701fa6d436",
            "ticker": "KXHIGHAUS-25JAN31-T67",
            "count": 171,
            "created_time": "2025-01-31T15:02:46.24516Z",
            "yes_price": 1,
            "no_price": 99,
            "taker_side": "no"
        },
        {
            "trade_id": "cd15a27c-2f07-4243-9047-5e0f2e209046",
            "ticker": "KXHIGHAUS-25JAN31-T67",
            "count": 29,
            "created_time": "2025-01-31T15:02:46.24516Z",
            "yes_price": 1,
            "no_price": 99,
            "taker_side": "no"
        },
        {
            "trade_id": "93bc2a61-e110-4c45-b25b-6da9f5e4de6f",
            "ticker": "KXHIGHAUS-25JAN31-T67",
            "count": 200,
            "created_time": "2025-01-31T14:59:20.650497Z",
            "yes_price": 2,
            "no_price": 98,
            "taker_side": "no"
        },
        {
            "trade_id": "805e0226-42ee-4f0a-90f0-9d1b481de64c",
            "ticker": "KXHIGHAUS-25JAN31-T67",
            "count": 12,
            "created_time": "2025-01-31T14:39:38.526249Z",
            "yes_price": 2,
            "no_price": 98,
            "taker_side": "no"
        },
        {
            "trade_id": "779f283a-f15f-40df-90d7-2b8ec23fddc6",
            "ticker": "KXHIGHAUS-25JAN31-T67",
            "count": 1,
            "created_time": "2025-01-31T14:02:41.965645Z",
            "yes_price": 5,
            "no_price": 95,
            "taker_side": "yes"
        },
        {
            "trade_id": "eeb8e519-44d8-4c0e-aa61-433f98dbb97b",
            "ticker": "KXHIGHAUS-25JAN31-T67",
            "count": 655,
            "created_time": "2025-01-31T13:44:24.047995Z",
            "yes_price": 2,
            "no_price": 98,
            "taker_side": "no"
        },
        {
            "trade_id": "4c0fb56c-014e-4d7d-bea8-67c4956db379",
            "ticker": "KXHIGHAUS-25JAN31-T67",
            "count": 20,
            "created_time": "2025-01-31T13:37:38.732202Z",
            "yes_price": 2,
            "no_price": 98,
            "taker_side": "no"
        },
        {
            "trade_id": "d9e1db25-37e2-4cba-b161-ca5feb44b4b4",
            "ticker": "KXHIGHAUS-25JAN31-T67",
            "count": 14,
            "created_time": "2025-01-31T13:32:59.045797Z",
            "yes_price": 5,
            "no_price": 95,
            "taker_side": "yes"
        },
        {
            "trade_id": "df3eb608-ccf6-4d2a-bd39-a43983a0c629",
            "ticker": "KXHIGHAUS-25JAN31-T67",
            "count": 110,
            "created_time": "2025-01-31T13:30:40.930937Z",
            "yes_price": 5,
            "no_price": 95,
            "taker_side": "yes"
        },
        {
            "trade_id": "db00a5a6-4cbb-4bd7-a78f-c0a19e09e633",
            "ticker": "KXHIGHAUS-25JAN31-T67",
            "count": 1,
            "created_time": "2025-01-31T13:30:40.930937Z",
            "yes_price": 5,
            "no_price": 95,
            "taker_side": "yes"
        },
        {
            "trade_id": "1a382ff0-8c17-4d3d-af7b-d60ad227c8bf",
            "ticker": "KXHIGHAUS-25JAN31-T67",
            "count": 200,
            "created_time": "2025-01-31T13:30:40.930937Z",
            "yes_price": 5,
            "no_price": 95,
            "taker_side": "yes"
        },
        {
            "trade_id": "e34e4009-cb42-491c-a1e9-1808bef0219d",
            "ticker": "KXHIGHAUS-25JAN31-T67",
            "count": 9,
            "created_time": "2025-01-31T13:06:05.192353Z",
            "yes_price": 1,
            "no_price": 99,
            "taker_side": "no"
        },
        {
            "trade_id": "54706934-5c13-4288-88ce-1920139c453a",
            "ticker": "KXHIGHAUS-25JAN31-T67",
            "count": 27,
            "created_time": "2025-01-31T13:01:31.546242Z",
            "yes_price": 1,
            "no_price": 99,
            "taker_side": "no"
        },
        {
            "trade_id": "2cc1d72a-da6b-484a-ab34-d6cb8c753a17",
            "ticker": "KXHIGHAUS-25JAN31-T67",
            "count": 482,
            "created_time": "2025-01-31T13:01:31.546242Z",
            "yes_price": 2,
            "no_price": 98,
            "taker_side": "no"
        },
        {
            "trade_id": "f2261da6-36c5-40f8-84d5-0eaccb102e73",
            "ticker": "KXHIGHAUS-25JAN31-T67",
            "count": 518,
            "created_time": "2025-01-31T13:00:13.328972Z",
            "yes_price": 2,
            "no_price": 98,
            "taker_side": "no"
        },
        {
            "trade_id": "1a7cf9f6-2cd5-420f-96e4-93ed15e66a43",
            "ticker": "KXHIGHAUS-25JAN31-T67",
            "count": 500,
            "created_time": "2025-01-31T13:00:13.328972Z",
            "yes_price": 2,
            "no_price": 98,
            "taker_side": "no"
        },
        {
            "trade_id": "3545bdca-62be-4dba-98c4-7561a1653b9b",
            "ticker": "KXHIGHAUS-25JAN31-T67",
            "count": 1,
            "created_time": "2025-01-31T07:54:31.627365Z",
            "yes_price": 7,
            "no_price": 93,
            "taker_side": "yes"
        },
        {
            "trade_id": "f4885707-a71e-4878-9230-2ebfa24039c6",
            "ticker": "KXHIGHAUS-25JAN31-T67",
            "count": 24,
            "created_time": "2025-01-31T06:04:59.063576Z",
            "yes_price": 20,
            "no_price": 80,
            "taker_side": "yes"
        },
        {
            "trade_id": "d16d221c-d1a4-4e34-957e-f09277141ccb",
            "ticker": "KXHIGHAUS-25JAN31-T67",
            "count": 240,
            "created_time": "2025-01-31T06:04:59.063576Z",
            "yes_price": 9,
            "no_price": 91,
            "taker_side": "yes"
        },
        {
            "trade_id": "c3ac9be3-84cd-4ff1-be69-a5bdf1d67085",
            "ticker": "KXHIGHAUS-25JAN31-T67",
            "count": 240,
            "created_time": "2025-01-31T06:04:59.063576Z",
            "yes_price": 7,
            "no_price": 93,
            "taker_side": "yes"
        },
        {
            "trade_id": "c19ee63d-663a-435f-a257-1a3a42e12260",
            "ticker": "KXHIGHAUS-25JAN31-T67",
            "count": 9,
            "created_time": "2025-01-31T06:04:59.063576Z",
            "yes_price": 10,
            "no_price": 90,
            "taker_side": "yes"
        },
        {
            "trade_id": "83a1685c-260f-4485-8710-410d3f4816ce",
            "ticker": "KXHIGHAUS-25JAN31-T67",
            "count": 18,
            "created_time": "2025-01-31T06:04:59.063576Z",
            "yes_price": 22,
            "no_price": 78,
            "taker_side": "yes"
        },
        {
            "trade_id": "7938fa9e-ea64-4c5f-94e2-6aa0de65b90c",
            "ticker": "KXHIGHAUS-25JAN31-T67",
            "count": 119,
            "created_time": "2025-01-31T06:04:59.063576Z",
            "yes_price": 5,
            "no_price": 95,
            "taker_side": "yes"
        },
        {
            "trade_id": "53cbd685-70f8-427c-9f69-6639d5f21b25",
            "ticker": "KXHIGHAUS-25JAN31-T67",
            "count": 50,
            "created_time": "2025-01-31T06:04:59.063576Z",
            "yes_price": 20,
            "no_price": 80,
            "taker_side": "yes"
        },
        {
            "trade_id": "c010918d-dd06-41f7-8292-8c5d70223ceb",
            "ticker": "KXHIGHAUS-25JAN31-T67",
            "count": 18,
            "created_time": "2025-01-31T04:41:27.451295Z",
            "yes_price": 5,
            "no_price": 95,
            "taker_side": "yes"
        },
        {
            "trade_id": "f3419d71-c207-4317-bd79-6d59f2abfcbc",
            "ticker": "KXHIGHAUS-25JAN31-T67",
            "count": 48,
            "created_time": "2025-01-31T02:59:07.216931Z",
            "yes_price": 7,
            "no_price": 93,
            "taker_side": "yes"
        },
        {
            "trade_id": "ea2cb8f8-02ea-4f2f-a385-aef8cbe0d7a0",
            "ticker": "KXHIGHAUS-25JAN31-T67",
            "count": 51,
            "created_time": "2025-01-31T02:59:07.216931Z",
            "yes_price": 7,
            "no_price": 93,
            "taker_side": "yes"
        },
        {
            "trade_id": "16afaf73-b852-4ec8-919e-69b3c4243d0c",
            "ticker": "KXHIGHAUS-25JAN31-T67",
            "count": 1,
            "created_time": "2025-01-31T02:59:07.216931Z",
            "yes_price": 7,
            "no_price": 93,
            "taker_side": "yes"
        },
        {
            "trade_id": "eab084e5-b9d4-4c96-96ee-5642b1d9b8aa",
            "ticker": "KXHIGHAUS-25JAN31-T67",
            "count": 113,
            "created_time": "2025-01-31T02:48:31.356995Z",
            "yes_price": 9,
            "no_price": 91,
            "taker_side": "yes"
        },
        {
            "trade_id": "bd91d689-3f42-4283-a220-6ddac046177e",
            "ticker": "KXHIGHAUS-25JAN31-T67",
            "count": 50,
            "created_time": "2025-01-31T02:48:31.356995Z",
            "yes_price": 9,
            "no_price": 91,
            "taker_side": "yes"
        },
        {
            "trade_id": "24184d39-00b9-4e78-94c7-8d548fe6fb76",
            "ticker": "KXHIGHAUS-25JAN31-T67",
            "count": 240,
            "created_time": "2025-01-31T02:48:31.356995Z",
            "yes_price": 7,
            "no_price": 93,
            "taker_side": "yes"
        },
        {
            "trade_id": "171282f2-3a71-42b8-a63c-17a5e09650e7",
            "ticker": "KXHIGHAUS-25JAN31-T67",
            "count": 77,
            "created_time": "2025-01-31T02:48:31.356995Z",
            "yes_price": 5,
            "no_price": 95,
            "taker_side": "yes"
        },
        {
            "trade_id": "25bc7dc6-b18d-4464-b495-c075be9706dd",
            "ticker": "KXHIGHAUS-25JAN31-T67",
            "count": 117,
            "created_time": "2025-01-31T02:47:48.708968Z",
            "yes_price": 6,
            "no_price": 94,
            "taker_side": "yes"
        },
        {
            "trade_id": "23fdc4df-bc93-410e-b40f-c5c3c93e65b7",
            "ticker": "KXHIGHAUS-25JAN31-T67",
            "count": 240,
            "created_time": "2025-01-31T02:47:48.708968Z",
            "yes_price": 8,
            "no_price": 92,
            "taker_side": "yes"
        },
        {
            "trade_id": "69c59343-4fde-40e6-8449-956e1c6ea2bb",
            "ticker": "KXHIGHAUS-25JAN31-T67",
            "count": 116,
            "created_time": "2025-01-31T02:45:37.283379Z",
            "yes_price": 5,
            "no_price": 95,
            "taker_side": "yes"
        },
        {
            "trade_id": "2c5fd6ba-fa37-400f-864d-cebb9322fb95",
            "ticker": "KXHIGHAUS-25JAN31-T67",
            "count": 80,
            "created_time": "2025-01-31T02:45:37.283379Z",
            "yes_price": 5,
            "no_price": 95,
            "taker_side": "yes"
        },
        {
            "trade_id": "1acf9537-9857-4450-b629-36c0804611e0",
            "ticker": "KXHIGHAUS-25JAN31-T67",
            "count": 25,
            "created_time": "2025-01-31T00:06:10.254338Z",
            "yes_price": 1,
            "no_price": 99,
            "taker_side": "no"
        },
        {
            "trade_id": "527197b4-0a9d-43f3-9f5f-500cc3fe7960",
            "ticker": "KXHIGHAUS-25JAN31-T67",
            "count": 20,
            "created_time": "2025-01-30T23:27:48.043657Z",
            "yes_price": 5,
            "no_price": 95,
            "taker_side": "yes"
        },
        {
            "trade_id": "fda02343-f800-4424-a28b-a504ba9aacdf",
            "ticker": "KXHIGHAUS-25JAN31-T67",
            "count": 10,
            "created_time": "2025-01-30T21:22:47.990201Z",
            "yes_price": 1,
            "no_price": 99,
            "taker_side": "no"
        },
        {
            "trade_id": "36efeaf6-2cce-4ad3-a2d4-c4438fd3aaa3",
            "ticker": "KXHIGHAUS-25JAN31-T67",
            "count": 100,
            "created_time": "2025-01-30T21:09:12.714199Z",
            "yes_price": 2,
            "no_price": 98,
            "taker_side": "no"
        }
    ],
    "KXHIGHAUS-25JAN31-B67.5": [
        {
            "trade_id": "35e8cb57-2672-40ad-9675-7070cbd5b365",
            "ticker": "KXHIGHAUS-25JAN31-B67.5",
            "count": 207,
            "created_time": "2025-02-01T04:49:49.301398Z",
            "yes_price": 1,
            "no_price": 99,
            "taker_side": "yes"
        },
        {
            "trade_id": "f6c06b05-5c1c-4439-9677-f1c2b5f856be",
            "ticker": "KXHIGHAUS-25JAN31-B67.5",
            "count": 93,
            "created_time": "2025-01-31T19:09:32.140087Z",
            "yes_price": 1,
            "no_price": 99,
            "taker_side": "yes"
        },
        {
            "trade_id": "c4107590-8c3c-445b-9940-5490fed5b10a",
            "ticker": "KXHIGHAUS-25JAN31-B67.5",
            "count": 1660,
            "created_time": "2025-01-31T18:47:44.091483Z",
            "yes_price": 1,
            "no_price": 99,
            "taker_side": "yes"
        },
        {
            "trade_id": "1df23128-7202-4385-8777-c8620ae7ebfd",
            "ticker": "KXHIGHAUS-25JAN31-B67.5",
            "count": 7580,
            "created_time": "2025-01-31T18:47:44.091483Z",
            "yes_price": 1,
            "no_price": 99,
            "taker_side": "yes"
        },
        {
            "trade_id": "99dda4b4-4f21-43ad-8fca-001b0a0c52b5",
            "ticker": "KXHIGHAUS-25JAN31-B67.5",
            "count": 55,
            "created_time": "2025-01-31T18:38:06.891931Z",
            "yes_price": 3,
            "no_price": 97,
            "taker_side": "yes"
        },
        {
            "trade_id": "93ac2c58-a677-4ab8-8706-cdaa49fd3129",
            "ticker": "KXHIGHAUS-25JAN31-B67.5",
            "count": 159,
            "created_time": "2025-01-31T18:38:06.891931Z",
            "yes_price": 2,
            "no_price": 98,
            "taker_side": "yes"
        },
        {
            "trade_id": "5e13a6ac-94f1-4874-ab8f-34de62e34256",
            "ticker": "KXHIGHAUS-25JAN31-B67.5",
            "count": 88,
            "created_time": "2025-01-31T18:38:06.891931Z",
            "yes_price": 3,
            "no_price": 97,
            "taker_side": "yes"
        },
        {
            "trade_id": "ebb36b33-c58e-4025-acb9-1534ac20fd8d",
            "ticker": "KXHIGHAUS-25JAN31-B67.5",
            "count": 89,
            "created_time": "2025-01-31T18:23:12.381176Z",
            "yes_price": 2,
            "no_price": 98,
            "taker_side": "no"
        },
        {
            "trade_id": "d1e5b87a-d199-4848-8a0c-57388d6a1da0",
            "ticker": "KXHIGHAUS-25JAN31-B67.5",
            "count": 100,
            "created_time": "2025-01-31T18:23:12.381176Z",
            "yes_price": 1,
            "no_price": 99,
            "taker_side": "no"
        },
        {
            "trade_id": "c5ebe9d1-4f49-4729-b928-6f0b70a1b9f2",
            "ticker": "KXHIGHAUS-25JAN31-B67.5",
            "count": 50,
            "created_time": "2025-01-31T18:23:12.381176Z",
            "yes_price": 1,
            "no_price": 99,
            "taker_side": "no"
        },
        {
            "trade_id": "8d2e56eb-13fb-4799-8246-6f2ad1b82e5e",
            "ticker": "KXHIGHAUS-25JAN31-B67.5",
            "count": 50,
            "created_time": "2025-01-31T18:23:12.381176Z",
            "yes_price": 1,
            "no_price": 99,
            "taker_side": "no"
        },
        {
            "trade_id": "8906a3ce-7b75-422d-98ba-6abad733defe",
            "ticker": "KXHIGHAUS-25JAN31-B67.5",
            "count": 50,
            "created_time": "2025-01-31T18:23:12.381176Z",
            "yes_price": 1,
            "no_price": 99,
            "taker_side": "no"
        },
        {
            "trade_id": "4a367cac-e525-44ba-86f6-8f53b24816c8",
            "ticker": "KXHIGHAUS-25JAN31-B67.5",
            "count": 2,
            "created_time": "2025-01-31T18:23:12.381176Z",
            "yes_price": 2,
            "no_price": 98,
            "taker_side": "no"
        },
        {
            "trade_id": "4603ebdc-fd2e-4e57-ba81-cbbeaecd485e",
            "ticker": "KXHIGHAUS-25JAN31-B67.5",
            "count": 2,
            "created_time": "2025-01-31T18:21:25.492776Z",
            "yes_price": 2,
            "no_price": 98,
            "taker_side": "no"
        },
        {
            "trade_id": "4e5c6d36-a10f-483d-aed9-c1c602354387",
            "ticker": "KXHIGHAUS-25JAN31-B67.5",
            "count": 700,
            "created_time": "2025-01-31T17:54:33.772819Z",
            "yes_price": 7,
            "no_price": 93,
            "taker_side": "no"
        },
        {
            "trade_id": "d26a0b48-afa8-4d00-b167-8c908063cbe0",
            "ticker": "KXHIGHAUS-25JAN31-B67.5",
            "count": 2,
            "created_time": "2025-01-31T17:34:11.160312Z",
            "yes_price": 20,
            "no_price": 80,
            "taker_side": "yes"
        },
        {
            "trade_id": "60a6c969-d370-43d1-acec-0e2a6c04c692",
            "ticker": "KXHIGHAUS-25JAN31-B67.5",
            "count": 1,
            "created_time": "2025-01-31T17:34:11.160312Z",
            "yes_price": 19,
            "no_price": 81,
            "taker_side": "yes"
        },
        {
            "trade_id": "5d044a16-6896-48a2-9af8-023e9de03cee",
            "ticker": "KXHIGHAUS-25JAN31-B67.5",
            "count": 21,
            "created_time": "2025-01-31T17:34:11.160312Z",
            "yes_price": 19,
            "no_price": 81,
            "taker_side": "yes"
        },
        {
            "trade_id": "e4a7101b-bc65-46b3-987a-101b093fc0ce",
            "ticker": "KXHIGHAUS-25JAN31-B67.5",
            "count": 12,
            "created_time": "2025-01-31T17:30:58.191913Z",
            "yes_price": 14,
            "no_price": 86,
            "taker_side": "yes"
        },
        {
            "trade_id": "b0cdf695-a233-40b2-b559-2f299610d0be",
            "ticker": "KXHIGHAUS-25JAN31-B67.5",
            "count": 1,
            "created_time": "2025-01-31T17:30:58.191913Z",
            "yes_price": 7,
            "no_price": 93,
            "taker_side": "yes"
        },
        {
            "trade_id": "acfdf2e6-661e-463c-8435-08f15fca0200",
            "ticker": "KXHIGHAUS-25JAN31-B67.5",
            "count": 1,
            "created_time": "2025-01-31T17:30:58.191913Z",
            "yes_price": 8,
            "no_price": 92,
            "taker_side": "yes"
        },
        {
            "trade_id": "72a0ab38-7020-4fdf-b91a-1d0a1655470d",
            "ticker": "KXHIGHAUS-25JAN31-B67.5",
            "count": 1,
            "created_time": "2025-01-31T17:30:58.191913Z",
            "yes_price": 10,
            "no_price": 90,
            "taker_side": "yes"
        },
        {
            "trade_id": "4de4f901-d8f3-4742-ac37-d2cb9f3308d9",
            "ticker": "KXHIGHAUS-25JAN31-B67.5",
            "count": 37,
            "created_time": "2025-01-31T17:30:58.191913Z",
            "yes_price": 20,
            "no_price": 80,
            "taker_side": "yes"
        },
        {
            "trade_id": "40b159b5-6a39-449c-8e4e-9617b81d018a",
            "ticker": "KXHIGHAUS-25JAN31-B67.5",
            "count": 200,
            "created_time": "2025-01-31T17:30:58.191913Z",
            "yes_price": 7,
            "no_price": 93,
            "taker_side": "yes"
        },
        {
            "trade_id": "191b99eb-9ace-4c03-827c-edb7aea29ddd",
            "ticker": "KXHIGHAUS-25JAN31-B67.5",
            "count": 1,
            "created_time": "2025-01-31T17:30:58.191913Z",
            "yes_price": 17,
            "no_price": 83,
            "taker_side": "yes"
        },
        {
            "trade_id": "5ae0df00-3d90-4dea-a852-f51360178068",
            "ticker": "KXHIGHAUS-25JAN31-B67.5",
            "count": 15,
            "created_time": "2025-01-31T17:23:29.214639Z",
            "yes_price": 6,
            "no_price": 94,
            "taker_side": "yes"
        },
        {
            "trade_id": "6f3d21d7-2da4-4f75-b75d-29b209a47302",
            "ticker": "KXHIGHAUS-25JAN31-B67.5",
            "count": 1,
            "created_time": "2025-01-31T17:04:09.717873Z",
            "yes_price": 6,
            "no_price": 94,
            "taker_side": "yes"
        },
        {
            "trade_id": "7b1e7438-5f36-4363-9e78-d2e86a08afd0",
            "ticker": "KXHIGHAUS-25JAN31-B67.5",
            "count": 15,
            "created_time": "2025-01-31T16:56:11.906306Z",
            "yes_price": 6,
            "no_price": 94,
            "taker_side": "yes"
        },
        {
            "trade_id": "2dcefde1-05d6-4364-9a2a-a3b323debfd3",
            "ticker": "KXHIGHAUS-25JAN31-B67.5",
            "count": 109,
            "created_time": "2025-01-31T16:27:01.356987Z",
            "yes_price": 2,
            "no_price": 98,
            "taker_side": "no"
        },
        {
            "trade_id": "7678df4e-2870-47a3-949c-533b664f70af",
            "ticker": "KXHIGHAUS-25JAN31-B67.5",
            "count": 2,
            "created_time": "2025-01-31T16:26:30.796262Z",
            "yes_price": 3,
            "no_price": 97,
            "taker_side": "no"
        },
        {
            "trade_id": "514dc793-1289-4dcb-be56-c42e177cddd3",
            "ticker": "KXHIGHAUS-25JAN31-B67.5",
            "count": 2,
            "created_time": "2025-01-31T16:26:30.796262Z",
            "yes_price": 3,
            "no_price": 97,
            "taker_side": "no"
        },
        {
            "trade_id": "269155c3-db21-4fbe-9ce5-1ae39976dcbb",
            "ticker": "KXHIGHAUS-25JAN31-B67.5",
            "count": 2,
            "created_time": "2025-01-31T16:24:24.458831Z",
            "yes_price": 3,
            "no_price": 97,
            "taker_side": "yes"
        },
        {
            "trade_id": "c63eabf8-26e1-4449-ba30-1959b37a6118",
            "ticker": "KXHIGHAUS-25JAN31-B67.5",
            "count": 53,
            "created_time": "2025-01-31T16:21:55.643938Z",
            "yes_price": 3,
            "no_price": 97,
            "taker_side": "no"
        },
        {
            "trade_id": "b5e10a0c-ad59-4ced-99d5-d6f32e9fec38",
            "ticker": "KXHIGHAUS-25JAN31-B67.5",
            "count": 53,
            "created_time": "2025-01-31T16:21:55.643938Z",
            "yes_price": 3,
            "no_price": 97,
            "taker_side": "no"
        },
        {
            "trade_id": "a8647085-cbba-4a1f-bd7c-3567c8937adb",
            "ticker": "KXHIGHAUS-25JAN31-B67.5",
            "count": 29,
            "created_time": "2025-01-31T16:13:45.593865Z",
            "yes_price": 8,
            "no_price": 92,
            "taker_side": "yes"
        },
        {
            "trade_id": "a4cfc31d-23fb-4dc9-a1de-f6d340835c99",
            "ticker": "KXHIGHAUS-25JAN31-B67.5",
            "count": 210,
            "created_time": "2025-01-31T16:13:26.720094Z",
            "yes_price": 6,
            "no_price": 94,
            "taker_side": "yes"
        },
        {
            "trade_id": "45ecdc79-99c0-4f90-aab6-eaf91783c9af",
            "ticker": "KXHIGHAUS-25JAN31-B67.5",
            "count": 328,
            "created_time": "2025-01-31T16:13:26.720094Z",
            "yes_price": 7,
            "no_price": 93,
            "taker_side": "yes"
        },
        {
            "trade_id": "40779fba-66ee-494d-8df2-41190b29356d",
            "ticker": "KXHIGHAUS-25JAN31-B67.5",
            "count": 50,
            "created_time": "2025-01-31T16:13:26.720094Z",
            "yes_price": 7,
            "no_price": 93,
            "taker_side": "yes"
        },
        {
            "trade_id": "287b9f58-3ac3-4fdb-b3f0-163952c64614",
            "ticker": "KXHIGHAUS-25JAN31-B67.5",
            "count": 240,
            "created_time": "2025-01-31T16:13:26.720094Z",
            "yes_price": 8,
            "no_price": 92,
            "taker_side": "yes"
        },
        {
            "trade_id": "0db94b56-0297-4025-81ff-bb76d74fabbf",
            "ticker": "KXHIGHAUS-25JAN31-B67.5",
            "count": 67,
            "created_time": "2025-01-31T16:13:26.720094Z",
            "yes_price": 6,
            "no_price": 94,
            "taker_side": "yes"
        },
        {
            "trade_id": "09c3e1e0-c798-4883-b70a-5959fa30e465",
            "ticker": "KXHIGHAUS-25JAN31-B67.5",
            "count": 105,
            "created_time": "2025-01-31T16:13:26.720094Z",
            "yes_price": 10,
            "no_price": 90,
            "taker_side": "yes"
        },
        {
            "trade_id": "d5d97904-af7f-493f-8ce2-5027a221bce1",
            "ticker": "KXHIGHAUS-25JAN31-B67.5",
            "count": 1,
            "created_time": "2025-01-31T15:46:31.777478Z",
            "yes_price": 5,
            "no_price": 95,
            "taker_side": "no"
        },
        {
            "trade_id": "82a024dd-07bc-4fb7-9845-27fa770ad6f2",
            "ticker": "KXHIGHAUS-25JAN31-B67.5",
            "count": 1,
            "created_time": "2025-01-31T15:46:31.777478Z",
            "yes_price": 5,
            "no_price": 95,
            "taker_side": "no"
        },
        {
            "trade_id": "fb32591b-aeea-47fb-861a-4f37d577de40",
            "ticker": "KXHIGHAUS-25JAN31-B67.5",
            "count": 100,
            "created_time": "2025-01-31T15:36:05.259373Z",
            "yes_price": 2,
            "no_price": 98,
            "taker_side": "no"
        },
        {
            "trade_id": "bdd7b94e-0999-466b-a5c9-2268e74382e2",
            "ticker": "KXHIGHAUS-25JAN31-B67.5",
            "count": 10,
            "created_time": "2025-01-31T15:07:35.419478Z",
            "yes_price": 7,
            "no_price": 93,
            "taker_side": "yes"
        },
        {
            "trade_id": "d82b2c1f-731a-4030-b522-5f37a3645634",
            "ticker": "KXHIGHAUS-25JAN31-B67.5",
            "count": 86,
            "created_time": "2025-01-31T15:06:14.21798Z",
            "yes_price": 7,
            "no_price": 93,
            "taker_side": "yes"
        },
        {
            "trade_id": "4d149005-f33f-469b-92ef-98fbfccad0eb",
            "ticker": "KXHIGHAUS-25JAN31-B67.5",
            "count": 14,
            "created_time": "2025-01-31T15:06:14.21798Z",
            "yes_price": 6,
            "no_price": 94,
            "taker_side": "yes"
        },
        {
            "trade_id": "b75df23e-b604-4218-b333-c01d0cd78a14",
            "ticker": "KXHIGHAUS-25JAN31-B67.5",
            "count": 207,
            "created_time": "2025-01-31T15:02:28.61779Z",
            "yes_price": 4,
            "no_price": 96,
            "taker_side": "no"
        },
        {
            "trade_id": "35cb7fef-557e-4365-99fe-0c1f2c405aa1",
            "ticker": "KXHIGHAUS-25JAN31-B67.5",
            "count": 75,
            "created_time": "2025-01-31T14:07:52.261748Z",
            "yes_price": 7,
            "no_price": 93,
            "taker_side": "yes"
        },
        {
            "trade_id": "5e8d649c-d331-44f7-b8eb-b66af4a54358",
            "ticker": "KXHIGHAUS-25JAN31-B67.5",
            "count": 1,
            "created_time": "2025-01-31T14:03:55.362236Z",
            "yes_price": 7,
            "no_price": 93,
            "taker_side": "yes"
        },
        {
            "trade_id": "17b7296c-b848-4b55-9187-dedb48c8e31f",
            "ticker": "KXHIGHAUS-25JAN31-B67.5",
            "count": 28,
            "created_time": "2025-01-31T13:20:41.661233Z",
            "yes_price": 9,
            "no_price": 91,
            "taker_side": "yes"
        },
        {
            "trade_id": "86e0d024-93c3-48dd-8bfd-92cf652d4d68",
            "ticker": "KXHIGHAUS-25JAN31-B67.5",
            "count": 43,
            "created_time": "2025-01-31T13:03:34.812806Z",
            "yes_price": 11,
            "no_price": 89,
            "taker_side": "yes"
        },
        {
            "trade_id": "cde9c736-fc12-4fb4-bb9f-e5e97877a25a",
            "ticker": "KXHIGHAUS-25JAN31-B67.5",
            "count": 160,
            "created_time": "2025-01-31T06:30:42.036674Z",
            "yes_price": 14,
            "no_price": 86,
            "taker_side": "yes"
        },
        {
            "trade_id": "bfaa8d86-b862-4d1a-9b41-701659053c46",
            "ticker": "KXHIGHAUS-25JAN31-B67.5",
            "count": 2,
            "created_time": "2025-01-31T06:30:42.036674Z",
            "yes_price": 13,
            "no_price": 87,
            "taker_side": "yes"
        },
        {
            "trade_id": "afc95f12-9a87-4328-aaf8-c5c88d5fc7ea",
            "ticker": "KXHIGHAUS-25JAN31-B67.5",
            "count": 1,
            "created_time": "2025-01-31T06:30:42.036674Z",
            "yes_price": 12,
            "no_price": 88,
            "taker_side": "yes"
        },
        {
            "trade_id": "9be5d82f-96d9-4942-aac1-a6612132d494",
            "ticker": "KXHIGHAUS-25JAN31-B67.5",
            "count": 80,
            "created_time": "2025-01-31T06:30:42.036674Z",
            "yes_price": 14,
            "no_price": 86,
            "taker_side": "yes"
        },
        {
            "trade_id": "676012b5-55d1-478a-ac70-f274751d77f2",
            "ticker": "KXHIGHAUS-25JAN31-B67.5",
            "count": 15,
            "created_time": "2025-01-31T06:30:42.036674Z",
            "yes_price": 12,
            "no_price": 88,
            "taker_side": "yes"
        },
        {
            "trade_id": "58bd0841-7a06-454b-8804-c91b4779e1fd",
            "ticker": "KXHIGHAUS-25JAN31-B67.5",
            "count": 52,
            "created_time": "2025-01-31T06:30:42.036674Z",
            "yes_price": 12,
            "no_price": 88,
            "taker_side": "yes"
        },
        {
            "trade_id": "ce499c29-ecfc-4fb6-a2a9-1a16adba564f",
            "ticker": "KXHIGHAUS-25JAN31-B67.5",
            "count": 16,
            "created_time": "2025-01-31T05:38:48.63423Z",
            "yes_price": 12,
            "no_price": 88,
            "taker_side": "yes"
        },
        {
            "trade_id": "c15f289a-ba85-4f02-b1c8-c4d0e2c0f67f",
            "ticker": "KXHIGHAUS-25JAN31-B67.5",
            "count": 28,
            "created_time": "2025-01-31T05:38:48.63423Z",
            "yes_price": 12,
            "no_price": 88,
            "taker_side": "yes"
        },
        {
            "trade_id": "799cbc4f-1fb9-48e7-ae98-b997eab1ad2d",
            "ticker": "KXHIGHAUS-25JAN31-B67.5",
            "count": 3,
            "created_time": "2025-01-31T05:38:48.63423Z",
            "yes_price": 14,
            "no_price": 86,
            "taker_side": "yes"
        },
        {
            "trade_id": "4037b339-7a30-4a1c-9d12-b5778a405b48",
            "ticker": "KXHIGHAUS-25JAN31-B67.5",
            "count": 22,
            "created_time": "2025-01-31T05:38:48.63423Z",
            "yes_price": 12,
            "no_price": 88,
            "taker_side": "yes"
        },
        {
            "trade_id": "52911287-75bb-4f10-adb7-172a34787f58",
            "ticker": "KXHIGHAUS-25JAN31-B67.5",
            "count": 1000,
            "created_time": "2025-01-31T05:11:56.769283Z",
            "yes_price": 13,
            "no_price": 87,
            "taker_side": "yes"
        },
        {
            "trade_id": "a501a7cb-e76c-48c2-a2e0-36b816d23019",
            "ticker": "KXHIGHAUS-25JAN31-B67.5",
            "count": 1,
            "created_time": "2025-01-31T04:39:15.061912Z",
            "yes_price": 12,
            "no_price": 88,
            "taker_side": "yes"
        },
        {
            "trade_id": "0a04f76e-2e9d-4c6f-88e4-083f010393b0",
            "ticker": "KXHIGHAUS-25JAN31-B67.5",
            "count": 14,
            "created_time": "2025-01-31T04:39:15.061912Z",
            "yes_price": 12,
            "no_price": 88,
            "taker_side": "yes"
        },
        {
            "trade_id": "b87fb699-3038-44bd-9b26-2f71d3373731",
            "ticker": "KXHIGHAUS-25JAN31-B67.5",
            "count": 95,
            "created_time": "2025-01-31T04:30:24.335036Z",
            "yes_price": 14,
            "no_price": 86,
            "taker_side": "yes"
        },
        {
            "trade_id": "78df5d6f-c2f1-45ca-858c-363c5cbc001a",
            "ticker": "KXHIGHAUS-25JAN31-B67.5",
            "count": 4,
            "created_time": "2025-01-31T04:30:24.335036Z",
            "yes_price": 13,
            "no_price": 87,
            "taker_side": "yes"
        },
        {
            "trade_id": "f8397c4c-1609-4dd6-a94e-64955ced8ba9",
            "ticker": "KXHIGHAUS-25JAN31-B67.5",
            "count": 25,
            "created_time": "2025-01-31T04:13:55.833732Z",
            "yes_price": 10,
            "no_price": 90,
            "taker_side": "yes"
        },
        {
            "trade_id": "c85a9b5f-092a-4f95-9a32-cf327488ceee",
            "ticker": "KXHIGHAUS-25JAN31-B67.5",
            "count": 103,
            "created_time": "2025-01-31T04:13:55.833732Z",
            "yes_price": 14,
            "no_price": 86,
            "taker_side": "yes"
        },
        {
            "trade_id": "93ae5270-db95-4937-9da2-deb173bf3b31",
            "ticker": "KXHIGHAUS-25JAN31-B67.5",
            "count": 240,
            "created_time": "2025-01-31T04:13:55.833732Z",
            "yes_price": 12,
            "no_price": 88,
            "taker_side": "yes"
        },
        {
            "trade_id": "57f74632-6be6-4ae4-967c-66fe2ff0d5fa",
            "ticker": "KXHIGHAUS-25JAN31-B67.5",
            "count": 5,
            "created_time": "2025-01-31T04:13:55.833732Z",
            "yes_price": 10,
            "no_price": 90,
            "taker_side": "yes"
        },
        {
            "trade_id": "4c6c8352-1cd2-4d49-9ec0-39bdcaa23d11",
            "ticker": "KXHIGHAUS-25JAN31-B67.5",
            "count": 288,
            "created_time": "2025-01-31T04:13:55.833732Z",
            "yes_price": 14,
            "no_price": 86,
            "taker_side": "yes"
        },
        {
            "trade_id": "38f6bcce-a322-44b3-b2cd-b65b240d1f98",
            "ticker": "KXHIGHAUS-25JAN31-B67.5",
            "count": 9,
            "created_time": "2025-01-31T04:13:55.833732Z",
            "yes_price": 13,
            "no_price": 87,
            "taker_side": "yes"
        },
        {
            "trade_id": "3516bfdd-124f-48de-8e1f-972650579714",
            "ticker": "KXHIGHAUS-25JAN31-B67.5",
            "count": 13,
            "created_time": "2025-01-31T04:13:55.833732Z",
            "yes_price": 10,
            "no_price": 90,
            "taker_side": "yes"
        },
        {
            "trade_id": "312f2a8d-1b9a-491e-917a-5a27f1a4b8bb",
            "ticker": "KXHIGHAUS-25JAN31-B67.5",
            "count": 10,
            "created_time": "2025-01-31T04:13:55.833732Z",
            "yes_price": 14,
            "no_price": 86,
            "taker_side": "yes"
        },
        {
            "trade_id": "ee5e3cc5-8d70-4fae-92d7-35588c66a7c4",
            "ticker": "KXHIGHAUS-25JAN31-B67.5",
            "count": 6,
            "created_time": "2025-01-31T03:35:07.062876Z",
            "yes_price": 7,
            "no_price": 93,
            "taker_side": "yes"
        },
        {
            "trade_id": "b69a8382-6187-4221-8193-b95008525617",
            "ticker": "KXHIGHAUS-25JAN31-B67.5",
            "count": 2,
            "created_time": "2025-01-31T03:35:07.062876Z",
            "yes_price": 7,
            "no_price": 93,
            "taker_side": "yes"
        },
        {
            "trade_id": "64d0f14b-7d98-4889-be13-6848a4a3050b",
            "ticker": "KXHIGHAUS-25JAN31-B67.5",
            "count": 231,
            "created_time": "2025-01-31T03:35:07.062876Z",
            "yes_price": 9,
            "no_price": 91,
            "taker_side": "yes"
        },
        {
            "trade_id": "5c99d3df-f180-4f0e-bb3b-a159b90583fe",
            "ticker": "KXHIGHAUS-25JAN31-B67.5",
            "count": 30,
            "created_time": "2025-01-31T03:35:07.062876Z",
            "yes_price": 7,
            "no_price": 93,
            "taker_side": "yes"
        },
        {
            "trade_id": "fc67cc39-439f-4898-b002-01b6fa6c1752",
            "ticker": "KXHIGHAUS-25JAN31-B67.5",
            "count": 100,
            "created_time": "2025-01-31T02:47:27.595789Z",
            "yes_price": 13,
            "no_price": 87,
            "taker_side": "yes"
        },
        {
            "trade_id": "e64a27e1-b23f-4e7d-a3e7-612d8e9c6174",
            "ticker": "KXHIGHAUS-25JAN31-B67.5",
            "count": 87,
            "created_time": "2025-01-31T02:47:08.593792Z",
            "yes_price": 13,
            "no_price": 87,
            "taker_side": "yes"
        },
        {
            "trade_id": "8750ffbf-d210-4f9f-abc2-d48e47079f85",
            "ticker": "KXHIGHAUS-25JAN31-B67.5",
            "count": 10,
            "created_time": "2025-01-31T02:47:08.593792Z",
            "yes_price": 12,
            "no_price": 88,
            "taker_side": "yes"
        },
        {
            "trade_id": "5cc53dc0-2d11-40ce-9fef-832024186485",
            "ticker": "KXHIGHAUS-25JAN31-B67.5",
            "count": 3,
            "created_time": "2025-01-31T02:47:08.593792Z",
            "yes_price": 12,
            "no_price": 88,
            "taker_side": "yes"
        },
        {
            "trade_id": "e1198727-6e6b-47e2-84dc-7d4beb4d0a2d",
            "ticker": "KXHIGHAUS-25JAN31-B67.5",
            "count": 9,
            "created_time": "2025-01-31T02:45:17.332446Z",
            "yes_price": 12,
            "no_price": 88,
            "taker_side": "yes"
        },
        {
            "trade_id": "973bae8d-ac33-45c3-9c68-08c81266abe0",
            "ticker": "KXHIGHAUS-25JAN31-B67.5",
            "count": 25,
            "created_time": "2025-01-31T02:45:17.332446Z",
            "yes_price": 13,
            "no_price": 87,
            "taker_side": "yes"
        },
        {
            "trade_id": "52279c40-ae1f-48e0-8953-9641917fd81c",
            "ticker": "KXHIGHAUS-25JAN31-B67.5",
            "count": 1,
            "created_time": "2025-01-31T02:45:17.332446Z",
            "yes_price": 12,
            "no_price": 88,
            "taker_side": "yes"
        },
        {
            "trade_id": "11021d0b-b64a-4aa5-8d84-93caa5541df2",
            "ticker": "KXHIGHAUS-25JAN31-B67.5",
            "count": 2,
            "created_time": "2025-01-31T02:45:17.332446Z",
            "yes_price": 12,
            "no_price": 88,
            "taker_side": "yes"
        },
        {
            "trade_id": "a8efaf8c-58c0-4cde-a715-8fed56cab7a7",
            "ticker": "KXHIGHAUS-25JAN31-B67.5",
            "count": 10,
            "created_time": "2025-01-31T02:26:22.013381Z",
            "yes_price": 10,
            "no_price": 90,
            "taker_side": "yes"
        },
        {
            "trade_id": "6e260025-1c5f-4078-aaf2-2d3d77514da2",
            "ticker": "KXHIGHAUS-25JAN31-B67.5",
            "count": 9,
            "created_time": "2025-01-31T02:26:22.013381Z",
            "yes_price": 10,
            "no_price": 90,
            "taker_side": "yes"
        },
        {
            "trade_id": "cc017cae-a911-4546-9254-1ee7709e3370",
            "ticker": "KXHIGHAUS-25JAN31-B67.5",
            "count": 10,
            "created_time": "2025-01-31T02:19:18.063062Z",
            "yes_price": 5,
            "no_price": 95,
            "taker_side": "no"
        },
        {
            "trade_id": "e8bf9970-28dc-4b62-966b-846e7fd540ed",
            "ticker": "KXHIGHAUS-25JAN31-B67.5",
            "count": 240,
            "created_time": "2025-01-31T02:06:58.905696Z",
            "yes_price": 11,
            "no_price": 89,
            "taker_side": "yes"
        },
        {
            "trade_id": "e34a411e-3d8b-478d-86f5-129ecdfd7172",
            "ticker": "KXHIGHAUS-25JAN31-B67.5",
            "count": 55,
            "created_time": "2025-01-31T02:06:58.905696Z",
            "yes_price": 9,
            "no_price": 91,
            "taker_side": "yes"
        },
        {
            "trade_id": "85c8cbd7-248e-45ff-a29e-f797fefd2249",
            "ticker": "KXHIGHAUS-25JAN31-B67.5",
            "count": 1,
            "created_time": "2025-01-31T02:06:58.905696Z",
            "yes_price": 9,
            "no_price": 91,
            "taker_side": "yes"
        },
        {
            "trade_id": "5a4155bc-14d2-4eb2-aca0-968f2c8b2783",
            "ticker": "KXHIGHAUS-25JAN31-B67.5",
            "count": 40,
            "created_time": "2025-01-31T02:06:58.905696Z",
            "yes_price": 9,
            "no_price": 91,
            "taker_side": "yes"
        },
        {
            "trade_id": "26091441-f08e-4460-aab8-6a6972a1cf1b",
            "ticker": "KXHIGHAUS-25JAN31-B67.5",
            "count": 240,
            "created_time": "2025-01-31T02:06:58.905696Z",
            "yes_price": 13,
            "no_price": 87,
            "taker_side": "yes"
        },
        {
            "trade_id": "ff85a43e-0e12-4b60-9864-0426790885c2",
            "ticker": "KXHIGHAUS-25JAN31-B67.5",
            "count": 2,
            "created_time": "2025-01-31T01:29:38.502857Z",
            "yes_price": 7,
            "no_price": 93,
            "taker_side": "yes"
        },
        {
            "trade_id": "3f7cb762-cda5-4801-8f95-1c1b73ab35b0",
            "ticker": "KXHIGHAUS-25JAN31-B67.5",
            "count": 207,
            "created_time": "2025-01-31T01:29:38.502857Z",
            "yes_price": 9,
            "no_price": 91,
            "taker_side": "yes"
        },
        {
            "trade_id": "d4504a5d-0ca5-4b6d-8edd-5e0f47e095a4",
            "ticker": "KXHIGHAUS-25JAN31-B67.5",
            "count": 9,
            "created_time": "2025-01-31T00:22:01.326566Z",
            "yes_price": 7,
            "no_price": 93,
            "taker_side": "yes"
        },
        {
            "trade_id": "b65335b8-56de-4b43-b3e4-07304885d1d0",
            "ticker": "KXHIGHAUS-25JAN31-B67.5",
            "count": 17,
            "created_time": "2025-01-31T00:22:01.326566Z",
            "yes_price": 7,
            "no_price": 93,
            "taker_side": "yes"
        },
        {
            "trade_id": "9a64fec7-a66f-4d1d-a577-603627bfed33",
            "ticker": "KXHIGHAUS-25JAN31-B67.5",
            "count": 83,
            "created_time": "2025-01-31T00:22:01.326566Z",
            "yes_price": 9,
            "no_price": 91,
            "taker_side": "yes"
        },
        {
            "trade_id": "0514ae20-03da-4bca-9921-76326b214ba7",
            "ticker": "KXHIGHAUS-25JAN31-B67.5",
            "count": 1,
            "created_time": "2025-01-31T00:22:01.326566Z",
            "yes_price": 7,
            "no_price": 93,
            "taker_side": "yes"
        },
        {
            "trade_id": "d0d4311c-6ddb-4dc2-adc3-fa102f327b2e",
            "ticker": "KXHIGHAUS-25JAN31-B67.5",
            "count": 34,
            "created_time": "2025-01-30T23:35:05.505477Z",
            "yes_price": 9,
            "no_price": 91,
            "taker_side": "yes"
        },
        {
            "trade_id": "79b5b811-ae2d-4396-b164-870ce5f73e4c",
            "ticker": "KXHIGHAUS-25JAN31-B67.5",
            "count": 12,
            "created_time": "2025-01-30T23:35:05.505477Z",
            "yes_price": 9,
            "no_price": 91,
            "taker_side": "yes"
        },
        {
            "trade_id": "9cfb26fe-d596-4947-b09e-474c696fe570",
            "ticker": "KXHIGHAUS-25JAN31-B67.5",
            "count": 8,
            "created_time": "2025-01-30T23:34:02.343036Z",
            "yes_price": 7,
            "no_price": 93,
            "taker_side": "no"
        },
        {
            "trade_id": "5fcdc430-b96c-4608-990a-a94578fc00b2",
            "ticker": "KXHIGHAUS-25JAN31-B67.5",
            "count": 9,
            "created_time": "2025-01-30T23:30:26.426233Z",
            "yes_price": 7,
            "no_price": 93,
            "taker_side": "no"
        },
        {
            "trade_id": "f6faf625-bdca-4408-a93c-7f59faab5800",
            "ticker": "KXHIGHAUS-25JAN31-B67.5",
            "count": 3,
            "created_time": "2025-01-30T23:28:33.638004Z",
            "yes_price": 7,
            "no_price": 93,
            "taker_side": "yes"
        },
        {
            "trade_id": "3e8ccdda-780c-43f9-944f-422ba28bcb25",
            "ticker": "KXHIGHAUS-25JAN31-B67.5",
            "count": 1,
            "created_time": "2025-01-30T23:28:33.638004Z",
            "yes_price": 7,
            "no_price": 93,
            "taker_side": "yes"
        },
        {
            "trade_id": "2b253f37-7af3-41be-af61-a34f9864bf7b",
            "ticker": "KXHIGHAUS-25JAN31-B67.5",
            "count": 8,
            "created_time": "2025-01-30T23:28:33.638004Z",
            "yes_price": 7,
            "no_price": 93,
            "taker_side": "yes"
        },
        {
            "trade_id": "0f9c2568-3b50-4949-93d2-6da2c5ee2bac",
            "ticker": "KXHIGHAUS-25JAN31-B67.5",
            "count": 25,
            "created_time": "2025-01-30T21:58:10.362931Z",
            "yes_price": 7,
            "no_price": 93,
            "taker_side": "yes"
        },
        {
            "trade_id": "fa7b6fcc-7ecc-418b-aa17-35b7dbec7d44",
            "ticker": "KXHIGHAUS-25JAN31-B67.5",
            "count": 10,
            "created_time": "2025-01-30T21:22:38.139748Z",
            "yes_price": 2,
            "no_price": 98,
            "taker_side": "no"
        },
        {
            "trade_id": "91839f6a-1173-4235-ae56-931b6ccf0e35",
            "ticker": "KXHIGHAUS-25JAN31-B67.5",
            "count": 100,
            "created_time": "2025-01-30T21:09:18.896003Z",
            "yes_price": 2,
            "no_price": 98,
            "taker_side": "no"
        },
        {
            "trade_id": "2522f74c-7cb9-4d8d-8962-0cd3bc0ffbdf",
            "ticker": "KXHIGHAUS-25JAN31-B67.5",
            "count": 1,
            "created_time": "2025-01-30T17:30:17.573889Z",
            "yes_price": 9,
            "no_price": 91,
            "taker_side": "yes"
        }
    ],
    "KXHIGHAUS-25JAN31-B69.5": [
        {
            "trade_id": "f89f19c7-2681-43ab-bcea-19fb9c8f1b94",
            "ticker": "KXHIGHAUS-25JAN31-B69.5",
            "count": 916,
            "created_time": "2025-02-01T05:44:38.79519Z",
            "yes_price": 1,
            "no_price": 99,
            "taker_side": "yes"
        },
        {
            "trade_id": "850a5c6d-f772-49fc-ab7b-0ba4acb25ffb",
            "ticker": "KXHIGHAUS-25JAN31-B69.5",
            "count": 22,
            "created_time": "2025-01-31T23:01:56.755379Z",
            "yes_price": 1,
            "no_price": 99,
            "taker_side": "yes"
        },
        {
            "trade_id": "9b23485d-085b-4e2d-bcb4-43047ccfd157",
            "ticker": "KXHIGHAUS-25JAN31-B69.5",
            "count": 11,
            "created_time": "2025-01-31T22:57:41.053682Z",
            "yes_price": 1,
            "no_price": 99,
            "taker_side": "yes"
        },
        {
            "trade_id": "695220ef-7238-4c62-94c7-2930862c133d",
            "ticker": "KXHIGHAUS-25JAN31-B69.5",
            "count": 18,
            "created_time": "2025-01-31T22:07:58.316602Z",
            "yes_price": 1,
            "no_price": 99,
            "taker_side": "yes"
        },
        {
            "trade_id": "4dcef736-ea99-4ce4-83c9-22aeb643440a",
            "ticker": "KXHIGHAUS-25JAN31-B69.5",
            "count": 123,
            "created_time": "2025-01-31T22:07:27.043452Z",
            "yes_price": 1,
            "no_price": 99,
            "taker_side": "yes"
        },
        {
            "trade_id": "c2337606-c2ce-4945-8cab-46223c51db5d",
            "ticker": "KXHIGHAUS-25JAN31-B69.5",
            "count": 1,
            "created_time": "2025-01-31T20:55:28.888756Z",
            "yes_price": 1,
            "no_price": 99,
            "taker_side": "yes"
        },
        {
            "trade_id": "b88482d0-70f4-47ba-9b59-b844fa238944",
            "ticker": "KXHIGHAUS-25JAN31-B69.5",
            "count": 10,
            "created_time": "2025-01-31T20:20:20.247443Z",
            "yes_price": 1,
            "no_price": 99,
            "taker_side": "yes"
        },
        {
            "trade_id": "5d293d1a-c1b2-4f4d-a453-0b2b156882cf",
            "ticker": "KXHIGHAUS-25JAN31-B69.5",
            "count": 52,
            "created_time": "2025-01-31T20:14:37.457994Z",
            "yes_price": 1,
            "no_price": 99,
            "taker_side": "yes"
        },
        {
            "trade_id": "3d75d727-f3b9-40b3-939d-ec655777aed9",
            "ticker": "KXHIGHAUS-25JAN31-B69.5",
            "count": 20,
            "created_time": "2025-01-31T20:07:51.706105Z",
            "yes_price": 1,
            "no_price": 99,
            "taker_side": "yes"
        },
        {
            "trade_id": "d5650c2d-262e-4ef0-9721-7d9342ddfaa8",
            "ticker": "KXHIGHAUS-25JAN31-B69.5",
            "count": 321,
            "created_time": "2025-01-31T19:57:55.290649Z",
            "yes_price": 1,
            "no_price": 99,
            "taker_side": "yes"
        },
        {
            "trade_id": "fecbdba6-cfd1-41b9-9c3a-c742588d0673",
            "ticker": "KXHIGHAUS-25JAN31-B69.5",
            "count": 228,
            "created_time": "2025-01-31T19:56:36.038924Z",
            "yes_price": 1,
            "no_price": 99,
            "taker_side": "yes"
        },
        {
            "trade_id": "cf5f0554-34e8-4cfb-821c-ab21cfbfd37c",
            "ticker": "KXHIGHAUS-25JAN31-B69.5",
            "count": 63,
            "created_time": "2025-01-31T19:55:13.938132Z",
            "yes_price": 1,
            "no_price": 99,
            "taker_side": "yes"
        },
        {
            "trade_id": "f52e554f-4715-42b7-9e24-de839fe35eef",
            "ticker": "KXHIGHAUS-25JAN31-B69.5",
            "count": 100,
            "created_time": "2025-01-31T19:47:12.470367Z",
            "yes_price": 1,
            "no_price": 99,
            "taker_side": "no"
        },
        {
            "trade_id": "f2b3fda8-f53b-4e1b-a11e-91d451137ea7",
            "ticker": "KXHIGHAUS-25JAN31-B69.5",
            "count": 150,
            "created_time": "2025-01-31T19:47:12.470367Z",
            "yes_price": 1,
            "no_price": 99,
            "taker_side": "no"
        },
        {
            "trade_id": "ec8eff5e-a91e-47d8-b4b4-89203512d95b",
            "ticker": "KXHIGHAUS-25JAN31-B69.5",
            "count": 31,
            "created_time": "2025-01-31T19:47:12.470367Z",
            "yes_price": 1,
            "no_price": 99,
            "taker_side": "no"
        },
        {
            "trade_id": "87272c4c-5cb3-4094-ac2c-14444502c59b",
            "ticker": "KXHIGHAUS-25JAN31-B69.5",
            "count": 50,
            "created_time": "2025-01-31T19:47:12.470367Z",
            "yes_price": 2,
            "no_price": 98,
            "taker_side": "no"
        },
        {
            "trade_id": "867ba94a-7020-4237-aaea-9519e7ad6b4c",
            "ticker": "KXHIGHAUS-25JAN31-B69.5",
            "count": 410,
            "created_time": "2025-01-31T19:47:12.470367Z",
            "yes_price": 1,
            "no_price": 99,
            "taker_side": "no"
        },
        {
            "trade_id": "5875fdac-1a09-4cc9-9a22-171afecec637",
            "ticker": "KXHIGHAUS-25JAN31-B69.5",
            "count": 831,
            "created_time": "2025-01-31T19:47:12.470367Z",
            "yes_price": 1,
            "no_price": 99,
            "taker_side": "no"
        },
        {
            "trade_id": "3684c0ad-9e32-494a-b2a4-165f782d0dab",
            "ticker": "KXHIGHAUS-25JAN31-B69.5",
            "count": 50,
            "created_time": "2025-01-31T19:47:12.470367Z",
            "yes_price": 1,
            "no_price": 99,
            "taker_side": "no"
        },
        {
            "trade_id": "259febfc-5bfc-4e04-9c01-eab9d6f4a3a2",
            "ticker": "KXHIGHAUS-25JAN31-B69.5",
            "count": 50,
            "created_time": "2025-01-31T19:47:12.470367Z",
            "yes_price": 3,
            "no_price": 97,
            "taker_side": "no"
        },
        {
            "trade_id": "1c9e1529-2532-4989-a11e-4469c09f4dce",
            "ticker": "KXHIGHAUS-25JAN31-B69.5",
            "count": 20,
            "created_time": "2025-01-31T19:47:12.470367Z",
            "yes_price": 2,
            "no_price": 98,
            "taker_side": "no"
        },
        {
            "trade_id": "1b96eda9-d0a6-46ae-bbcf-0386716ef7dc",
            "ticker": "KXHIGHAUS-25JAN31-B69.5",
            "count": 1,
            "created_time": "2025-01-31T19:47:12.470367Z",
            "yes_price": 3,
            "no_price": 97,
            "taker_side": "no"
        },
        {
            "trade_id": "116b1e80-9180-4e65-8b2d-e3d5f7640726",
            "ticker": "KXHIGHAUS-25JAN31-B69.5",
            "count": 29,
            "created_time": "2025-01-31T19:42:31.92946Z",
            "yes_price": 10,
            "no_price": 90,
            "taker_side": "yes"
        },
        {
            "trade_id": "9eb87c0c-ec6d-4706-9cfc-e1f0ef583458",
            "ticker": "KXHIGHAUS-25JAN31-B69.5",
            "count": 480,
            "created_time": "2025-01-31T19:40:56.083789Z",
            "yes_price": 6,
            "no_price": 94,
            "taker_side": "yes"
        },
        {
            "trade_id": "688cef43-ed51-459a-ac0a-507bc9bfd391",
            "ticker": "KXHIGHAUS-25JAN31-B69.5",
            "count": 20,
            "created_time": "2025-01-31T19:40:23.516191Z",
            "yes_price": 6,
            "no_price": 94,
            "taker_side": "yes"
        },
        {
            "trade_id": "d68b8a97-cb10-484b-b2e9-4dd8c12f9846",
            "ticker": "KXHIGHAUS-25JAN31-B69.5",
            "count": 16,
            "created_time": "2025-01-31T19:29:44.561986Z",
            "yes_price": 2,
            "no_price": 98,
            "taker_side": "no"
        },
        {
            "trade_id": "7ed026f1-5184-402b-974e-50640bbb3f77",
            "ticker": "KXHIGHAUS-25JAN31-B69.5",
            "count": 2,
            "created_time": "2025-01-31T19:29:44.561986Z",
            "yes_price": 5,
            "no_price": 95,
            "taker_side": "no"
        },
        {
            "trade_id": "9533bc62-9da3-41c5-b2b9-2d6bbec09dcb",
            "ticker": "KXHIGHAUS-25JAN31-B69.5",
            "count": 88,
            "created_time": "2025-01-31T19:15:33.863515Z",
            "yes_price": 2,
            "no_price": 98,
            "taker_side": "no"
        },
        {
            "trade_id": "7af5c052-991f-4840-892f-aeb799a72712",
            "ticker": "KXHIGHAUS-25JAN31-B69.5",
            "count": 76,
            "created_time": "2025-01-31T19:11:42.638512Z",
            "yes_price": 2,
            "no_price": 98,
            "taker_side": "no"
        },
        {
            "trade_id": "c5f763c7-80e4-4a4f-9c0f-5bf97b27cc22",
            "ticker": "KXHIGHAUS-25JAN31-B69.5",
            "count": 46,
            "created_time": "2025-01-31T19:09:32.221948Z",
            "yes_price": 8,
            "no_price": 92,
            "taker_side": "yes"
        },
        {
            "trade_id": "9048fa15-88d9-45f0-b5d6-e6668ab05bee",
            "ticker": "KXHIGHAUS-25JAN31-B69.5",
            "count": 50,
            "created_time": "2025-01-31T19:09:32.221948Z",
            "yes_price": 8,
            "no_price": 92,
            "taker_side": "yes"
        },
        {
            "trade_id": "32ed98e9-c305-483d-a136-a89825c681d6",
            "ticker": "KXHIGHAUS-25JAN31-B69.5",
            "count": 404,
            "created_time": "2025-01-31T19:09:32.221948Z",
            "yes_price": 9,
            "no_price": 91,
            "taker_side": "yes"
        },
        {
            "trade_id": "45d907ba-c585-4c8a-bdbb-be46a45ff645",
            "ticker": "KXHIGHAUS-25JAN31-B69.5",
            "count": 16,
            "created_time": "2025-01-31T19:06:16.545148Z",
            "yes_price": 8,
            "no_price": 92,
            "taker_side": "no"
        },
        {
            "trade_id": "43dbd3da-4653-4c22-b957-cbc6b1b8f9c2",
            "ticker": "KXHIGHAUS-25JAN31-B69.5",
            "count": 41,
            "created_time": "2025-01-31T19:01:26.888712Z",
            "yes_price": 8,
            "no_price": 92,
            "taker_side": "no"
        },
        {
            "trade_id": "bb73c227-e7d8-4433-8730-d1503b2139db",
            "ticker": "KXHIGHAUS-25JAN31-B69.5",
            "count": 50,
            "created_time": "2025-01-31T18:48:30.802422Z",
            "yes_price": 6,
            "no_price": 94,
            "taker_side": "no"
        },
        {
            "trade_id": "c9fc7483-25eb-4948-8b7a-9236646ef239",
            "ticker": "KXHIGHAUS-25JAN31-B69.5",
            "count": 52,
            "created_time": "2025-01-31T18:47:41.140695Z",
            "yes_price": 8,
            "no_price": 92,
            "taker_side": "no"
        },
        {
            "trade_id": "3ebf777f-4d52-4913-a49e-d069672c3d6f",
            "ticker": "KXHIGHAUS-25JAN31-B69.5",
            "count": 1,
            "created_time": "2025-01-31T18:47:41.140695Z",
            "yes_price": 9,
            "no_price": 91,
            "taker_side": "no"
        },
        {
            "trade_id": "0c965dbb-ff1f-47a6-ba15-78bf7ce82047",
            "ticker": "KXHIGHAUS-25JAN31-B69.5",
            "count": 50,
            "created_time": "2025-01-31T18:47:41.140695Z",
            "yes_price": 8,
            "no_price": 92,
            "taker_side": "no"
        },
        {
            "trade_id": "cafa99a4-3016-4bc2-b1fb-803c77d6829c",
            "ticker": "KXHIGHAUS-25JAN31-B69.5",
            "count": 6,
            "created_time": "2025-01-31T18:42:58.877553Z",
            "yes_price": 15,
            "no_price": 85,
            "taker_side": "yes"
        },
        {
            "trade_id": "6b11b2e8-d997-410f-83c1-9dee7c7803d1",
            "ticker": "KXHIGHAUS-25JAN31-B69.5",
            "count": 50,
            "created_time": "2025-01-31T18:40:14.153705Z",
            "yes_price": 10,
            "no_price": 90,
            "taker_side": "no"
        },
        {
            "trade_id": "439f7ed7-38e3-4509-9f70-39e057afaa25",
            "ticker": "KXHIGHAUS-25JAN31-B69.5",
            "count": 14,
            "created_time": "2025-01-31T18:40:14.153705Z",
            "yes_price": 12,
            "no_price": 88,
            "taker_side": "no"
        },
        {
            "trade_id": "419df8d8-0c5f-49c5-b674-4754413d9122",
            "ticker": "KXHIGHAUS-25JAN31-B69.5",
            "count": 13,
            "created_time": "2025-01-31T18:40:14.153705Z",
            "yes_price": 10,
            "no_price": 90,
            "taker_side": "no"
        },
        {
            "trade_id": "9d9a70db-ad14-4602-b665-d92ba9781496",
            "ticker": "KXHIGHAUS-25JAN31-B69.5",
            "count": 195,
            "created_time": "2025-01-31T18:33:53.496386Z",
            "yes_price": 11,
            "no_price": 89,
            "taker_side": "no"
        },
        {
            "trade_id": "9c697dcf-55a1-4a14-b5d0-24252c5c494e",
            "ticker": "KXHIGHAUS-25JAN31-B69.5",
            "count": 50,
            "created_time": "2025-01-31T18:32:10.839285Z",
            "yes_price": 14,
            "no_price": 86,
            "taker_side": "no"
        },
        {
            "trade_id": "87752109-d9cc-496e-8816-acd46a4a78d7",
            "ticker": "KXHIGHAUS-25JAN31-B69.5",
            "count": 30,
            "created_time": "2025-01-31T18:32:10.839285Z",
            "yes_price": 17,
            "no_price": 83,
            "taker_side": "no"
        },
        {
            "trade_id": "a0f98601-96b2-498c-baf4-972955b94c17",
            "ticker": "KXHIGHAUS-25JAN31-B69.5",
            "count": 10,
            "created_time": "2025-01-31T18:21:29.110657Z",
            "yes_price": 19,
            "no_price": 81,
            "taker_side": "no"
        },
        {
            "trade_id": "2255506f-3be4-454d-96aa-e3e55d1047dc",
            "ticker": "KXHIGHAUS-25JAN31-B69.5",
            "count": 75,
            "created_time": "2025-01-31T18:20:14.966868Z",
            "yes_price": 20,
            "no_price": 80,
            "taker_side": "no"
        },
        {
            "trade_id": "20441da1-f4c8-41c7-ba18-d52ec0a4f416",
            "ticker": "KXHIGHAUS-25JAN31-B69.5",
            "count": 48,
            "created_time": "2025-01-31T18:20:14.966868Z",
            "yes_price": 20,
            "no_price": 80,
            "taker_side": "no"
        },
        {
            "trade_id": "d71927fb-8837-4824-8fbf-015198da2797",
            "ticker": "KXHIGHAUS-25JAN31-B69.5",
            "count": 50,
            "created_time": "2025-01-31T18:19:54.187763Z",
            "yes_price": 29,
            "no_price": 71,
            "taker_side": "yes"
        },
        {
            "trade_id": "83c7525c-ca58-451c-a15f-014979818494",
            "ticker": "KXHIGHAUS-25JAN31-B69.5",
            "count": 15,
            "created_time": "2025-01-31T18:19:54.187763Z",
            "yes_price": 30,
            "no_price": 70,
            "taker_side": "yes"
        },
        {
            "trade_id": "d8e23b6a-946a-4631-9f5b-74f425db40fa",
            "ticker": "KXHIGHAUS-25JAN31-B69.5",
            "count": 5,
            "created_time": "2025-01-31T18:09:18.559872Z",
            "yes_price": 20,
            "no_price": 80,
            "taker_side": "no"
        },
        {
            "trade_id": "1920a92b-4abc-4658-81e5-7a36fa19ecf7",
            "ticker": "KXHIGHAUS-25JAN31-B69.5",
            "count": 250,
            "created_time": "2025-01-31T18:08:41.661291Z",
            "yes_price": 28,
            "no_price": 72,
            "taker_side": "yes"
        },
        {
            "trade_id": "c588dc6b-2628-4b45-9819-154c488ae1c2",
            "ticker": "KXHIGHAUS-25JAN31-B69.5",
            "count": 19,
            "created_time": "2025-01-31T18:07:30.918597Z",
            "yes_price": 26,
            "no_price": 74,
            "taker_side": "yes"
        },
        {
            "trade_id": "b0c0bfda-e415-443e-b3e3-397cb27ea4ea",
            "ticker": "KXHIGHAUS-25JAN31-B69.5",
            "count": 69,
            "created_time": "2025-01-31T18:07:30.918597Z",
            "yes_price": 27,
            "no_price": 73,
            "taker_side": "yes"
        },
        {
            "trade_id": "5acae567-f390-4163-b328-b34c294c446e",
            "ticker": "KXHIGHAUS-25JAN31-B69.5",
            "count": 68,
            "created_time": "2025-01-31T18:01:46.353755Z",
            "yes_price": 27,
            "no_price": 73,
            "taker_side": "yes"
        },
        {
            "trade_id": "0a42180e-356d-4262-877f-9d4b1a77ff7e",
            "ticker": "KXHIGHAUS-25JAN31-B69.5",
            "count": 20,
            "created_time": "2025-01-31T18:01:46.353755Z",
            "yes_price": 26,
            "no_price": 74,
            "taker_side": "yes"
        },
        {
            "trade_id": "edfe5a2d-9c06-4fac-a34b-d4787a886843",
            "ticker": "KXHIGHAUS-25JAN31-B69.5",
            "count": 101,
            "created_time": "2025-01-31T17:46:58.408821Z",
            "yes_price": 26,
            "no_price": 74,
            "taker_side": "yes"
        },
        {
            "trade_id": "de0aa5d8-bfa1-4c4b-adb7-f60ce92dc768",
            "ticker": "KXHIGHAUS-25JAN31-B69.5",
            "count": 22,
            "created_time": "2025-01-31T17:46:58.408821Z",
            "yes_price": 25,
            "no_price": 75,
            "taker_side": "yes"
        },
        {
            "trade_id": "9c3d7dba-7fce-4ea1-9859-2cc16bd55a28",
            "ticker": "KXHIGHAUS-25JAN31-B69.5",
            "count": 58,
            "created_time": "2025-01-31T17:46:58.408821Z",
            "yes_price": 27,
            "no_price": 73,
            "taker_side": "yes"
        },
        {
            "trade_id": "890020df-6e94-44f1-9a79-4fecc1b5a19d",
            "ticker": "KXHIGHAUS-25JAN31-B69.5",
            "count": 5,
            "created_time": "2025-01-31T17:41:43.066723Z",
            "yes_price": 25,
            "no_price": 75,
            "taker_side": "yes"
        },
        {
            "trade_id": "4c8203f2-2e57-4a68-b90a-445aaa61b788",
            "ticker": "KXHIGHAUS-25JAN31-B69.5",
            "count": 76,
            "created_time": "2025-01-31T17:41:43.066723Z",
            "yes_price": 26,
            "no_price": 74,
            "taker_side": "yes"
        },
        {
            "trade_id": "4a476546-36ca-4bee-ac2e-c9c8a3d97591",
            "ticker": "KXHIGHAUS-25JAN31-B69.5",
            "count": 1,
            "created_time": "2025-01-31T17:41:43.066723Z",
            "yes_price": 25,
            "no_price": 75,
            "taker_side": "yes"
        },
        {
            "trade_id": "cfc87b1d-5fb1-4ff0-9668-378f2c040c58",
            "ticker": "KXHIGHAUS-25JAN31-B69.5",
            "count": 15,
            "created_time": "2025-01-31T17:40:52.926906Z",
            "yes_price": 25,
            "no_price": 75,
            "taker_side": "yes"
        },
        {
            "trade_id": "608e89a9-f522-43f6-be7a-67e8ad658dd1",
            "ticker": "KXHIGHAUS-25JAN31-B69.5",
            "count": 12,
            "created_time": "2025-01-31T17:37:59.508328Z",
            "yes_price": 26,
            "no_price": 74,
            "taker_side": "yes"
        },
        {
            "trade_id": "0d208270-79a7-4414-9165-0b79bb428a13",
            "ticker": "KXHIGHAUS-25JAN31-B69.5",
            "count": 40,
            "created_time": "2025-01-31T17:37:59.508328Z",
            "yes_price": 26,
            "no_price": 74,
            "taker_side": "yes"
        },
        {
            "trade_id": "d3bae26b-eb2a-4358-a6ee-2d9905fcb846",
            "ticker": "KXHIGHAUS-25JAN31-B69.5",
            "count": 7,
            "created_time": "2025-01-31T17:28:12.238724Z",
            "yes_price": 27,
            "no_price": 73,
            "taker_side": "yes"
        },
        {
            "trade_id": "6bc527af-cdfd-4112-a25d-894822c59ce7",
            "ticker": "KXHIGHAUS-25JAN31-B69.5",
            "count": 750,
            "created_time": "2025-01-31T17:27:46.743704Z",
            "yes_price": 21,
            "no_price": 79,
            "taker_side": "yes"
        },
        {
            "trade_id": "ac9c13d8-abd1-4c8c-98a8-4edaa72046a2",
            "ticker": "KXHIGHAUS-25JAN31-B69.5",
            "count": 3,
            "created_time": "2025-01-31T17:16:37.946818Z",
            "yes_price": 26,
            "no_price": 74,
            "taker_side": "yes"
        },
        {
            "trade_id": "1fe675ae-1f1a-4b5a-b2fa-acd0c8844c97",
            "ticker": "KXHIGHAUS-25JAN31-B69.5",
            "count": 18,
            "created_time": "2025-01-31T17:13:03.226625Z",
            "yes_price": 26,
            "no_price": 74,
            "taker_side": "yes"
        },
        {
            "trade_id": "0b5552ed-939e-4d1b-9219-c086c971d9cb",
            "ticker": "KXHIGHAUS-25JAN31-B69.5",
            "count": 33,
            "created_time": "2025-01-31T17:12:07.015634Z",
            "yes_price": 27,
            "no_price": 73,
            "taker_side": "yes"
        },
        {
            "trade_id": "7f4418ac-a753-405a-976e-18c755e8d1da",
            "ticker": "KXHIGHAUS-25JAN31-B69.5",
            "count": 20,
            "created_time": "2025-01-31T17:00:49.359337Z",
            "yes_price": 28,
            "no_price": 72,
            "taker_side": "yes"
        },
        {
            "trade_id": "fef1039d-b92b-42c5-b350-4c0ab77a0054",
            "ticker": "KXHIGHAUS-25JAN31-B69.5",
            "count": 3,
            "created_time": "2025-01-31T16:59:10.122509Z",
            "yes_price": 29,
            "no_price": 71,
            "taker_side": "yes"
        },
        {
            "trade_id": "42988de5-60da-497b-9396-8ad636f55b37",
            "ticker": "KXHIGHAUS-25JAN31-B69.5",
            "count": 1,
            "created_time": "2025-01-31T16:58:59.225969Z",
            "yes_price": 29,
            "no_price": 71,
            "taker_side": "yes"
        },
        {
            "trade_id": "831d1ee2-b2e5-4c1e-8db6-8c8452023483",
            "ticker": "KXHIGHAUS-25JAN31-B69.5",
            "count": 46,
            "created_time": "2025-01-31T16:58:43.26201Z",
            "yes_price": 29,
            "no_price": 71,
            "taker_side": "yes"
        },
        {
            "trade_id": "0bdcf027-e6a8-43f7-a88e-b8ad9e586b97",
            "ticker": "KXHIGHAUS-25JAN31-B69.5",
            "count": 1,
            "created_time": "2025-01-31T16:58:43.26201Z",
            "yes_price": 29,
            "no_price": 71,
            "taker_side": "yes"
        },
        {
            "trade_id": "ad9debce-5d4e-4ab8-8b84-f3ca8e104992",
            "ticker": "KXHIGHAUS-25JAN31-B69.5",
            "count": 55,
            "created_time": "2025-01-31T16:57:56.076922Z",
            "yes_price": 29,
            "no_price": 71,
            "taker_side": "yes"
        },
        {
            "trade_id": "0d4eb01c-ff09-4709-abbf-324c6df95b46",
            "ticker": "KXHIGHAUS-25JAN31-B69.5",
            "count": 1,
            "created_time": "2025-01-31T16:57:56.076922Z",
            "yes_price": 29,
            "no_price": 71,
            "taker_side": "yes"
        },
        {
            "trade_id": "f114d7de-9375-404c-836c-5fba68f8d26f",
            "ticker": "KXHIGHAUS-25JAN31-B69.5",
            "count": 1,
            "created_time": "2025-01-31T16:57:39.59703Z",
            "yes_price": 26,
            "no_price": 74,
            "taker_side": "yes"
        },
        {
            "trade_id": "f0bf4fda-21ad-402c-b2ef-8871592e12b2",
            "ticker": "KXHIGHAUS-25JAN31-B69.5",
            "count": 1,
            "created_time": "2025-01-31T16:57:39.59703Z",
            "yes_price": 28,
            "no_price": 72,
            "taker_side": "yes"
        },
        {
            "trade_id": "d61f2104-715a-4bab-82f5-2e7a8701a30b",
            "ticker": "KXHIGHAUS-25JAN31-B69.5",
            "count": 27,
            "created_time": "2025-01-31T16:57:39.59703Z",
            "yes_price": 27,
            "no_price": 73,
            "taker_side": "yes"
        },
        {
            "trade_id": "be15e75a-5254-41d0-ae0b-a3d04a802744",
            "ticker": "KXHIGHAUS-25JAN31-B69.5",
            "count": 18,
            "created_time": "2025-01-31T16:57:39.59703Z",
            "yes_price": 27,
            "no_price": 73,
            "taker_side": "yes"
        },
        {
            "trade_id": "b132a057-4c09-4f44-84fb-000ca8548875",
            "ticker": "KXHIGHAUS-25JAN31-B69.5",
            "count": 200,
            "created_time": "2025-01-31T16:57:39.59703Z",
            "yes_price": 27,
            "no_price": 73,
            "taker_side": "yes"
        },
        {
            "trade_id": "aa851a6a-17d0-4df8-ae9c-8b9a52b6c5d3",
            "ticker": "KXHIGHAUS-25JAN31-B69.5",
            "count": 18,
            "created_time": "2025-01-31T16:57:39.59703Z",
            "yes_price": 26,
            "no_price": 74,
            "taker_side": "yes"
        },
        {
            "trade_id": "98ce3025-494b-4921-9d0d-a8873e60068e",
            "ticker": "KXHIGHAUS-25JAN31-B69.5",
            "count": 240,
            "created_time": "2025-01-31T16:57:39.59703Z",
            "yes_price": 29,
            "no_price": 71,
            "taker_side": "yes"
        },
        {
            "trade_id": "4ce93d94-d162-44ab-9d13-f4aa3fc81d35",
            "ticker": "KXHIGHAUS-25JAN31-B69.5",
            "count": 16,
            "created_time": "2025-01-31T16:57:39.59703Z",
            "yes_price": 29,
            "no_price": 71,
            "taker_side": "yes"
        },
        {
            "trade_id": "3072cc05-5b45-44e0-9634-56fa5ae907a9",
            "ticker": "KXHIGHAUS-25JAN31-B69.5",
            "count": 32,
            "created_time": "2025-01-31T16:57:39.59703Z",
            "yes_price": 26,
            "no_price": 74,
            "taker_side": "yes"
        },
        {
            "trade_id": "d77694eb-1132-4e27-aeee-06788ac1862d",
            "ticker": "KXHIGHAUS-25JAN31-B69.5",
            "count": 5,
            "created_time": "2025-01-31T16:56:38.997199Z",
            "yes_price": 26,
            "no_price": 74,
            "taker_side": "yes"
        },
        {
            "trade_id": "2359163f-a912-4e5c-b1d3-d3529a7a6fe3",
            "ticker": "KXHIGHAUS-25JAN31-B69.5",
            "count": 3,
            "created_time": "2025-01-31T16:55:46.161379Z",
            "yes_price": 26,
            "no_price": 74,
            "taker_side": "yes"
        },
        {
            "trade_id": "e8e2695b-19c1-4a58-94be-d223807c4a84",
            "ticker": "KXHIGHAUS-25JAN31-B69.5",
            "count": 46,
            "created_time": "2025-01-31T16:42:26.052901Z",
            "yes_price": 28,
            "no_price": 72,
            "taker_side": "yes"
        },
        {
            "trade_id": "ca220fad-6ef7-4d78-915b-7698cc12d8e7",
            "ticker": "KXHIGHAUS-25JAN31-B69.5",
            "count": 32,
            "created_time": "2025-01-31T16:42:26.052901Z",
            "yes_price": 27,
            "no_price": 73,
            "taker_side": "yes"
        },
        {
            "trade_id": "fa71500c-f348-45b9-9e27-1f4bea3c83fa",
            "ticker": "KXHIGHAUS-25JAN31-B69.5",
            "count": 56,
            "created_time": "2025-01-31T16:40:18.357298Z",
            "yes_price": 28,
            "no_price": 72,
            "taker_side": "yes"
        },
        {
            "trade_id": "5561cd42-fe7c-4cd4-b495-82e435eec15f",
            "ticker": "KXHIGHAUS-25JAN31-B69.5",
            "count": 50,
            "created_time": "2025-01-31T16:40:18.357298Z",
            "yes_price": 26,
            "no_price": 74,
            "taker_side": "yes"
        },
        {
            "trade_id": "44463206-4d3d-4a65-8ba0-ee7eb6dcbfcc",
            "ticker": "KXHIGHAUS-25JAN31-B69.5",
            "count": 100,
            "created_time": "2025-01-31T16:40:18.357298Z",
            "yes_price": 27,
            "no_price": 73,
            "taker_side": "yes"
        },
        {
            "trade_id": "4329d41c-1448-4fee-802d-187d1a1e6085",
            "ticker": "KXHIGHAUS-25JAN31-B69.5",
            "count": 1,
            "created_time": "2025-01-31T16:40:18.357298Z",
            "yes_price": 25,
            "no_price": 75,
            "taker_side": "yes"
        },
        {
            "trade_id": "9bc5f27f-cf13-4dd3-ae6c-d9b4e0bbfd1f",
            "ticker": "KXHIGHAUS-25JAN31-B69.5",
            "count": 22,
            "created_time": "2025-01-31T16:38:27.914257Z",
            "yes_price": 22,
            "no_price": 78,
            "taker_side": "no"
        },
        {
            "trade_id": "e9984e35-d84b-4f71-af59-c813647849e9",
            "ticker": "KXHIGHAUS-25JAN31-B69.5",
            "count": 18,
            "created_time": "2025-01-31T16:31:33.438304Z",
            "yes_price": 26,
            "no_price": 74,
            "taker_side": "yes"
        },
        {
            "trade_id": "d0e00754-dde5-4986-96e5-fb625807272c",
            "ticker": "KXHIGHAUS-25JAN31-B69.5",
            "count": 15,
            "created_time": "2025-01-31T16:31:33.438304Z",
            "yes_price": 27,
            "no_price": 73,
            "taker_side": "yes"
        },
        {
            "trade_id": "b1298289-607c-4e38-b002-091bbb4bc42c",
            "ticker": "KXHIGHAUS-25JAN31-B69.5",
            "count": 50,
            "created_time": "2025-01-31T16:31:33.438304Z",
            "yes_price": 26,
            "no_price": 74,
            "taker_side": "yes"
        },
        {
            "trade_id": "8cb6e167-5ff5-4396-8284-828dbc66e876",
            "ticker": "KXHIGHAUS-25JAN31-B69.5",
            "count": 156,
            "created_time": "2025-01-31T16:31:33.438304Z",
            "yes_price": 27,
            "no_price": 73,
            "taker_side": "yes"
        },
        {
            "trade_id": "7d7a1e19-9864-4365-a209-35b559bc5bfa",
            "ticker": "KXHIGHAUS-25JAN31-B69.5",
            "count": 119,
            "created_time": "2025-01-31T16:31:33.438304Z",
            "yes_price": 25,
            "no_price": 75,
            "taker_side": "yes"
        },
        {
            "trade_id": "243c5ef6-04c3-4958-9d66-292d5e0e68ee",
            "ticker": "KXHIGHAUS-25JAN31-B69.5",
            "count": 1,
            "created_time": "2025-01-31T16:31:33.438304Z",
            "yes_price": 25,
            "no_price": 75,
            "taker_side": "yes"
        },
        {
            "trade_id": "a798c23c-fa80-4a4f-87d0-55681a0705ae",
            "ticker": "KXHIGHAUS-25JAN31-B69.5",
            "count": 1,
            "created_time": "2025-01-31T16:31:03.869137Z",
            "yes_price": 24,
            "no_price": 76,
            "taker_side": "yes"
        },
        {
            "trade_id": "7a800e7f-a02e-4fdc-ae3b-a9f2b2a029fa",
            "ticker": "KXHIGHAUS-25JAN31-B69.5",
            "count": 29,
            "created_time": "2025-01-31T16:31:03.869137Z",
            "yes_price": 25,
            "no_price": 75,
            "taker_side": "yes"
        },
        {
            "trade_id": "0735d1d1-5afb-4201-b3a5-afbcc3981566",
            "ticker": "KXHIGHAUS-25JAN31-B69.5",
            "count": 46,
            "created_time": "2025-01-31T16:31:03.869137Z",
            "yes_price": 24,
            "no_price": 76,
            "taker_side": "yes"
        },
        {
            "trade_id": "4a11e709-a40a-43a0-9750-09a448de919a",
            "ticker": "KXHIGHAUS-25JAN31-B69.5",
            "count": 107,
            "created_time": "2025-01-31T16:24:28.646067Z",
            "yes_price": 25,
            "no_price": 75,
            "taker_side": "yes"
        },
        {
            "trade_id": "2b08ec8e-38a1-433e-a377-4e6a2a4bbcb3",
            "ticker": "KXHIGHAUS-25JAN31-B69.5",
            "count": 16,
            "created_time": "2025-01-31T16:24:28.646067Z",
            "yes_price": 25,
            "no_price": 75,
            "taker_side": "yes"
        },
        {
            "trade_id": "6b8dccbe-a4dd-49a7-b6ae-2274fd7faab1",
            "ticker": "KXHIGHAUS-25JAN31-B69.5",
            "count": 1,
            "created_time": "2025-01-31T16:22:24.691759Z",
            "yes_price": 25,
            "no_price": 75,
            "taker_side": "yes"
        },
        {
            "trade_id": "d095941d-3b76-4255-a3df-37993e2eb2a7",
            "ticker": "KXHIGHAUS-25JAN31-B69.5",
            "count": 34,
            "created_time": "2025-01-31T16:15:44.409756Z",
            "yes_price": 24,
            "no_price": 76,
            "taker_side": "yes"
        },
        {
            "trade_id": "733887b6-2632-47dc-8d25-a28504f9bbe0",
            "ticker": "KXHIGHAUS-25JAN31-B69.5",
            "count": 15,
            "created_time": "2025-01-31T16:15:44.409756Z",
            "yes_price": 24,
            "no_price": 76,
            "taker_side": "yes"
        },
        {
            "trade_id": "682f6eb9-17d1-453a-baf5-395d11dfd148",
            "ticker": "KXHIGHAUS-25JAN31-B69.5",
            "count": 28,
            "created_time": "2025-01-31T16:15:44.409756Z",
            "yes_price": 25,
            "no_price": 75,
            "taker_side": "yes"
        },
        {
            "trade_id": "c897d4d9-9ee7-4e22-9b46-464a5a573df4",
            "ticker": "KXHIGHAUS-25JAN31-B69.5",
            "count": 12,
            "created_time": "2025-01-31T16:14:05.636883Z",
            "yes_price": 24,
            "no_price": 76,
            "taker_side": "yes"
        },
        {
            "trade_id": "dc840d71-6b44-42aa-8b3d-b1922bd82814",
            "ticker": "KXHIGHAUS-25JAN31-B69.5",
            "count": 64,
            "created_time": "2025-01-31T16:11:31.766402Z",
            "yes_price": 24,
            "no_price": 76,
            "taker_side": "yes"
        },
        {
            "trade_id": "895b0772-9351-4f42-a90a-a0df00e268a1",
            "ticker": "KXHIGHAUS-25JAN31-B69.5",
            "count": 14,
            "created_time": "2025-01-31T16:11:31.766402Z",
            "yes_price": 25,
            "no_price": 75,
            "taker_side": "yes"
        },
        {
            "trade_id": "72bf7315-6cea-43cf-a404-8b822cd7f49e",
            "ticker": "KXHIGHAUS-25JAN31-B69.5",
            "count": 12,
            "created_time": "2025-01-31T16:03:48.683046Z",
            "yes_price": 24,
            "no_price": 76,
            "taker_side": "yes"
        },
        {
            "trade_id": "146bffec-51e5-479d-940b-dc90e1dbdfa9",
            "ticker": "KXHIGHAUS-25JAN31-B69.5",
            "count": 31,
            "created_time": "2025-01-31T16:00:57.63453Z",
            "yes_price": 22,
            "no_price": 78,
            "taker_side": "no"
        },
        {
            "trade_id": "f1ed4f5c-0089-4651-8499-ae91bb462e02",
            "ticker": "KXHIGHAUS-25JAN31-B69.5",
            "count": 64,
            "created_time": "2025-01-31T15:48:56.688635Z",
            "yes_price": 26,
            "no_price": 74,
            "taker_side": "no"
        },
        {
            "trade_id": "cee8fe6f-4a16-43a6-9fb5-e9678327288b",
            "ticker": "KXHIGHAUS-25JAN31-B69.5",
            "count": 3,
            "created_time": "2025-01-31T15:48:35.147384Z",
            "yes_price": 25,
            "no_price": 75,
            "taker_side": "yes"
        },
        {
            "trade_id": "abb3f096-04cc-4da3-a1a4-161aeaa8c8c9",
            "ticker": "KXHIGHAUS-25JAN31-B69.5",
            "count": 68,
            "created_time": "2025-01-31T15:48:27.145192Z",
            "yes_price": 24,
            "no_price": 76,
            "taker_side": "no"
        },
        {
            "trade_id": "f28851d3-cf33-4e6c-8fe2-4a0e9e9b6e6a",
            "ticker": "KXHIGHAUS-25JAN31-B69.5",
            "count": 11,
            "created_time": "2025-01-31T15:45:34.57694Z",
            "yes_price": 25,
            "no_price": 75,
            "taker_side": "yes"
        },
        {
            "trade_id": "a87c0bd3-b594-4eef-9ad7-c0edf41df15a",
            "ticker": "KXHIGHAUS-25JAN31-B69.5",
            "count": 10,
            "created_time": "2025-01-31T15:42:31.288042Z",
            "yes_price": 22,
            "no_price": 78,
            "taker_side": "yes"
        },
        {
            "trade_id": "b02ae5d0-be78-4f23-9200-169ad3fe5075",
            "ticker": "KXHIGHAUS-25JAN31-B69.5",
            "count": 40,
            "created_time": "2025-01-31T15:42:31.186782Z",
            "yes_price": 22,
            "no_price": 78,
            "taker_side": "yes"
        },
        {
            "trade_id": "4456fea2-6812-4852-9a44-98fea5b2ace9",
            "ticker": "KXHIGHAUS-25JAN31-B69.5",
            "count": 38,
            "created_time": "2025-01-31T15:42:31.186782Z",
            "yes_price": 21,
            "no_price": 79,
            "taker_side": "yes"
        },
        {
            "trade_id": "f662b84d-d696-4304-bab5-6fb256e0bfd4",
            "ticker": "KXHIGHAUS-25JAN31-B69.5",
            "count": 231,
            "created_time": "2025-01-31T15:42:31.036156Z",
            "yes_price": 20,
            "no_price": 80,
            "taker_side": "yes"
        },
        {
            "trade_id": "ad9f1794-9b30-4f06-bc42-c6792a5f20ae",
            "ticker": "KXHIGHAUS-25JAN31-B69.5",
            "count": 9,
            "created_time": "2025-01-31T15:42:31.036156Z",
            "yes_price": 21,
            "no_price": 79,
            "taker_side": "yes"
        },
        {
            "trade_id": "772a15ef-958b-49e2-b968-aec4e7e05132",
            "ticker": "KXHIGHAUS-25JAN31-B69.5",
            "count": 47,
            "created_time": "2025-01-31T15:39:27.051912Z",
            "yes_price": 19,
            "no_price": 81,
            "taker_side": "yes"
        },
        {
            "trade_id": "185f09bf-f9e6-4930-89b4-4bd23dfb4113",
            "ticker": "KXHIGHAUS-25JAN31-B69.5",
            "count": 10,
            "created_time": "2025-01-31T15:39:27.051912Z",
            "yes_price": 20,
            "no_price": 80,
            "taker_side": "yes"
        },
        {
            "trade_id": "68bcfa75-c790-404f-a799-021d84bbdbf4",
            "ticker": "KXHIGHAUS-25JAN31-B69.5",
            "count": 2,
            "created_time": "2025-01-31T15:25:33.713281Z",
            "yes_price": 19,
            "no_price": 81,
            "taker_side": "yes"
        },
        {
            "trade_id": "5094281c-a1b3-4afd-8a56-df8ed1a31aed",
            "ticker": "KXHIGHAUS-25JAN31-B69.5",
            "count": 37,
            "created_time": "2025-01-31T15:25:33.713281Z",
            "yes_price": 20,
            "no_price": 80,
            "taker_side": "yes"
        },
        {
            "trade_id": "41bec296-ca53-49d4-934f-ea774105f99f",
            "ticker": "KXHIGHAUS-25JAN31-B69.5",
            "count": 45,
            "created_time": "2025-01-31T15:25:33.713281Z",
            "yes_price": 18,
            "no_price": 82,
            "taker_side": "yes"
        },
        {
            "trade_id": "2272841f-12ff-444c-9e86-f425fd53cb27",
            "ticker": "KXHIGHAUS-25JAN31-B69.5",
            "count": 12,
            "created_time": "2025-01-31T15:25:33.713281Z",
            "yes_price": 19,
            "no_price": 81,
            "taker_side": "yes"
        },
        {
            "trade_id": "12835096-266d-4225-9a4f-0e0ed2e73279",
            "ticker": "KXHIGHAUS-25JAN31-B69.5",
            "count": 19,
            "created_time": "2025-01-31T15:25:33.713281Z",
            "yes_price": 18,
            "no_price": 82,
            "taker_side": "yes"
        },
        {
            "trade_id": "0fcd384c-5492-4bdb-92ae-4daf05cdb260",
            "ticker": "KXHIGHAUS-25JAN31-B69.5",
            "count": 10,
            "created_time": "2025-01-31T15:25:33.713281Z",
            "yes_price": 19,
            "no_price": 81,
            "taker_side": "yes"
        },
        {
            "trade_id": "98edc0da-6066-49e8-bfe6-e2edac268c34",
            "ticker": "KXHIGHAUS-25JAN31-B69.5",
            "count": 14,
            "created_time": "2025-01-31T15:25:10.572483Z",
            "yes_price": 15,
            "no_price": 85,
            "taker_side": "no"
        },
        {
            "trade_id": "ff102357-81a7-448b-a66f-43427a6c7436",
            "ticker": "KXHIGHAUS-25JAN31-B69.5",
            "count": 3,
            "created_time": "2025-01-31T15:05:58.412053Z",
            "yes_price": 19,
            "no_price": 81,
            "taker_side": "yes"
        },
        {
            "trade_id": "bba94ea0-de0d-4f66-84c2-17833c96c7fd",
            "ticker": "KXHIGHAUS-25JAN31-B69.5",
            "count": 73,
            "created_time": "2025-01-31T15:05:58.412053Z",
            "yes_price": 20,
            "no_price": 80,
            "taker_side": "yes"
        },
        {
            "trade_id": "b2c7626d-757f-44cf-8fd7-d084b94af937",
            "ticker": "KXHIGHAUS-25JAN31-B69.5",
            "count": 18,
            "created_time": "2025-01-31T15:05:58.412053Z",
            "yes_price": 19,
            "no_price": 81,
            "taker_side": "yes"
        },
        {
            "trade_id": "7979f4ba-055e-4b2a-b9ff-f323d2e5d1ef",
            "ticker": "KXHIGHAUS-25JAN31-B69.5",
            "count": 4,
            "created_time": "2025-01-31T15:05:58.412053Z",
            "yes_price": 19,
            "no_price": 81,
            "taker_side": "yes"
        },
        {
            "trade_id": "5534d5eb-6877-4898-92da-b87a76b33389",
            "ticker": "KXHIGHAUS-25JAN31-B69.5",
            "count": 55,
            "created_time": "2025-01-31T15:05:58.412053Z",
            "yes_price": 18,
            "no_price": 82,
            "taker_side": "yes"
        },
        {
            "trade_id": "f8a9dc74-2cb7-47e9-ade9-975240f3bfb3",
            "ticker": "KXHIGHAUS-25JAN31-B69.5",
            "count": 19,
            "created_time": "2025-01-31T14:49:25.472493Z",
            "yes_price": 19,
            "no_price": 81,
            "taker_side": "yes"
        },
        {
            "trade_id": "bf5c80c1-41c6-4118-97c9-39341c3c8b71",
            "ticker": "KXHIGHAUS-25JAN31-B69.5",
            "count": 26,
            "created_time": "2025-01-31T14:49:25.472493Z",
            "yes_price": 19,
            "no_price": 81,
            "taker_side": "yes"
        },
        {
            "trade_id": "b5b5cfdc-570f-44a5-be9b-40eb95448046",
            "ticker": "KXHIGHAUS-25JAN31-B69.5",
            "count": 43,
            "created_time": "2025-01-31T14:49:25.472493Z",
            "yes_price": 19,
            "no_price": 81,
            "taker_side": "yes"
        },
        {
            "trade_id": "9a11496b-58c9-4c15-b31c-933dccd844d1",
            "ticker": "KXHIGHAUS-25JAN31-B69.5",
            "count": 3,
            "created_time": "2025-01-31T14:49:25.472493Z",
            "yes_price": 19,
            "no_price": 81,
            "taker_side": "yes"
        },
        {
            "trade_id": "51e3b629-5ceb-40f6-b8ca-4f3009ae9796",
            "ticker": "KXHIGHAUS-25JAN31-B69.5",
            "count": 49,
            "created_time": "2025-01-31T14:49:25.472493Z",
            "yes_price": 20,
            "no_price": 80,
            "taker_side": "yes"
        },
        {
            "trade_id": "e246f52b-0c4c-4a50-addb-bd51860745bf",
            "ticker": "KXHIGHAUS-25JAN31-B69.5",
            "count": 2,
            "created_time": "2025-01-31T14:42:08.88037Z",
            "yes_price": 19,
            "no_price": 81,
            "taker_side": "yes"
        },
        {
            "trade_id": "1dd4a2fb-db80-47d3-ad6d-1fd71573dcab",
            "ticker": "KXHIGHAUS-25JAN31-B69.5",
            "count": 24,
            "created_time": "2025-01-31T14:42:08.88037Z",
            "yes_price": 18,
            "no_price": 82,
            "taker_side": "yes"
        },
        {
            "trade_id": "bfe34e68-bc7c-48b1-9182-6e8a78265f81",
            "ticker": "KXHIGHAUS-25JAN31-B69.5",
            "count": 33,
            "created_time": "2025-01-31T14:36:46.061723Z",
            "yes_price": 18,
            "no_price": 82,
            "taker_side": "yes"
        },
        {
            "trade_id": "71d58eb1-ecd6-4c7e-b4e3-7775aab8ae29",
            "ticker": "KXHIGHAUS-25JAN31-B69.5",
            "count": 14,
            "created_time": "2025-01-31T14:36:46.061723Z",
            "yes_price": 18,
            "no_price": 82,
            "taker_side": "yes"
        },
        {
            "trade_id": "7009c746-5759-4eee-a269-fa010a60bbbc",
            "ticker": "KXHIGHAUS-25JAN31-B69.5",
            "count": 5,
            "created_time": "2025-01-31T14:36:46.061723Z",
            "yes_price": 19,
            "no_price": 81,
            "taker_side": "yes"
        },
        {
            "trade_id": "04078339-e3c8-4b79-bb70-4cd9f62553e9",
            "ticker": "KXHIGHAUS-25JAN31-B69.5",
            "count": 5,
            "created_time": "2025-01-31T14:33:32.468725Z",
            "yes_price": 18,
            "no_price": 82,
            "taker_side": "yes"
        },
        {
            "trade_id": "fe749eea-f211-4712-a506-205f45a3ab52",
            "ticker": "KXHIGHAUS-25JAN31-B69.5",
            "count": 5,
            "created_time": "2025-01-31T14:33:08.681331Z",
            "yes_price": 18,
            "no_price": 82,
            "taker_side": "yes"
        },
        {
            "trade_id": "b692df8f-d1f7-4631-87c1-00b9af97a04e",
            "ticker": "KXHIGHAUS-25JAN31-B69.5",
            "count": 10,
            "created_time": "2025-01-31T14:32:12.750372Z",
            "yes_price": 18,
            "no_price": 82,
            "taker_side": "yes"
        },
        {
            "trade_id": "770b9506-fdf9-4e53-bb88-26d5614a77aa",
            "ticker": "KXHIGHAUS-25JAN31-B69.5",
            "count": 1,
            "created_time": "2025-01-31T14:26:48.339411Z",
            "yes_price": 18,
            "no_price": 82,
            "taker_side": "yes"
        },
        {
            "trade_id": "6e6682ac-e8ae-41e2-9be7-35e6f68fc0bc",
            "ticker": "KXHIGHAUS-25JAN31-B69.5",
            "count": 8,
            "created_time": "2025-01-31T14:26:37.713459Z",
            "yes_price": 18,
            "no_price": 82,
            "taker_side": "no"
        },
        {
            "trade_id": "d1cf1d46-2e1f-4539-a5d9-d2e285044824",
            "ticker": "KXHIGHAUS-25JAN31-B69.5",
            "count": 4,
            "created_time": "2025-01-31T14:13:56.043647Z",
            "yes_price": 19,
            "no_price": 81,
            "taker_side": "yes"
        },
        {
            "trade_id": "8823f864-6648-419b-b6a2-f795d8d8c8cd",
            "ticker": "KXHIGHAUS-25JAN31-B69.5",
            "count": 77,
            "created_time": "2025-01-31T14:08:12.539534Z",
            "yes_price": 18,
            "no_price": 82,
            "taker_side": "yes"
        },
        {
            "trade_id": "af097bbb-99a8-4ef8-a2de-9592c6d442a5",
            "ticker": "KXHIGHAUS-25JAN31-B69.5",
            "count": 19,
            "created_time": "2025-01-31T14:06:48.965053Z",
            "yes_price": 14,
            "no_price": 86,
            "taker_side": "no"
        },
        {
            "trade_id": "8c71dbf5-56a0-401c-b47b-579e19c13ecb",
            "ticker": "KXHIGHAUS-25JAN31-B69.5",
            "count": 94,
            "created_time": "2025-01-31T14:06:48.965053Z",
            "yes_price": 14,
            "no_price": 86,
            "taker_side": "no"
        },
        {
            "trade_id": "199400a6-65ff-47cc-879a-4fe82a8ded37",
            "ticker": "KXHIGHAUS-25JAN31-B69.5",
            "count": 250,
            "created_time": "2025-01-31T14:06:48.965053Z",
            "yes_price": 15,
            "no_price": 85,
            "taker_side": "no"
        },
        {
            "trade_id": "117f96ae-4773-4b4d-8471-6a9f9a8e10ae",
            "ticker": "KXHIGHAUS-25JAN31-B69.5",
            "count": 20,
            "created_time": "2025-01-31T14:06:39.675116Z",
            "yes_price": 20,
            "no_price": 80,
            "taker_side": "no"
        },
        {
            "trade_id": "5db8c79b-de09-4e0e-9b50-b04dfbaac635",
            "ticker": "KXHIGHAUS-25JAN31-B69.5",
            "count": 123,
            "created_time": "2025-01-31T14:06:06.74193Z",
            "yes_price": 20,
            "no_price": 80,
            "taker_side": "no"
        },
        {
            "trade_id": "56e3badd-552e-49e4-9dc9-22defa00e4b9",
            "ticker": "KXHIGHAUS-25JAN31-B69.5",
            "count": 12,
            "created_time": "2025-01-31T13:39:22.075971Z",
            "yes_price": 20,
            "no_price": 80,
            "taker_side": "no"
        },
        {
            "trade_id": "33357e80-771a-4325-ae6e-8e115c223673",
            "ticker": "KXHIGHAUS-25JAN31-B69.5",
            "count": 117,
            "created_time": "2025-01-31T13:39:22.075971Z",
            "yes_price": 21,
            "no_price": 79,
            "taker_side": "no"
        },
        {
            "trade_id": "301087c9-b1e8-4bf4-a04c-6615d636ebeb",
            "ticker": "KXHIGHAUS-25JAN31-B69.5",
            "count": 59,
