{
    "KXHIGHAUS-25MAR26-T82": [
        {
            "trade_id": "79722ced-f454-42a3-9b8c-bab70a61a926",
            "ticker": "KXHIGHAUS-25MAR26-T82",
            "count": 187,
            "created_time": "2025-03-27T03:32:25.463757Z",
            "yes_price": 99,
            "no_price": 1,
            "taker_side": "no"
        },
        {
            "trade_id": "ea53ff88-6f01-40cb-9a0e-6c59dbfd5eaf",
            "ticker": "KXHIGHAUS-25MAR26-T82",
            "count": 62,
            "created_time": "2025-03-27T03:30:38.113368Z",
            "yes_price": 99,
            "no_price": 1,
            "taker_side": "no"
        },
        {
            "trade_id": "54ec37fc-92e1-4a20-bd7f-fb1718a18fce",
            "ticker": "KXHIGHAUS-25MAR26-T82",
            "count": 392,
            "created_time": "2025-03-27T03:30:38.113368Z",
            "yes_price": 99,
            "no_price": 1,
            "taker_side": "no"
        },
        {
            "trade_id": "3f67ead6-3140-4b4c-9e2c-a6745de1bc8a",
            "ticker": "KXHIGHAUS-25MAR26-T82",
            "count": 12,
            "created_time": "2025-03-27T03:30:38.113368Z",
            "yes_price": 99,
            "no_price": 1,
            "taker_side": "no"
        },
        {
            "trade_id": "18949e90-a8b3-47c5-9815-0b34c9c3230f",
            "ticker": "KXHIGHAUS-25MAR26-T82",
            "count": 561,
            "created_time": "2025-03-27T03:29:41.800376Z",
            "yes_price": 99,
            "no_price": 1,
            "taker_side": "no"
        },
        {
            "trade_id": "039f8397-e4a2-4d29-b9e2-50bf622beb57",
            "ticker": "KXHIGHAUS-25MAR26-T82",
            "count": 187,
            "created_time": "2025-03-27T03:28:07.44057Z",
            "yes_price": 99,
            "no_price": 1,
            "taker_side": "no"
        },
        {
            "trade_id": "f0395ecd-abb9-4c38-abcb-50e5ce9e61f7",
            "ticker": "KXHIGHAUS-25MAR26-T82",
            "count": 69,
            "created_time": "2025-03-27T01:30:11.099689Z",
            "yes_price": 99,
            "no_price": 1,
            "taker_side": "no"
        },
        {
            "trade_id": "b28fbdad-9529-4f12-b336-60a6ac427656",
            "ticker": "KXHIGHAUS-25MAR26-T82",
            "count": 351,
            "created_time": "2025-03-27T01:04:35.823023Z",
            "yes_price": 99,
            "no_price": 1,
            "taker_side": "no"
        },
        {
            "trade_id": "1864d310-df51-4402-b1dd-aaf75df35936",
            "ticker": "KXHIGHAUS-25MAR26-T82",
            "count": 15,
            "created_time": "2025-03-27T01:02:40.549677Z",
            "yes_price": 99,
            "no_price": 1,
            "taker_side": "no"
        },
        {
            "trade_id": "a3ec7c17-49b9-4956-ad4c-cac273e56fdf",
            "ticker": "KXHIGHAUS-25MAR26-T82",
            "count": 12,
            "created_time": "2025-03-27T01:01:15.009552Z",
            "yes_price": 99,
            "no_price": 1,
            "taker_side": "no"
        },
        {
            "trade_id": "b0a0cd9d-e510-4274-ab9f-491149416ae2",
            "ticker": "KXHIGHAUS-25MAR26-T82",
            "count": 17,
            "created_time": "2025-03-26T23:40:07.877077Z",
            "yes_price": 99,
            "no_price": 1,
            "taker_side": "no"
        },
        {
            "trade_id": "7fb82cbb-1781-4e25-aaf5-fdb8f263aac1",
            "ticker": "KXHIGHAUS-25MAR26-T82",
            "count": 104,
            "created_time": "2025-03-26T23:16:50.596242Z",
            "yes_price": 99,
            "no_price": 1,
            "taker_side": "no"
        },
        {
            "trade_id": "c4f3a3dc-1629-47f3-a805-571866c75a2f",
            "ticker": "KXHIGHAUS-25MAR26-T82",
            "count": 935,
            "created_time": "2025-03-26T23:06:27.546378Z",
            "yes_price": 99,
            "no_price": 1,
            "taker_side": "no"
        },
        {
            "trade_id": "b369145a-45d6-408e-87fb-9f6c6c988ac1",
            "ticker": "KXHIGHAUS-25MAR26-T82",
            "count": 935,
            "created_time": "2025-03-26T23:05:21.680963Z",
            "yes_price": 99,
            "no_price": 1,
            "taker_side": "no"
        },
        {
            "trade_id": "a73d444c-3555-4a9e-bf82-c5ceca5c89ea",
            "ticker": "KXHIGHAUS-25MAR26-T82",
            "count": 2,
            "created_time": "2025-03-26T22:47:05.50414Z",
            "yes_price": 99,
            "no_price": 1,
            "taker_side": "no"
        },
        {
            "trade_id": "d80ee3ce-52c3-437a-9430-ece8ff6221c5",
            "ticker": "KXHIGHAUS-25MAR26-T82",
            "count": 93,
            "created_time": "2025-03-26T22:14:33.107614Z",
            "yes_price": 99,
            "no_price": 1,
            "taker_side": "no"
        },
        {
            "trade_id": "43f9a011-c3fa-457a-b2de-2774aaece774",
            "ticker": "KXHIGHAUS-25MAR26-T82",
            "count": 93,
            "created_time": "2025-03-26T22:14:13.939811Z",
            "yes_price": 99,
            "no_price": 1,
            "taker_side": "no"
        },
        {
            "trade_id": "6d2eec1c-4601-4c7d-959d-c9928e55b055",
            "ticker": "KXHIGHAUS-25MAR26-T82",
            "count": 202,
            "created_time": "2025-03-26T22:09:50.916768Z",
            "yes_price": 99,
            "no_price": 1,
            "taker_side": "no"
        },
        {
            "trade_id": "c1199679-be99-44b8-8fdb-547f54489684",
            "ticker": "KXHIGHAUS-25MAR26-T82",
            "count": 265,
            "created_time": "2025-03-26T21:43:00.887065Z",
            "yes_price": 99,
            "no_price": 1,
            "taker_side": "no"
        },
        {
            "trade_id": "937abd15-c196-4cc1-af48-98ade1a708ec",
            "ticker": "KXHIGHAUS-25MAR26-T82",
            "count": 85,
            "created_time": "2025-03-26T21:42:10.037829Z",
            "yes_price": 99,
            "no_price": 1,
            "taker_side": "no"
        },
        {
            "trade_id": "c525eb01-70fb-4fee-b368-e777c15ccd58",
            "ticker": "KXHIGHAUS-25MAR26-T82",
            "count": 1569,
            "created_time": "2025-03-26T21:39:59.033723Z",
            "yes_price": 99,
            "no_price": 1,
            "taker_side": "no"
        },
        {
            "trade_id": "c6061594-c268-4b6d-96a0-46f1ad14a32c",
            "ticker": "KXHIGHAUS-25MAR26-T82",
            "count": 25,
            "created_time": "2025-03-26T21:38:35.559522Z",
            "yes_price": 99,
            "no_price": 1,
            "taker_side": "no"
        },
        {
            "trade_id": "7cbbfe17-016c-4359-ae90-c769924d70dc",
            "ticker": "KXHIGHAUS-25MAR26-T82",
            "count": 443,
            "created_time": "2025-03-26T21:38:35.559522Z",
            "yes_price": 99,
            "no_price": 1,
            "taker_side": "no"
        },
        {
            "trade_id": "69b9921e-4893-4951-b1d0-676a2ebec8d9",
            "ticker": "KXHIGHAUS-25MAR26-T82",
            "count": 71,
            "created_time": "2025-03-26T21:34:23.570743Z",
            "yes_price": 99,
            "no_price": 1,
            "taker_side": "yes"
        },
        {
            "trade_id": "2bf9cfe8-9006-45d8-96e1-28d91314e47a",
            "ticker": "KXHIGHAUS-25MAR26-T82",
            "count": 10,
            "created_time": "2025-03-26T21:34:23.570743Z",
            "yes_price": 99,
            "no_price": 1,
            "taker_side": "yes"
        },
        {
            "trade_id": "d7b7f649-363f-42b4-b420-fe942c7ba93e",
            "ticker": "KXHIGHAUS-25MAR26-T82",
            "count": 219,
            "created_time": "2025-03-26T21:34:22.969625Z",
            "yes_price": 99,
            "no_price": 1,
            "taker_side": "yes"
        },
        {
            "trade_id": "2ff01464-597f-4af8-8746-cc43648eb329",
            "ticker": "KXHIGHAUS-25MAR26-T82",
            "count": 531,
            "created_time": "2025-03-26T21:34:22.969625Z",
            "yes_price": 99,
            "no_price": 1,
            "taker_side": "yes"
        },
        {
            "trade_id": "511c17d3-6f61-4414-a149-7a540349ec59",
            "ticker": "KXHIGHAUS-25MAR26-T82",
            "count": 250,
            "created_time": "2025-03-26T21:31:28.965021Z",
            "yes_price": 99,
            "no_price": 1,
            "taker_side": "yes"
        },
        {
            "trade_id": "9d848684-c023-426b-bcc0-76d54fdc1cc2",
            "ticker": "KXHIGHAUS-25MAR26-T82",
            "count": 442,
            "created_time": "2025-03-26T21:30:58.373486Z",
            "yes_price": 98,
            "no_price": 2,
            "taker_side": "yes"
        },
        {
            "trade_id": "2de7989c-a4c6-47c5-a4ab-fabe04850791",
            "ticker": "KXHIGHAUS-25MAR26-T82",
            "count": 1,
            "created_time": "2025-03-26T21:20:54.304911Z",
            "yes_price": 88,
            "no_price": 12,
            "taker_side": "yes"
        },
        {
            "trade_id": "9b33651a-7f84-4ce6-859b-7273c6aa7eab",
            "ticker": "KXHIGHAUS-25MAR26-T82",
            "count": 1,
            "created_time": "2025-03-26T21:19:10.611392Z",
            "yes_price": 88,
            "no_price": 12,
            "taker_side": "yes"
        },
        {
            "trade_id": "ec700408-598b-4966-901e-c98dd541173e",
            "ticker": "KXHIGHAUS-25MAR26-T82",
            "count": 219,
            "created_time": "2025-03-26T21:17:32.34588Z",
            "yes_price": 99,
            "no_price": 1,
            "taker_side": "yes"
        },
        {
            "trade_id": "dfd8f225-d6d9-4ea9-ad82-b9cfa8e4903f",
            "ticker": "KXHIGHAUS-25MAR26-T82",
            "count": 2,
            "created_time": "2025-03-26T21:17:32.34588Z",
            "yes_price": 88,
            "no_price": 12,
            "taker_side": "yes"
        },
        {
            "trade_id": "8a75591e-1147-448f-b24a-02235157764b",
            "ticker": "KXHIGHAUS-25MAR26-T82",
            "count": 2,
            "created_time": "2025-03-26T21:17:32.34588Z",
            "yes_price": 95,
            "no_price": 5,
            "taker_side": "yes"
        },
        {
            "trade_id": "7a5f787a-f458-447b-91dd-67294c32e8e0",
            "ticker": "KXHIGHAUS-25MAR26-T82",
            "count": 300,
            "created_time": "2025-03-26T21:17:32.34588Z",
            "yes_price": 96,
            "no_price": 4,
            "taker_side": "yes"
        },
        {
            "trade_id": "76ea3773-f5e9-4214-b9b2-a7cb8ccea500",
            "ticker": "KXHIGHAUS-25MAR26-T82",
            "count": 42,
            "created_time": "2025-03-26T21:17:32.34588Z",
            "yes_price": 97,
            "no_price": 3,
            "taker_side": "yes"
        },
        {
            "trade_id": "329e7d7c-0846-41a1-b275-f9291074c271",
            "ticker": "KXHIGHAUS-25MAR26-T82",
            "count": 100,
            "created_time": "2025-03-26T21:17:32.34588Z",
            "yes_price": 98,
            "no_price": 2,
            "taker_side": "yes"
        },
        {
            "trade_id": "f8841013-dae1-4a26-be9c-e7999441c371",
            "ticker": "KXHIGHAUS-25MAR26-T82",
            "count": 18,
            "created_time": "2025-03-26T21:17:26.951115Z",
            "yes_price": 88,
            "no_price": 12,
            "taker_side": "yes"
        },
        {
            "trade_id": "de0fd1ff-755a-4e34-bc20-8144ba606c0e",
            "ticker": "KXHIGHAUS-25MAR26-T82",
            "count": 321,
            "created_time": "2025-03-26T21:17:26.951115Z",
            "yes_price": 84,
            "no_price": 16,
            "taker_side": "yes"
        },
        {
            "trade_id": "dd0fd8db-3db8-4a5d-9210-af36a37cd51d",
            "ticker": "KXHIGHAUS-25MAR26-T82",
            "count": 58,
            "created_time": "2025-03-26T21:17:26.951115Z",
            "yes_price": 97,
            "no_price": 3,
            "taker_side": "yes"
        },
        {
            "trade_id": "ae7e9591-b56f-44fe-8f2d-d0154220b75f",
            "ticker": "KXHIGHAUS-25MAR26-T82",
            "count": 299,
            "created_time": "2025-03-26T21:17:26.951115Z",
            "yes_price": 89,
            "no_price": 11,
            "taker_side": "yes"
        },
        {
            "trade_id": "38f6eabc-8486-462a-9179-bb4047dce974",
            "ticker": "KXHIGHAUS-25MAR26-T82",
            "count": 16,
            "created_time": "2025-03-26T21:17:26.951115Z",
            "yes_price": 95,
            "no_price": 5,
            "taker_side": "yes"
        },
        {
            "trade_id": "2bcf2bdc-f8e0-4488-b2df-b86ddbeeb727",
            "ticker": "KXHIGHAUS-25MAR26-T82",
            "count": 19,
            "created_time": "2025-03-26T21:17:26.951115Z",
            "yes_price": 94,
            "no_price": 6,
            "taker_side": "yes"
        },
        {
            "trade_id": "0d4e7766-1f5a-4bb4-88f6-3b720d75aad4",
            "ticker": "KXHIGHAUS-25MAR26-T82",
            "count": 340,
            "created_time": "2025-03-26T21:17:26.951115Z",
            "yes_price": 95,
            "no_price": 5,
            "taker_side": "yes"
        },
        {
            "trade_id": "25f0c35e-3e66-4385-8dc0-853e988ca210",
            "ticker": "KXHIGHAUS-25MAR26-T82",
            "count": 117,
            "created_time": "2025-03-26T21:16:55.884077Z",
            "yes_price": 84,
            "no_price": 16,
            "taker_side": "yes"
        },
        {
            "trade_id": "744c709f-90f9-4065-bd11-a8a42ed71a4f",
            "ticker": "KXHIGHAUS-25MAR26-T82",
            "count": 111,
            "created_time": "2025-03-26T21:16:52.612998Z",
            "yes_price": 83,
            "no_price": 17,
            "taker_side": "no"
        },
        {
            "trade_id": "e51f1e31-47bf-4349-9bd8-f6670af074fb",
            "ticker": "KXHIGHAUS-25MAR26-T82",
            "count": 27,
            "created_time": "2025-03-26T21:16:40.716441Z",
            "yes_price": 83,
            "no_price": 17,
            "taker_side": "no"
        },
        {
            "trade_id": "05f3e0c4-43f4-4cd1-933d-c5d3f3b25410",
            "ticker": "KXHIGHAUS-25MAR26-T82",
            "count": 21,
            "created_time": "2025-03-26T21:15:06.15805Z",
            "yes_price": 83,
            "no_price": 17,
            "taker_side": "no"
        },
        {
            "trade_id": "0fd1c6af-0741-46b6-a2e5-cbe16c4ee8f0",
            "ticker": "KXHIGHAUS-25MAR26-T82",
            "count": 117,
            "created_time": "2025-03-26T21:13:49.462385Z",
            "yes_price": 84,
            "no_price": 16,
            "taker_side": "yes"
        },
        {
            "trade_id": "2c0eec88-dfc9-4b73-99fc-4d08c9588ade",
            "ticker": "KXHIGHAUS-25MAR26-T82",
            "count": 117,
            "created_time": "2025-03-26T21:13:36.158788Z",
            "yes_price": 84,
            "no_price": 16,
            "taker_side": "yes"
        },
        {
            "trade_id": "6f0328c4-44c7-43d5-81bd-20154d955ff1",
            "ticker": "KXHIGHAUS-25MAR26-T82",
            "count": 117,
            "created_time": "2025-03-26T21:13:16.749445Z",
            "yes_price": 84,
            "no_price": 16,
            "taker_side": "yes"
        },
        {
            "trade_id": "ab4640a1-97d0-470d-acd5-d554bde853a1",
            "ticker": "KXHIGHAUS-25MAR26-T82",
            "count": 11,
            "created_time": "2025-03-26T21:11:44.787798Z",
            "yes_price": 84,
            "no_price": 16,
            "taker_side": "yes"
        },
        {
            "trade_id": "02c1cbff-bcb5-40eb-912d-985e7b455830",
            "ticker": "KXHIGHAUS-25MAR26-T82",
            "count": 2,
            "created_time": "2025-03-26T21:10:21.666337Z",
            "yes_price": 83,
            "no_price": 17,
            "taker_side": "no"
        },
        {
            "trade_id": "5637e6a5-e561-4a74-81c4-14efdc4f9fb5",
            "ticker": "KXHIGHAUS-25MAR26-T82",
            "count": 200,
            "created_time": "2025-03-26T21:08:29.517403Z",
            "yes_price": 83,
            "no_price": 17,
            "taker_side": "no"
        },
        {
            "trade_id": "81f8c088-bd98-4031-b2af-3259fcae079c",
            "ticker": "KXHIGHAUS-25MAR26-T82",
            "count": 5,
            "created_time": "2025-03-26T21:08:29.405782Z",
            "yes_price": 84,
            "no_price": 16,
            "taker_side": "no"
        },
        {
            "trade_id": "f9a58196-a8fb-40e1-b512-99f08a2541ac",
            "ticker": "KXHIGHAUS-25MAR26-T82",
            "count": 170,
            "created_time": "2025-03-26T21:05:06.615038Z",
            "yes_price": 82,
            "no_price": 18,
            "taker_side": "yes"
        },
        {
            "trade_id": "a382b40d-59c8-4911-993a-dca79b4e358f",
            "ticker": "KXHIGHAUS-25MAR26-T82",
            "count": 2,
            "created_time": "2025-03-26T21:03:04.198297Z",
            "yes_price": 81,
            "no_price": 19,
            "taker_side": "yes"
        },
        {
            "trade_id": "8f1bc8cd-b668-4b9e-a6b3-19561a8f466c",
            "ticker": "KXHIGHAUS-25MAR26-T82",
            "count": 99,
            "created_time": "2025-03-26T21:02:30.049607Z",
            "yes_price": 82,
            "no_price": 18,
            "taker_side": "yes"
        },
        {
            "trade_id": "8b8af281-15d5-4595-8318-2c4594dcc0f9",
            "ticker": "KXHIGHAUS-25MAR26-T82",
            "count": 12,
            "created_time": "2025-03-26T21:01:05.294164Z",
            "yes_price": 82,
            "no_price": 18,
            "taker_side": "yes"
        },
        {
            "trade_id": "f9f95bef-a325-4d12-b187-86876eca9c9a",
            "ticker": "KXHIGHAUS-25MAR26-T82",
            "count": 10,
            "created_time": "2025-03-26T20:53:08.16899Z",
            "yes_price": 65,
            "no_price": 35,
            "taker_side": "no"
        },
        {
            "trade_id": "f210c20b-6714-4c3c-8462-bf7df4bfd8b1",
            "ticker": "KXHIGHAUS-25MAR26-T82",
            "count": 5,
            "created_time": "2025-03-26T20:53:08.16899Z",
            "yes_price": 65,
            "no_price": 35,
            "taker_side": "no"
        },
        {
            "trade_id": "47b6aba6-8414-4298-a571-00811bfc3ea3",
            "ticker": "KXHIGHAUS-25MAR26-T82",
            "count": 16,
            "created_time": "2025-03-26T20:53:08.16899Z",
            "yes_price": 65,
            "no_price": 35,
            "taker_side": "no"
        },
        {
            "trade_id": "2e61ee8f-297a-43b2-a737-ee623a29a655",
            "ticker": "KXHIGHAUS-25MAR26-T82",
            "count": 9,
            "created_time": "2025-03-26T20:53:08.16899Z",
            "yes_price": 64,
            "no_price": 36,
            "taker_side": "no"
        },
        {
            "trade_id": "c1780013-082c-40a6-906a-eee8cfc40095",
            "ticker": "KXHIGHAUS-25MAR26-T82",
            "count": 10,
            "created_time": "2025-03-26T20:52:16.382202Z",
            "yes_price": 81,
            "no_price": 19,
            "taker_side": "yes"
        },
        {
            "trade_id": "6aa3e39b-8b01-4604-b0f1-84e49343769f",
            "ticker": "KXHIGHAUS-25MAR26-T82",
            "count": 19,
            "created_time": "2025-03-26T20:52:16.382202Z",
            "yes_price": 82,
            "no_price": 18,
            "taker_side": "yes"
        },
        {
            "trade_id": "34b1c29b-3b47-4ea9-8ad9-c5af63c7a723",
            "ticker": "KXHIGHAUS-25MAR26-T82",
            "count": 1,
            "created_time": "2025-03-26T20:52:16.382202Z",
            "yes_price": 81,
            "no_price": 19,
            "taker_side": "yes"
        },
        {
            "trade_id": "166784f4-c2c6-4f45-9194-c607c6191473",
            "ticker": "KXHIGHAUS-25MAR26-T82",
            "count": 29,
            "created_time": "2025-03-26T20:50:18.87475Z",
            "yes_price": 68,
            "no_price": 32,
            "taker_side": "yes"
        },
        {
            "trade_id": "48af7c2b-8f27-4a2c-ae99-87ae5e575126",
            "ticker": "KXHIGHAUS-25MAR26-T82",
            "count": 1,
            "created_time": "2025-03-26T20:49:08.173255Z",
            "yes_price": 68,
            "no_price": 32,
            "taker_side": "no"
        },
        {
            "trade_id": "299532b2-1a3d-4eda-838b-a6af8d8632c5",
            "ticker": "KXHIGHAUS-25MAR26-T82",
            "count": 5,
            "created_time": "2025-03-26T20:47:19.965179Z",
            "yes_price": 81,
            "no_price": 19,
            "taker_side": "yes"
        },
        {
            "trade_id": "f67a70a9-e143-49bf-b170-c719a9042f81",
            "ticker": "KXHIGHAUS-25MAR26-T82",
            "count": 1,
            "created_time": "2025-03-26T20:41:17.371574Z",
            "yes_price": 83,
            "no_price": 17,
            "taker_side": "no"
        },
        {
            "trade_id": "c60c4d47-6b17-4a62-8bb5-312f22a80a48",
            "ticker": "KXHIGHAUS-25MAR26-T82",
            "count": 10,
            "created_time": "2025-03-26T20:38:25.412402Z",
            "yes_price": 83,
            "no_price": 17,
            "taker_side": "no"
        },
        {
            "trade_id": "9ee12cf3-dc3c-4b15-ab36-9f5c4d169d50",
            "ticker": "KXHIGHAUS-25MAR26-T82",
            "count": 25,
            "created_time": "2025-03-26T20:38:25.412402Z",
            "yes_price": 83,
            "no_price": 17,
            "taker_side": "no"
        },
        {
            "trade_id": "99e4aead-42c7-4a83-acf9-d08e68d5e659",
            "ticker": "KXHIGHAUS-25MAR26-T82",
            "count": 141,
            "created_time": "2025-03-26T20:38:25.412402Z",
            "yes_price": 82,
            "no_price": 18,
            "taker_side": "no"
        },
        {
            "trade_id": "435fcdf8-e46b-483d-ab4a-d6a335dd3ab4",
            "ticker": "KXHIGHAUS-25MAR26-T82",
            "count": 24,
            "created_time": "2025-03-26T20:38:25.412402Z",
            "yes_price": 83,
            "no_price": 17,
            "taker_side": "no"
        },
        {
            "trade_id": "4298862d-2036-458a-92db-422a73dbd732",
            "ticker": "KXHIGHAUS-25MAR26-T82",
            "count": 5,
            "created_time": "2025-03-26T20:38:25.412402Z",
            "yes_price": 83,
            "no_price": 17,
            "taker_side": "no"
        },
        {
            "trade_id": "63c5e876-5fa6-4b8a-9fcd-cac4211ece0c",
            "ticker": "KXHIGHAUS-25MAR26-T82",
            "count": 1,
            "created_time": "2025-03-26T20:37:16.103572Z",
            "yes_price": 81,
            "no_price": 19,
            "taker_side": "yes"
        },
        {
            "trade_id": "a3beac36-3f7e-4c29-968a-3a6d23ca1b32",
            "ticker": "KXHIGHAUS-25MAR26-T82",
            "count": 1,
            "created_time": "2025-03-26T20:36:31.21501Z",
            "yes_price": 77,
            "no_price": 23,
            "taker_side": "yes"
        },
        {
            "trade_id": "ea26d17f-2d21-4f76-b403-6cc7366190d6",
            "ticker": "KXHIGHAUS-25MAR26-T82",
            "count": 1,
            "created_time": "2025-03-26T20:36:18.231061Z",
            "yes_price": 77,
            "no_price": 23,
            "taker_side": "yes"
        },
        {
            "trade_id": "ab4977f9-286f-4a25-a664-ba35b2130b9c",
            "ticker": "KXHIGHAUS-25MAR26-T82",
            "count": 15,
            "created_time": "2025-03-26T20:36:18.231061Z",
            "yes_price": 78,
            "no_price": 22,
            "taker_side": "yes"
        },
        {
            "trade_id": "0cceea98-c204-415c-9d29-edd757250dab",
            "ticker": "KXHIGHAUS-25MAR26-T82",
            "count": 1,
            "created_time": "2025-03-26T20:36:18.231061Z",
            "yes_price": 77,
            "no_price": 23,
            "taker_side": "yes"
        },
        {
            "trade_id": "065c21cc-4d33-49a2-a5f7-61e17f339806",
            "ticker": "KXHIGHAUS-25MAR26-T82",
            "count": 13,
            "created_time": "2025-03-26T20:36:18.231061Z",
            "yes_price": 84,
            "no_price": 16,
            "taker_side": "yes"
        },
        {
            "trade_id": "e0bd564d-4820-4d27-9fbf-17b22806a75d",
            "ticker": "KXHIGHAUS-25MAR26-T82",
            "count": 5,
            "created_time": "2025-03-26T20:34:53.263622Z",
            "yes_price": 74,
            "no_price": 26,
            "taker_side": "yes"
        },
        {
            "trade_id": "d16de05d-356f-4802-9ed7-6f73972e597a",
            "ticker": "KXHIGHAUS-25MAR26-T82",
            "count": 11,
            "created_time": "2025-03-26T20:34:53.263622Z",
            "yes_price": 80,
            "no_price": 20,
            "taker_side": "yes"
        },
        {
            "trade_id": "a4f99b73-36c3-4d93-b2e1-0cdeeb10f7e5",
            "ticker": "KXHIGHAUS-25MAR26-T82",
            "count": 89,
            "created_time": "2025-03-26T20:34:53.263622Z",
            "yes_price": 75,
            "no_price": 25,
            "taker_side": "yes"
        },
        {
            "trade_id": "4bfafcc8-2dc4-47ee-bcb6-3bef5a52128e",
            "ticker": "KXHIGHAUS-25MAR26-T82",
            "count": 11,
            "created_time": "2025-03-26T20:34:53.263622Z",
            "yes_price": 79,
            "no_price": 21,
            "taker_side": "yes"
        },
        {
            "trade_id": "1d03b287-c81c-4442-8fc0-12f10a03850e",
            "ticker": "KXHIGHAUS-25MAR26-T82",
            "count": 10,
            "created_time": "2025-03-26T20:34:53.263622Z",
            "yes_price": 74,
            "no_price": 26,
            "taker_side": "yes"
        },
        {
            "trade_id": "07dc0c54-de34-47f5-b3ca-f496fd141bf4",
            "ticker": "KXHIGHAUS-25MAR26-T82",
            "count": 3,
            "created_time": "2025-03-26T20:34:53.263622Z",
            "yes_price": 74,
            "no_price": 26,
            "taker_side": "yes"
        },
        {
            "trade_id": "fdb29a1a-f8dd-4880-b306-2e361851fdcb",
            "ticker": "KXHIGHAUS-25MAR26-T82",
            "count": 10,
            "created_time": "2025-03-26T20:34:10.128897Z",
            "yes_price": 49,
            "no_price": 51,
            "taker_side": "no"
        },
        {
            "trade_id": "bd0ff999-d6cb-4faa-adb4-d202799bb576",
            "ticker": "KXHIGHAUS-25MAR26-T82",
            "count": 7,
            "created_time": "2025-03-26T20:34:10.128897Z",
            "yes_price": 54,
            "no_price": 46,
            "taker_side": "no"
        },
        {
            "trade_id": "c6b72b8b-56c5-43c8-9d59-156cd0ffbac7",
            "ticker": "KXHIGHAUS-25MAR26-T82",
            "count": 14,
            "created_time": "2025-03-26T20:34:02.000304Z",
            "yes_price": 72,
            "no_price": 28,
            "taker_side": "yes"
        },
        {
            "trade_id": "960d9943-5a5b-4373-8c37-30ba25325100",
            "ticker": "KXHIGHAUS-25MAR26-T82",
            "count": 15,
            "created_time": "2025-03-26T20:34:02.000304Z",
            "yes_price": 72,
            "no_price": 28,
            "taker_side": "yes"
        },
        {
            "trade_id": "94f27a2c-e6bb-4f14-a1d8-86a5ae212787",
            "ticker": "KXHIGHAUS-25MAR26-T82",
            "count": 3,
            "created_time": "2025-03-26T20:34:02.000304Z",
            "yes_price": 72,
            "no_price": 28,
            "taker_side": "yes"
        },
        {
            "trade_id": "5f73ac39-f1ef-4daa-8953-39b215704cb0",
            "ticker": "KXHIGHAUS-25MAR26-T82",
            "count": 232,
            "created_time": "2025-03-26T20:34:02.000304Z",
            "yes_price": 72,
            "no_price": 28,
            "taker_side": "yes"
        },
        {
            "trade_id": "44db5d5e-c3ac-4021-8cb4-074eae1b13ec",
            "ticker": "KXHIGHAUS-25MAR26-T82",
            "count": 25,
            "created_time": "2025-03-26T20:34:02.000304Z",
            "yes_price": 72,
            "no_price": 28,
            "taker_side": "yes"
        },
        {
            "trade_id": "20f76c3f-690d-430c-a44d-2f98615b1c0a",
            "ticker": "KXHIGHAUS-25MAR26-T82",
            "count": 11,
            "created_time": "2025-03-26T20:34:02.000304Z",
            "yes_price": 75,
            "no_price": 25,
            "taker_side": "yes"
        },
        {
            "trade_id": "cc4a9f50-e4d9-4e6b-9d73-57d77acc594c",
            "ticker": "KXHIGHAUS-25MAR26-T82",
            "count": 50,
            "created_time": "2025-03-26T20:33:26.726821Z",
            "yes_price": 55,
            "no_price": 45,
            "taker_side": "no"
        },
        {
            "trade_id": "49c73ded-7954-4222-8e30-4f926524f729",
            "ticker": "KXHIGHAUS-25MAR26-T82",
            "count": 14,
            "created_time": "2025-03-26T20:33:26.726821Z",
            "yes_price": 56,
            "no_price": 44,
            "taker_side": "no"
        },
        {
            "trade_id": "14224368-4c0b-4b54-9db1-9ab19345d8a8",
            "ticker": "KXHIGHAUS-25MAR26-T82",
            "count": 22,
            "created_time": "2025-03-26T20:33:26.726821Z",
            "yes_price": 59,
            "no_price": 41,
            "taker_side": "no"
        },
        {
            "trade_id": "12d932ce-c815-465b-a28e-a1f5be772361",
            "ticker": "KXHIGHAUS-25MAR26-T82",
            "count": 23,
            "created_time": "2025-03-26T20:33:26.726821Z",
            "yes_price": 55,
            "no_price": 45,
            "taker_side": "no"
        },
        {
            "trade_id": "089ceb6f-e312-47a2-af3e-d9c44013ecf6",
            "ticker": "KXHIGHAUS-25MAR26-T82",
            "count": 1,
            "created_time": "2025-03-26T20:32:07.747771Z",
            "yes_price": 59,
            "no_price": 41,
            "taker_side": "no"
        },
        {
            "trade_id": "898346dd-2380-4ecb-b26f-6995c1e7db22",
            "ticker": "KXHIGHAUS-25MAR26-T82",
            "count": 2,
            "created_time": "2025-03-26T20:31:40.265688Z",
            "yes_price": 59,
            "no_price": 41,
            "taker_side": "no"
        },
        {
            "trade_id": "40709f51-56c6-4d78-ae89-c0f4fd395e94",
            "ticker": "KXHIGHAUS-25MAR26-T82",
            "count": 4,
            "created_time": "2025-03-26T20:31:40.265688Z",
            "yes_price": 59,
            "no_price": 41,
            "taker_side": "no"
        },
        {
            "trade_id": "ecf93704-b239-4b43-94f6-e0d46f878199",
            "ticker": "KXHIGHAUS-25MAR26-T82",
            "count": 4,
            "created_time": "2025-03-26T20:28:00.926909Z",
            "yes_price": 75,
            "no_price": 25,
            "taker_side": "yes"
        },
        {
            "trade_id": "d937b3b7-628d-436a-a00b-282c9062aa5f",
            "ticker": "KXHIGHAUS-25MAR26-T82",
            "count": 8,
            "created_time": "2025-03-26T20:28:00.926909Z",
            "yes_price": 66,
            "no_price": 34,
            "taker_side": "yes"
        },
        {
            "trade_id": "91ea2a46-585e-437f-a54d-ebe39a5d56d3",
            "ticker": "KXHIGHAUS-25MAR26-T82",
            "count": 13,
            "created_time": "2025-03-26T20:28:00.926909Z",
            "yes_price": 66,
            "no_price": 34,
            "taker_side": "yes"
        },
        {
            "trade_id": "84bc1f73-50a1-4671-a34b-a494144dd444",
            "ticker": "KXHIGHAUS-25MAR26-T82",
            "count": 33,
            "created_time": "2025-03-26T20:26:43.375236Z",
            "yes_price": 65,
            "no_price": 35,
            "taker_side": "no"
        },
        {
            "trade_id": "ffc60bd9-bbf9-4679-b4bc-146854aa557e",
            "ticker": "KXHIGHAUS-25MAR26-T82",
            "count": 11,
            "created_time": "2025-03-26T20:26:40.960675Z",
            "yes_price": 66,
            "no_price": 34,
            "taker_side": "no"
        },
        {
            "trade_id": "69af8e4e-39d2-4bf0-8f9c-eb317d4cce73",
            "ticker": "KXHIGHAUS-25MAR26-T82",
            "count": 5,
            "created_time": "2025-03-26T20:26:40.960675Z",
            "yes_price": 66,
            "no_price": 34,
            "taker_side": "no"
        },
        {
            "trade_id": "55723520-1b34-42d3-b946-4bc9bebfa83b",
            "ticker": "KXHIGHAUS-25MAR26-T82",
            "count": 67,
            "created_time": "2025-03-26T20:26:40.960675Z",
            "yes_price": 65,
            "no_price": 35,
            "taker_side": "no"
        },
        {
            "trade_id": "a05a0c24-a7f1-4925-96cd-1396fb890406",
            "ticker": "KXHIGHAUS-25MAR26-T82",
            "count": 9,
            "created_time": "2025-03-26T20:26:26.440894Z",
            "yes_price": 75,
            "no_price": 25,
            "taker_side": "yes"
        },
        {
            "trade_id": "038970a9-c60b-48b1-8bd9-6a0996f479d7",
            "ticker": "KXHIGHAUS-25MAR26-T82",
            "count": 2,
            "created_time": "2025-03-26T20:26:26.440894Z",
            "yes_price": 75,
            "no_price": 25,
            "taker_side": "yes"
        },
        {
            "trade_id": "c9003534-d331-4db6-a279-f4635966a074",
            "ticker": "KXHIGHAUS-25MAR26-T82",
            "count": 15,
            "created_time": "2025-03-26T20:24:57.540463Z",
            "yes_price": 60,
            "no_price": 40,
            "taker_side": "no"
        },
        {
            "trade_id": "13d3eeb9-9590-47ad-91cc-32a8c353c1e5",
            "ticker": "KXHIGHAUS-25MAR26-T82",
            "count": 19,
            "created_time": "2025-03-26T20:24:57.540463Z",
            "yes_price": 60,
            "no_price": 40,
            "taker_side": "no"
        },
        {
            "trade_id": "416bdcc7-2d3c-406c-8a17-d0d8312e6f29",
            "ticker": "KXHIGHAUS-25MAR26-T82",
            "count": 14,
            "created_time": "2025-03-26T20:23:26.162424Z",
            "yes_price": 57,
            "no_price": 43,
            "taker_side": "no"
        },
        {
            "trade_id": "00ccfe01-b163-4e0e-a0d8-5a725bf662b4",
            "ticker": "KXHIGHAUS-25MAR26-T82",
            "count": 7,
            "created_time": "2025-03-26T20:20:54.703899Z",
            "yes_price": 77,
            "no_price": 23,
            "taker_side": "yes"
        },
        {
            "trade_id": "e657eb79-16d5-4aed-aaff-eced91807a31",
            "ticker": "KXHIGHAUS-25MAR26-T82",
            "count": 134,
            "created_time": "2025-03-26T20:20:34.866577Z",
            "yes_price": 76,
            "no_price": 24,
            "taker_side": "yes"
        },
        {
            "trade_id": "be7c98ba-4fca-4cb5-9e41-930d868098b6",
            "ticker": "KXHIGHAUS-25MAR26-T82",
            "count": 6,
            "created_time": "2025-03-26T20:20:34.866577Z",
            "yes_price": 76,
            "no_price": 24,
            "taker_side": "yes"
        },
        {
            "trade_id": "cb673cb3-fbb6-4be1-8cb1-bce0c28fb7b9",
            "ticker": "KXHIGHAUS-25MAR26-T82",
            "count": 50,
            "created_time": "2025-03-26T20:18:40.371521Z",
            "yes_price": 82,
            "no_price": 18,
            "taker_side": "yes"
        },
        {
            "trade_id": "be72f924-29be-4cdc-b4a5-dd0683dbf3c7",
            "ticker": "KXHIGHAUS-25MAR26-T82",
            "count": 11,
            "created_time": "2025-03-26T20:18:40.371521Z",
            "yes_price": 82,
            "no_price": 18,
            "taker_side": "yes"
        },
        {
            "trade_id": "9336af73-e2db-4635-b571-f47c588e58ae",
            "ticker": "KXHIGHAUS-25MAR26-T82",
            "count": 10,
            "created_time": "2025-03-26T20:18:40.371521Z",
            "yes_price": 75,
            "no_price": 25,
            "taker_side": "yes"
        },
        {
            "trade_id": "8bcb6956-39a9-41f7-99a5-bb6ee67250b0",
            "ticker": "KXHIGHAUS-25MAR26-T82",
            "count": 150,
            "created_time": "2025-03-26T20:18:40.371521Z",
            "yes_price": 74,
            "no_price": 26,
            "taker_side": "yes"
        },
        {
            "trade_id": "6b0ed9c7-61a0-4b15-80e9-e4c594fff853",
            "ticker": "KXHIGHAUS-25MAR26-T82",
            "count": 5,
            "created_time": "2025-03-26T20:18:40.371521Z",
            "yes_price": 81,
            "no_price": 19,
            "taker_side": "yes"
        },
        {
            "trade_id": "466c6e76-bba8-4561-bf4d-8a7f76aa883b",
            "ticker": "KXHIGHAUS-25MAR26-T82",
            "count": 3,
            "created_time": "2025-03-26T20:18:40.371521Z",
            "yes_price": 65,
            "no_price": 35,
            "taker_side": "yes"
        },
        {
            "trade_id": "330f7cba-45a7-411e-8a46-8aa66daf64b8",
            "ticker": "KXHIGHAUS-25MAR26-T82",
            "count": 6,
            "created_time": "2025-03-26T20:18:40.371521Z",
            "yes_price": 72,
            "no_price": 28,
            "taker_side": "yes"
        },
        {
            "trade_id": "0ad09b1d-f374-42a3-89b4-092cbfde6273",
            "ticker": "KXHIGHAUS-25MAR26-T82",
            "count": 10,
            "created_time": "2025-03-26T20:17:33.842648Z",
            "yes_price": 71,
            "no_price": 29,
            "taker_side": "yes"
        },
        {
            "trade_id": "ead71dd7-a9ac-411a-bf3d-02cb2ff298ef",
            "ticker": "KXHIGHAUS-25MAR26-T82",
            "count": 2,
            "created_time": "2025-03-26T20:17:27.388933Z",
            "yes_price": 66,
            "no_price": 34,
            "taker_side": "yes"
        },
        {
            "trade_id": "a4bd0a88-b0d5-4d32-ac4b-fd6e2b50bee8",
            "ticker": "KXHIGHAUS-25MAR26-T82",
            "count": 198,
            "created_time": "2025-03-26T20:17:27.388933Z",
            "yes_price": 72,
            "no_price": 28,
            "taker_side": "yes"
        },
        {
            "trade_id": "5dd2f01f-c001-43f8-b767-60f576b7a9c7",
            "ticker": "KXHIGHAUS-25MAR26-T82",
            "count": 299,
            "created_time": "2025-03-26T20:17:03.042227Z",
            "yes_price": 71,
            "no_price": 29,
            "taker_side": "yes"
        },
        {
            "trade_id": "50695461-bb21-4a89-ac15-239e23562bb2",
            "ticker": "KXHIGHAUS-25MAR26-T82",
            "count": 196,
            "created_time": "2025-03-26T20:17:03.042227Z",
            "yes_price": 72,
            "no_price": 28,
            "taker_side": "yes"
        },
        {
            "trade_id": "4eeaa9dd-7480-4c90-a626-92bac197cff2",
            "ticker": "KXHIGHAUS-25MAR26-T82",
            "count": 5,
            "created_time": "2025-03-26T20:17:03.042227Z",
            "yes_price": 70,
            "no_price": 30,
            "taker_side": "yes"
        },
        {
            "trade_id": "dea54e9a-2bc9-4b82-a10a-e774a6a1a2dd",
            "ticker": "KXHIGHAUS-25MAR26-T82",
            "count": 5,
            "created_time": "2025-03-26T20:16:56.332655Z",
            "yes_price": 70,
            "no_price": 30,
            "taker_side": "yes"
        },
        {
            "trade_id": "aee1f81f-c31e-44ec-90f5-729036f11965",
            "ticker": "KXHIGHAUS-25MAR26-T82",
            "count": 5,
            "created_time": "2025-03-26T20:16:56.332655Z",
            "yes_price": 70,
            "no_price": 30,
            "taker_side": "yes"
        },
        {
            "trade_id": "d9b3fc4f-d91e-49e5-8a74-46a7d9d797bd",
            "ticker": "KXHIGHAUS-25MAR26-T82",
            "count": 17,
            "created_time": "2025-03-26T20:16:50.526416Z",
            "yes_price": 69,
            "no_price": 31,
            "taker_side": "yes"
        },
        {
            "trade_id": "05e2787f-75f9-487e-ab35-211b36fdc0b9",
            "ticker": "KXHIGHAUS-25MAR26-T82",
            "count": 10,
            "created_time": "2025-03-26T20:16:37.134931Z",
            "yes_price": 68,
            "no_price": 32,
            "taker_side": "yes"
        },
        {
            "trade_id": "e949944e-d290-4184-bd31-d4f60d53aeba",
            "ticker": "KXHIGHAUS-25MAR26-T82",
            "count": 180,
            "created_time": "2025-03-26T20:16:31.2303Z",
            "yes_price": 63,
            "no_price": 37,
            "taker_side": "yes"
        },
        {
            "trade_id": "edaba14f-a42d-4920-bd95-b8385b09d06d",
            "ticker": "KXHIGHAUS-25MAR26-T82",
            "count": 5,
            "created_time": "2025-03-26T20:16:24.477021Z",
            "yes_price": 70,
            "no_price": 30,
            "taker_side": "yes"
        },
        {
            "trade_id": "bc075d05-2467-4978-a5f3-ab110a924c71",
            "ticker": "KXHIGHAUS-25MAR26-T82",
            "count": 1,
            "created_time": "2025-03-26T20:16:14.907025Z",
            "yes_price": 70,
            "no_price": 30,
            "taker_side": "yes"
        },
        {
            "trade_id": "907ca63c-fc49-4e3f-a719-fc8142b79370",
            "ticker": "KXHIGHAUS-25MAR26-T82",
            "count": 15,
            "created_time": "2025-03-26T20:16:14.907025Z",
            "yes_price": 71,
            "no_price": 29,
            "taker_side": "yes"
        },
        {
            "trade_id": "11a5323d-0b65-4a79-ac3b-7f304d96f8fa",
            "ticker": "KXHIGHAUS-25MAR26-T82",
            "count": 25,
            "created_time": "2025-03-26T20:16:14.907025Z",
            "yes_price": 71,
            "no_price": 29,
            "taker_side": "yes"
        },
        {
            "trade_id": "35f68eda-11e2-4526-8600-7c16f0da2374",
            "ticker": "KXHIGHAUS-25MAR26-T82",
            "count": 1,
            "created_time": "2025-03-26T20:16:05.558754Z",
            "yes_price": 61,
            "no_price": 39,
            "taker_side": "yes"
        },
        {
            "trade_id": "b67fb147-a856-48a0-93b5-f48898f5884f",
            "ticker": "KXHIGHAUS-25MAR26-T82",
            "count": 10,
            "created_time": "2025-03-26T20:16:01.291965Z",
            "yes_price": 62,
            "no_price": 38,
            "taker_side": "yes"
        },
        {
            "trade_id": "bcb1fb21-f4c7-4162-a523-5747ece51a76",
            "ticker": "KXHIGHAUS-25MAR26-T82",
            "count": 1,
            "created_time": "2025-03-26T20:15:56.607146Z",
            "yes_price": 63,
            "no_price": 37,
            "taker_side": "yes"
        },
        {
            "trade_id": "fe842874-9918-46e4-b274-7fe4681a63e3",
            "ticker": "KXHIGHAUS-25MAR26-T82",
            "count": 30,
            "created_time": "2025-03-26T20:15:52.162108Z",
            "yes_price": 65,
            "no_price": 35,
            "taker_side": "yes"
        },
        {
            "trade_id": "288fa4e9-5df1-48fa-9ec7-308d0be0a7e8",
            "ticker": "KXHIGHAUS-25MAR26-T82",
            "count": 1,
            "created_time": "2025-03-26T20:15:44.945608Z",
            "yes_price": 62,
            "no_price": 38,
            "taker_side": "yes"
        },
        {
            "trade_id": "eae86559-8439-442e-80ea-ca4fef881637",
            "ticker": "KXHIGHAUS-25MAR26-T82",
            "count": 1,
            "created_time": "2025-03-26T20:15:40.209746Z",
            "yes_price": 62,
            "no_price": 38,
            "taker_side": "yes"
        },
        {
            "trade_id": "15dded9c-71ae-4649-90f6-4cd694675b1b",
            "ticker": "KXHIGHAUS-25MAR26-T82",
            "count": 1,
            "created_time": "2025-03-26T20:15:34.962634Z",
            "yes_price": 62,
            "no_price": 38,
            "taker_side": "yes"
        },
        {
            "trade_id": "c8042560-f24e-4872-a7a0-b1b2fb481900",
            "ticker": "KXHIGHAUS-25MAR26-T82",
            "count": 15,
            "created_time": "2025-03-26T20:15:30.627703Z",
            "yes_price": 63,
            "no_price": 37,
            "taker_side": "yes"
        },
        {
            "trade_id": "071baa64-7020-4725-a3c5-8f70446b9161",
            "ticker": "KXHIGHAUS-25MAR26-T82",
            "count": 1,
            "created_time": "2025-03-26T20:15:24.371421Z",
            "yes_price": 59,
            "no_price": 41,
            "taker_side": "yes"
        },
        {
            "trade_id": "38899aa8-b364-4502-aaef-b373bee5084a",
            "ticker": "KXHIGHAUS-25MAR26-T82",
            "count": 159,
            "created_time": "2025-03-26T20:15:15.180779Z",
            "yes_price": 59,
            "no_price": 41,
            "taker_side": "yes"
        },
        {
            "trade_id": "7c30ac23-e8d0-4e43-985a-b1e07d0a3729",
            "ticker": "KXHIGHAUS-25MAR26-T82",
            "count": 2,
            "created_time": "2025-03-26T20:14:58.813472Z",
            "yes_price": 58,
            "no_price": 42,
            "taker_side": "yes"
        },
        {
            "trade_id": "6d31f325-8229-4a42-a157-8a42079b1ac6",
            "ticker": "KXHIGHAUS-25MAR26-T82",
            "count": 2,
            "created_time": "2025-03-26T20:14:51.21295Z",
            "yes_price": 57,
            "no_price": 43,
            "taker_side": "yes"
        },
        {
            "trade_id": "626ed890-74f5-45f8-b0ae-41326b642a68",
            "ticker": "KXHIGHAUS-25MAR26-T82",
            "count": 4,
            "created_time": "2025-03-26T20:14:45.813293Z",
            "yes_price": 57,
            "no_price": 43,
            "taker_side": "yes"
        },
        {
            "trade_id": "28a6e132-38ea-45bf-9445-47dc1d6c8eef",
            "ticker": "KXHIGHAUS-25MAR26-T82",
            "count": 295,
            "created_time": "2025-03-26T20:14:45.813293Z",
            "yes_price": 58,
            "no_price": 42,
            "taker_side": "yes"
        },
        {
            "trade_id": "7f672577-4d7c-4a30-8a76-7f97af047bb2",
            "ticker": "KXHIGHAUS-25MAR26-T82",
            "count": 5,
            "created_time": "2025-03-26T20:14:38.781983Z",
            "yes_price": 57,
            "no_price": 43,
            "taker_side": "yes"
        },
        {
            "trade_id": "a857211b-5103-42f5-b7f1-f6acd954b79f",
            "ticker": "KXHIGHAUS-25MAR26-T82",
            "count": 5,
            "created_time": "2025-03-26T20:14:33.155067Z",
            "yes_price": 57,
            "no_price": 43,
            "taker_side": "yes"
        },
        {
            "trade_id": "dc88dd9f-15ea-4305-84d7-ec92fe88b2f0",
            "ticker": "KXHIGHAUS-25MAR26-T82",
            "count": 10,
            "created_time": "2025-03-26T20:14:27.649703Z",
            "yes_price": 57,
            "no_price": 43,
            "taker_side": "yes"
        },
        {
            "trade_id": "fb8aebba-0f3e-43c7-9ed3-6c362589f8c7",
            "ticker": "KXHIGHAUS-25MAR26-T82",
            "count": 1,
            "created_time": "2025-03-26T20:14:25.349927Z",
            "yes_price": 47,
            "no_price": 53,
            "taker_side": "no"
        },
        {
            "trade_id": "9121eb30-e392-4790-ad78-3059bf679da3",
            "ticker": "KXHIGHAUS-25MAR26-T82",
            "count": 1,
            "created_time": "2025-03-26T20:14:25.349927Z",
            "yes_price": 48,
            "no_price": 52,
            "taker_side": "no"
        },
        {
            "trade_id": "5ddee956-6c67-463d-a1fb-406ea86f155c",
            "ticker": "KXHIGHAUS-25MAR26-T82",
            "count": 1,
            "created_time": "2025-03-26T20:14:19.499354Z",
            "yes_price": 50,
            "no_price": 50,
            "taker_side": "yes"
        },
        {
            "trade_id": "c67740ad-46ca-43f3-bdd2-9de4187984dd",
            "ticker": "KXHIGHAUS-25MAR26-T82",
            "count": 1,
            "created_time": "2025-03-26T20:14:11.388846Z",
            "yes_price": 50,
            "no_price": 50,
            "taker_side": "yes"
        },
        {
            "trade_id": "67d7e8c2-0f26-40bf-91a0-fc44ea3db810",
            "ticker": "KXHIGHAUS-25MAR26-T82",
            "count": 1,
            "created_time": "2025-03-26T20:14:05.729374Z",
            "yes_price": 50,
            "no_price": 50,
            "taker_side": "yes"
        },
        {
            "trade_id": "50a8aeae-cc88-42cb-8979-96a64db6f576",
            "ticker": "KXHIGHAUS-25MAR26-T82",
            "count": 1,
            "created_time": "2025-03-26T20:13:59.272122Z",
            "yes_price": 50,
            "no_price": 50,
            "taker_side": "yes"
        },
        {
            "trade_id": "aa2c57d3-3da5-454e-8305-6aa2d9916885",
            "ticker": "KXHIGHAUS-25MAR26-T82",
            "count": 20,
            "created_time": "2025-03-26T20:13:31.052075Z",
            "yes_price": 58,
            "no_price": 42,
            "taker_side": "yes"
        },
        {
            "trade_id": "92d973bd-266d-4a38-9ecc-df3c43f6c474",
            "ticker": "KXHIGHAUS-25MAR26-T82",
            "count": 5,
            "created_time": "2025-03-26T20:13:31.052075Z",
            "yes_price": 57,
            "no_price": 43,
            "taker_side": "yes"
        },
        {
            "trade_id": "6d55f605-65ae-4c07-b517-609d1f8a8507",
            "ticker": "KXHIGHAUS-25MAR26-T82",
            "count": 10,
            "created_time": "2025-03-26T20:13:31.052075Z",
            "yes_price": 52,
            "no_price": 48,
            "taker_side": "yes"
        },
        {
            "trade_id": "46d94700-7969-456d-85e2-1b13e9f045c2",
            "ticker": "KXHIGHAUS-25MAR26-T82",
            "count": 4,
            "created_time": "2025-03-26T20:13:31.052075Z",
            "yes_price": 50,
            "no_price": 50,
            "taker_side": "yes"
        },
        {
            "trade_id": "79bb2f1f-8362-4b32-ac24-43a1e6e5b763",
            "ticker": "KXHIGHAUS-25MAR26-T82",
            "count": 39,
            "created_time": "2025-03-26T20:13:28.730476Z",
            "yes_price": 46,
            "no_price": 54,
            "taker_side": "yes"
        },
        {
            "trade_id": "a256c367-2795-4767-9f44-59fab6f73819",
            "ticker": "KXHIGHAUS-25MAR26-T82",
            "count": 8,
            "created_time": "2025-03-26T20:13:23.300331Z",
            "yes_price": 46,
            "no_price": 54,
            "taker_side": "yes"
        },
        {
            "trade_id": "25d6f15e-737d-47b9-8c7a-49169d108a05",
            "ticker": "KXHIGHAUS-25MAR26-T82",
            "count": 3,
            "created_time": "2025-03-26T20:13:18.949567Z",
            "yes_price": 46,
            "no_price": 54,
            "taker_side": "no"
        },
        {
            "trade_id": "55f4df86-29da-41f8-835d-0189de3e0f5d",
            "ticker": "KXHIGHAUS-25MAR26-T82",
            "count": 10,
            "created_time": "2025-03-26T20:13:06.514091Z",
            "yes_price": 51,
            "no_price": 49,
            "taker_side": "yes"
        },
        {
            "trade_id": "73f21c32-5f1d-419c-95f5-2194adba2a19",
            "ticker": "KXHIGHAUS-25MAR26-T82",
            "count": 1,
            "created_time": "2025-03-26T20:12:04.124936Z",
            "yes_price": 45,
            "no_price": 55,
            "taker_side": "no"
        },
        {
            "trade_id": "feede2d0-d173-451b-a019-d74d171f04af",
            "ticker": "KXHIGHAUS-25MAR26-T82",
            "count": 37,
            "created_time": "2025-03-26T20:11:32.058042Z",
            "yes_price": 36,
            "no_price": 64,
            "taker_side": "yes"
        },
        {
            "trade_id": "780b9e94-7d0c-4a41-bfcc-94c8cdc4b6d4",
            "ticker": "KXHIGHAUS-25MAR26-T82",
            "count": 5,
            "created_time": "2025-03-26T20:11:32.058042Z",
            "yes_price": 35,
            "no_price": 65,
            "taker_side": "yes"
        },
        {
            "trade_id": "e6d7612a-1e81-4b7e-9c21-aaba99e6e7d6",
            "ticker": "KXHIGHAUS-25MAR26-T82",
            "count": 3,
            "created_time": "2025-03-26T20:11:04.023238Z",
            "yes_price": 36,
            "no_price": 64,
            "taker_side": "no"
        },
        {
            "trade_id": "e43c9f97-0b7e-4e0c-90e4-f0b46ee71fae",
            "ticker": "KXHIGHAUS-25MAR26-T82",
            "count": 10,
            "created_time": "2025-03-26T20:09:10.069839Z",
            "yes_price": 39,
            "no_price": 61,
            "taker_side": "yes"
        },
        {
            "trade_id": "e10ab293-8194-4b00-94b2-0dda5a92ac08",
            "ticker": "KXHIGHAUS-25MAR26-T82",
            "count": 150,
            "created_time": "2025-03-26T20:09:10.069839Z",
            "yes_price": 40,
            "no_price": 60,
            "taker_side": "yes"
        },
        {
            "trade_id": "d38e28f8-5b26-4916-a038-47a343c9ac2e",
            "ticker": "KXHIGHAUS-25MAR26-T82",
            "count": 15,
            "created_time": "2025-03-26T20:09:10.069839Z",
            "yes_price": 39,
            "no_price": 61,
            "taker_side": "yes"
        },
        {
            "trade_id": "926d4bd3-fbad-4b13-b4ce-bc0004b0b5f7",
            "ticker": "KXHIGHAUS-25MAR26-T82",
            "count": 7,
            "created_time": "2025-03-26T20:09:10.069839Z",
            "yes_price": 38,
            "no_price": 62,
            "taker_side": "yes"
        },
        {
            "trade_id": "912781f3-3bcf-4db4-a1c3-2577d98d6ecc",
            "ticker": "KXHIGHAUS-25MAR26-T82",
            "count": 186,
            "created_time": "2025-03-26T20:09:10.069839Z",
            "yes_price": 43,
            "no_price": 57,
            "taker_side": "yes"
        },
        {
            "trade_id": "656ea6c9-c2b0-499c-8adc-f461760b3e93",
            "ticker": "KXHIGHAUS-25MAR26-T82",
            "count": 25,
            "created_time": "2025-03-26T20:09:10.069839Z",
            "yes_price": 39,
            "no_price": 61,
            "taker_side": "yes"
        },
        {
            "trade_id": "c14e5631-ec17-484a-b676-cdeca0ea965b",
            "ticker": "KXHIGHAUS-25MAR26-T82",
            "count": 138,
            "created_time": "2025-03-26T20:08:31.60868Z",
            "yes_price": 36,
            "no_price": 64,
            "taker_side": "no"
        },
        {
            "trade_id": "91eb5515-282d-4ea8-b40f-8c1d81a06bfe",
            "ticker": "KXHIGHAUS-25MAR26-T82",
            "count": 4,
            "created_time": "2025-03-26T20:08:31.573447Z",
            "yes_price": 36,
            "no_price": 64,
            "taker_side": "no"
        },
        {
            "trade_id": "612e5207-bfb3-41a9-a983-48e9d3cbb5b8",
            "ticker": "KXHIGHAUS-25MAR26-T82",
            "count": 158,
            "created_time": "2025-03-26T20:08:31.573447Z",
            "yes_price": 36,
            "no_price": 64,
            "taker_side": "no"
        },
        {
            "trade_id": "e27ba7fc-8b7b-408f-88f5-2f932dd4fe49",
            "ticker": "KXHIGHAUS-25MAR26-T82",
            "count": 94,
            "created_time": "2025-03-26T20:03:15.798057Z",
            "yes_price": 23,
            "no_price": 77,
            "taker_side": "no"
        },
        {
            "trade_id": "0cda2363-e50a-455c-8c4d-ecaaa8ac245d",
            "ticker": "KXHIGHAUS-25MAR26-T82",
            "count": 4,
            "created_time": "2025-03-26T20:03:15.798057Z",
            "yes_price": 24,
            "no_price": 76,
            "taker_side": "no"
        },
        {
            "trade_id": "30de7baa-f8dd-4e75-94e3-1472c9713894",
            "ticker": "KXHIGHAUS-25MAR26-T82",
            "count": 10,
            "created_time": "2025-03-26T20:02:30.331404Z",
            "yes_price": 27,
            "no_price": 73,
            "taker_side": "no"
        },
        {
            "trade_id": "e566553b-9e87-4670-92d9-742d6b77f26b",
            "ticker": "KXHIGHAUS-25MAR26-T82",
            "count": 11,
            "created_time": "2025-03-26T20:02:27.14458Z",
            "yes_price": 46,
            "no_price": 54,
            "taker_side": "yes"
        },
        {
            "trade_id": "c4434d9f-d433-463d-b1d1-fd452f24ccc3",
            "ticker": "KXHIGHAUS-25MAR26-T82",
            "count": 5,
            "created_time": "2025-03-26T20:02:12.894329Z",
            "yes_price": 28,
            "no_price": 72,
            "taker_side": "no"
        },
        {
            "trade_id": "481b61e2-c777-4a1b-8896-de5f181bae7c",
            "ticker": "KXHIGHAUS-25MAR26-T82",
            "count": 19,
            "created_time": "2025-03-26T20:02:12.894329Z",
            "yes_price": 27,
            "no_price": 73,
            "taker_side": "no"
        },
        {
            "trade_id": "174a3e42-5187-41e3-96e5-687c93b4b4e1",
            "ticker": "KXHIGHAUS-25MAR26-T82",
            "count": 5,
            "created_time": "2025-03-26T20:02:12.894329Z",
            "yes_price": 28,
            "no_price": 72,
            "taker_side": "no"
        },
        {
            "trade_id": "c737ad44-4e53-41f6-8927-3fa9606da921",
            "ticker": "KXHIGHAUS-25MAR26-T82",
            "count": 25,
            "created_time": "2025-03-26T20:01:35.131378Z",
            "yes_price": 23,
            "no_price": 77,
            "taker_side": "no"
        },
        {
            "trade_id": "194d3d9f-427b-4318-b15e-fdccea3240f1",
            "ticker": "KXHIGHAUS-25MAR26-T82",
            "count": 216,
            "created_time": "2025-03-26T20:01:35.131378Z",
            "yes_price": 21,
            "no_price": 79,
            "taker_side": "no"
        },
        {
            "trade_id": "069a17f4-6f3d-481e-ab4e-479bec6903ad",
            "ticker": "KXHIGHAUS-25MAR26-T82",
            "count": 15,
            "created_time": "2025-03-26T20:01:35.131378Z",
            "yes_price": 26,
            "no_price": 74,
            "taker_side": "no"
        },
        {
            "trade_id": "03cd533d-33d8-4546-96a4-3a9ee7089e64",
            "ticker": "KXHIGHAUS-25MAR26-T82",
            "count": 10,
            "created_time": "2025-03-26T20:01:35.131378Z",
            "yes_price": 22,
            "no_price": 78,
            "taker_side": "no"
        },
        {
            "trade_id": "01213f28-cbca-482a-8191-bae51f13ff2c",
            "ticker": "KXHIGHAUS-25MAR26-T82",
            "count": 15,
            "created_time": "2025-03-26T20:01:35.131378Z",
            "yes_price": 23,
            "no_price": 77,
            "taker_side": "no"
        },
        {
            "trade_id": "fca36c17-27d7-43da-9ff7-82366ed84fed",
            "ticker": "KXHIGHAUS-25MAR26-T82",
            "count": 1,
            "created_time": "2025-03-26T20:01:26.924954Z",
            "yes_price": 48,
            "no_price": 52,
            "taker_side": "yes"
        },
        {
            "trade_id": "8b2d2c3a-9943-462b-9e07-bc99f579dbe0",
            "ticker": "KXHIGHAUS-25MAR26-T82",
            "count": 2,
            "created_time": "2025-03-26T20:01:26.924954Z",
            "yes_price": 48,
            "no_price": 52,
            "taker_side": "yes"
        },
        {
            "trade_id": "5c89c40e-da85-4144-9e85-782248547d3e",
            "ticker": "KXHIGHAUS-25MAR26-T82",
            "count": 61,
            "created_time": "2025-03-26T20:01:26.924954Z",
            "yes_price": 49,
            "no_price": 51,
            "taker_side": "yes"
        },
        {
            "trade_id": "2bc5dd1d-8dcb-4a80-9dd4-e1ee010b2ded",
            "ticker": "KXHIGHAUS-25MAR26-T82",
            "count": 5,
            "created_time": "2025-03-26T20:01:26.924954Z",
            "yes_price": 21,
            "no_price": 79,
            "taker_side": "yes"
        },
        {
            "trade_id": "88032e13-595a-4c31-aa42-95a3331caa0e",
            "ticker": "KXHIGHAUS-25MAR26-T82",
            "count": 16,
            "created_time": "2025-03-26T20:01:08.42804Z",
            "yes_price": 49,
            "no_price": 51,
            "taker_side": "yes"
        },
        {
            "trade_id": "5fbaf99c-f620-4d52-8028-48a6082b3699",
            "ticker": "KXHIGHAUS-25MAR26-T82",
            "count": 21,
            "created_time": "2025-03-26T20:01:08.42804Z",
            "yes_price": 43,
            "no_price": 57,
            "taker_side": "yes"
        },
        {
            "trade_id": "3152f4a3-8924-499c-80fd-7d8f4a2d93df",
            "ticker": "KXHIGHAUS-25MAR26-T82",
            "count": 13,
            "created_time": "2025-03-26T20:01:08.42804Z",
            "yes_price": 42,
            "no_price": 58,
            "taker_side": "yes"
        },
        {
            "trade_id": "cfe4d9d8-0942-4f5b-a1da-4e06a805cfdf",
            "ticker": "KXHIGHAUS-25MAR26-T82",
            "count": 1,
            "created_time": "2025-03-26T20:00:51.928988Z",
            "yes_price": 28,
            "no_price": 72,
            "taker_side": "no"
        },
        {
            "trade_id": "f1e4102b-1a60-43b6-a6a1-f118b27d9695",
            "ticker": "KXHIGHAUS-25MAR26-T82",
            "count": 15,
            "created_time": "2025-03-26T20:00:48.275885Z",
            "yes_price": 34,
            "no_price": 66,
            "taker_side": "yes"
        },
        {
            "trade_id": "cd3db360-c4c4-4f7e-a205-41d2a4cff6be",
            "ticker": "KXHIGHAUS-25MAR26-T82",
            "count": 3,
            "created_time": "2025-03-26T20:00:48.275885Z",
            "yes_price": 43,
            "no_price": 57,
            "taker_side": "yes"
        },
        {
            "trade_id": "6fc2330d-7109-4e4d-9246-6c2f05d8823b",
            "ticker": "KXHIGHAUS-25MAR26-T82",
            "count": 3,
            "created_time": "2025-03-26T20:00:48.275885Z",
            "yes_price": 28,
            "no_price": 72,
            "taker_side": "yes"
        },
        {
            "trade_id": "08efa1ff-2983-4a8f-9265-4ad0a2a85e1a",
            "ticker": "KXHIGHAUS-25MAR26-T82",
            "count": 32,
            "created_time": "2025-03-26T20:00:48.275885Z",
            "yes_price": 33,
            "no_price": 67,
            "taker_side": "yes"
        },
        {
            "trade_id": "241d14bc-73a5-4f55-a3e8-bc38d91e4e74",
            "ticker": "KXHIGHAUS-25MAR26-T82",
            "count": 31,
            "created_time": "2025-03-26T20:00:13.182769Z",
            "yes_price": 20,
            "no_price": 80,
            "taker_side": "no"
        },
        {
            "trade_id": "7ce9b48a-4853-46f1-a72f-ae679291fb8a",
            "ticker": "KXHIGHAUS-25MAR26-T82",
            "count": 19,
            "created_time": "2025-03-26T19:59:55.886159Z",
            "yes_price": 23,
            "no_price": 77,
            "taker_side": "no"
        },
        {
            "trade_id": "51ee7f99-c17f-4041-9b6d-73e673fba1e7",
            "ticker": "KXHIGHAUS-25MAR26-T82",
            "count": 10,
            "created_time": "2025-03-26T19:59:55.886159Z",
            "yes_price": 22,
            "no_price": 78,
            "taker_side": "no"
        },
        {
            "trade_id": "0d114d0b-f7cf-4843-8e13-31aa1f783247",
            "ticker": "KXHIGHAUS-25MAR26-T82",
            "count": 19,
            "created_time": "2025-03-26T19:59:55.886159Z",
            "yes_price": 25,
            "no_price": 75,
            "taker_side": "no"
        },
        {
            "trade_id": "0bf6731a-fbd9-49ba-b2ac-9406a655065c",
            "ticker": "KXHIGHAUS-25MAR26-T82",
            "count": 15,
            "created_time": "2025-03-26T19:59:55.886159Z",
            "yes_price": 25,
            "no_price": 75,
            "taker_side": "no"
        },
        {
            "trade_id": "cdfc926b-17a4-462a-9ee8-1d1a5296dcd3",
            "ticker": "KXHIGHAUS-25MAR26-T82",
            "count": 21,
            "created_time": "2025-03-26T19:59:07.790206Z",
            "yes_price": 34,
            "no_price": 66,
            "taker_side": "yes"
        },
        {
            "trade_id": "c6dadcda-094b-4a8d-8f73-8f6d154b1584",
            "ticker": "KXHIGHAUS-25MAR26-T82",
            "count": 1,
            "created_time": "2025-03-26T19:59:07.790206Z",
            "yes_price": 45,
            "no_price": 55,
            "taker_side": "yes"
        },
        {
            "trade_id": "ad8d84d4-f3f4-4021-842a-5ee19ab18673",
            "ticker": "KXHIGHAUS-25MAR26-T82",
            "count": 19,
            "created_time": "2025-03-26T19:59:07.790206Z",
            "yes_price": 44,
            "no_price": 56,
            "taker_side": "yes"
        },
        {
            "trade_id": "8fb691a6-73a8-4a7c-bc7d-3fc5bdb490e4",
            "ticker": "KXHIGHAUS-25MAR26-T82",
            "count": 2,
            "created_time": "2025-03-26T19:59:07.790206Z",
            "yes_price": 28,
            "no_price": 72,
            "taker_side": "yes"
        },
        {
            "trade_id": "0a08ce91-ff2f-432c-8246-e788b09fb8fa",
            "ticker": "KXHIGHAUS-25MAR26-T82",
            "count": 18,
            "created_time": "2025-03-26T19:59:07.790206Z",
            "yes_price": 36,
            "no_price": 64,
            "taker_side": "yes"
        },
        {
            "trade_id": "a1a5a5d1-5a81-428a-9c4d-81508aad198c",
            "ticker": "KXHIGHAUS-25MAR26-T82",
            "count": 80,
            "created_time": "2025-03-26T19:58:40.828355Z",
            "yes_price": 26,
            "no_price": 74,
            "taker_side": "yes"
        },
        {
            "trade_id": "326d2e9b-2df2-4cd6-b2ef-39e3f604371a",
            "ticker": "KXHIGHAUS-25MAR26-T82",
            "count": 170,
            "created_time": "2025-03-26T19:58:40.828355Z",
            "yes_price": 27,
            "no_price": 73,
            "taker_side": "yes"
        },
        {
            "trade_id": "7326bc4c-f29b-49b1-b592-3b396464369b",
            "ticker": "KXHIGHAUS-25MAR26-T82",
            "count": 70,
            "created_time": "2025-03-26T19:58:06.455309Z",
            "yes_price": 27,
            "no_price": 73,
            "taker_side": "yes"
        },
        {
            "trade_id": "cbbfb21e-cfac-4f1e-b211-e2a99baf5a16",
            "ticker": "KXHIGHAUS-25MAR26-T82",
            "count": 50,
            "created_time": "2025-03-26T19:56:57.276136Z",
            "yes_price": 31,
            "no_price": 69,
            "taker_side": "yes"
        },
        {
            "trade_id": "23ecd155-fc0b-4353-ad4b-feabd4bf5d93",
            "ticker": "KXHIGHAUS-25MAR26-T82",
            "count": 200,
            "created_time": "2025-03-26T19:56:57.276136Z",
            "yes_price": 32,
            "no_price": 68,
            "taker_side": "yes"
        },
        {
            "trade_id": "dd0fefb3-d749-4195-96a1-5a6515d0bbe0",
            "ticker": "KXHIGHAUS-25MAR26-T82",
            "count": 16,
            "created_time": "2025-03-26T19:56:00.418407Z",
            "yes_price": 24,
            "no_price": 76,
            "taker_side": "no"
        },
        {
            "trade_id": "109e6144-98c4-4f8f-a1c6-b9e9c8d9bd34",
            "ticker": "KXHIGHAUS-25MAR26-T82",
            "count": 10,
            "created_time": "2025-03-26T19:55:37.443548Z",
            "yes_price": 26,
            "no_price": 74,
            "taker_side": "yes"
        },
        {
            "trade_id": "5ef78c31-7960-4578-a136-3704d0ddaf7e",
            "ticker": "KXHIGHAUS-25MAR26-T82",
            "count": 11,
            "created_time": "2025-03-26T19:49:46.215158Z",
            "yes_price": 22,
            "no_price": 78,
            "taker_side": "no"
        },
        {
            "trade_id": "c93a7af2-9098-47d2-b00a-a8b41ca549e9",
            "ticker": "KXHIGHAUS-25MAR26-T82",
            "count": 131,
            "created_time": "2025-03-26T19:46:43.247637Z",
            "yes_price": 25,
            "no_price": 75,
            "taker_side": "yes"
        },
        {
            "trade_id": "8ecdbd52-34a0-4974-a76c-38968de5c035",
            "ticker": "KXHIGHAUS-25MAR26-T82",
            "count": 114,
            "created_time": "2025-03-26T19:46:35.625309Z",
            "yes_price": 25,
            "no_price": 75,
            "taker_side": "yes"
        },
        {
            "trade_id": "71045b88-adb7-4ed9-b307-6e9d79f1d9ea",
            "ticker": "KXHIGHAUS-25MAR26-T82",
            "count": 10,
            "created_time": "2025-03-26T19:46:19.827212Z",
            "yes_price": 25,
            "no_price": 75,
            "taker_side": "yes"
        },
        {
            "trade_id": "31656143-2347-4da4-9666-4209a65d611e",
            "ticker": "KXHIGHAUS-25MAR26-T82",
            "count": 4,
            "created_time": "2025-03-26T19:46:19.827212Z",
            "yes_price": 33,
            "no_price": 67,
            "taker_side": "yes"
        },
        {
            "trade_id": "6ffbb4da-d4b4-4ce0-9eba-5699e37c2845",
            "ticker": "KXHIGHAUS-25MAR26-T82",
            "count": 75,
            "created_time": "2025-03-26T19:44:03.879369Z",
            "yes_price": 22,
            "no_price": 78,
            "taker_side": "no"
        },
        {
            "trade_id": "9b2d3725-2ffa-4512-bafa-0122f8ce2a83",
            "ticker": "KXHIGHAUS-25MAR26-T82",
            "count": 19,
            "created_time": "2025-03-26T19:43:47.728232Z",
            "yes_price": 24,
            "no_price": 76,
            "taker_side": "no"
        },
        {
            "trade_id": "e9548d77-ecae-416a-a372-60daf6847963",
            "ticker": "KXHIGHAUS-25MAR26-T82",
            "count": 1,
            "created_time": "2025-03-26T19:43:02.384287Z",
            "yes_price": 16,
            "no_price": 84,
            "taker_side": "yes"
        },
        {
            "trade_id": "6cf43456-9d84-4f00-aa62-eca636745214",
            "ticker": "KXHIGHAUS-25MAR26-T82",
            "count": 3,
            "created_time": "2025-03-26T19:39:35.010606Z",
            "yes_price": 16,
            "no_price": 84,
            "taker_side": "yes"
        },
        {
            "trade_id": "16bfff6c-d4a3-4fc7-b0ca-3289d62cc269",
            "ticker": "KXHIGHAUS-25MAR26-T82",
            "count": 18,
            "created_time": "2025-03-26T19:39:35.010606Z",
            "yes_price": 23,
            "no_price": 77,
            "taker_side": "yes"
        },
        {
            "trade_id": "abb658f8-b5f9-4d3d-bfcc-80b17cc1110e",
            "ticker": "KXHIGHAUS-25MAR26-T82",
            "count": 55,
            "created_time": "2025-03-26T19:38:59.8989Z",
            "yes_price": 14,
            "no_price": 86,
            "taker_side": "no"
        },
        {
            "trade_id": "a0dfbe3e-4af7-4aea-ba95-cc887f08bb89",
            "ticker": "KXHIGHAUS-25MAR26-T82",
            "count": 5,
            "created_time": "2025-03-26T19:37:47.203118Z",
            "yes_price": 13,
            "no_price": 87,
            "taker_side": "no"
        },
        {
            "trade_id": "083d6282-656c-4b2d-823c-2deda49a7cc0",
            "ticker": "KXHIGHAUS-25MAR26-T82",
            "count": 10,
            "created_time": "2025-03-26T19:37:29.900067Z",
            "yes_price": 13,
            "no_price": 87,
            "taker_side": "no"
        },
        {
            "trade_id": "ef74b5f4-8435-4022-9aea-ba83051bb7e3",
            "ticker": "KXHIGHAUS-25MAR26-T82",
            "count": 5,
            "created_time": "2025-03-26T19:30:03.464282Z",
            "yes_price": 13,
            "no_price": 87,
            "taker_side": "yes"
        },
        {
            "trade_id": "5eb3137c-4a3c-4de0-b8d7-434fb75ca81b",
            "ticker": "KXHIGHAUS-25MAR26-T82",
            "count": 95,
            "created_time": "2025-03-26T19:30:03.464282Z",
            "yes_price": 14,
            "no_price": 86,
            "taker_side": "yes"
        },
        {
            "trade_id": "dc9ae05c-6a86-46d2-a7b7-94658968e04e",
            "ticker": "KXHIGHAUS-25MAR26-T82",
            "count": 17,
            "created_time": "2025-03-26T19:26:23.234007Z",
            "yes_price": 14,
            "no_price": 86,
            "taker_side": "yes"
        },
        {
            "trade_id": "b25a0604-1255-4296-be6a-e34eab33296d",
            "ticker": "KXHIGHAUS-25MAR26-T82",
            "count": 2,
            "created_time": "2025-03-26T19:26:23.234007Z",
            "yes_price": 10,
            "no_price": 90,
            "taker_side": "yes"
        },
        {
            "trade_id": "8bdfb0c3-5cb4-4c94-ad00-848268cea809",
            "ticker": "KXHIGHAUS-25MAR26-T82",
            "count": 15,
            "created_time": "2025-03-26T19:24:56.00818Z",
            "yes_price": 12,
            "no_price": 88,
            "taker_side": "yes"
        },
        {
            "trade_id": "7d78bce2-a9b5-459b-8914-83b939f5c5fe",
            "ticker": "KXHIGHAUS-25MAR26-T82",
            "count": 224,
            "created_time": "2025-03-26T19:24:56.00818Z",
            "yes_price": 9,
            "no_price": 91,
            "taker_side": "yes"
        },
        {
            "trade_id": "3322c553-8f28-4476-9770-be37a90d0f66",
            "ticker": "KXHIGHAUS-25MAR26-T82",
            "count": 263,
            "created_time": "2025-03-26T19:24:56.00818Z",
            "yes_price": 12,
            "no_price": 88,
            "taker_side": "yes"
        },
        {
            "trade_id": "31125ffa-7e7d-445a-9f0b-ef7109313ccf",
            "ticker": "KXHIGHAUS-25MAR26-T82",
            "count": 234,
            "created_time": "2025-03-26T19:24:56.00818Z",
            "yes_price": 10,
            "no_price": 90,
            "taker_side": "yes"
        },
        {
            "trade_id": "de805e42-91b4-4056-b3b9-7969c0d53f47",
            "ticker": "KXHIGHAUS-25MAR26-T82",
            "count": 2,
            "created_time": "2025-03-26T19:24:24.791759Z",
            "yes_price": 9,
            "no_price": 91,
            "taker_side": "yes"
        },
        {
            "trade_id": "e7f3c1e7-31cb-4623-b3f7-bec1cd56c2b4",
            "ticker": "KXHIGHAUS-25MAR26-T82",
            "count": 191,
            "created_time": "2025-03-26T19:24:10.89207Z",
            "yes_price": 9,
            "no_price": 91,
            "taker_side": "yes"
        },
        {
            "trade_id": "ad490a3f-0ccb-4da0-b4c6-7db8fc7adb1f",
            "ticker": "KXHIGHAUS-25MAR26-T82",
            "count": 7,
            "created_time": "2025-03-26T19:24:10.89207Z",
            "yes_price": 8,
            "no_price": 92,
            "taker_side": "yes"
        },
        {
            "trade_id": "58df71dc-ba31-4e64-afc2-a941ed783f34",
            "ticker": "KXHIGHAUS-25MAR26-T82",
            "count": 2,
            "created_time": "2025-03-26T19:24:10.89207Z",
            "yes_price": 8,
            "no_price": 92,
            "taker_side": "yes"
        },
        {
            "trade_id": "a2682b99-4c6a-4ef9-a5f4-11aa7cac1059",
            "ticker": "KXHIGHAUS-25MAR26-T82",
            "count": 20,
            "created_time": "2025-03-26T19:21:34.089216Z",
            "yes_price": 8,
            "no_price": 92,
            "taker_side": "yes"
        },
        {
            "trade_id": "e826e84d-cc1d-440a-8427-de2a878a587c",
            "ticker": "KXHIGHAUS-25MAR26-T82",
            "count": 104,
            "created_time": "2025-03-26T19:18:12.142126Z",
            "yes_price": 9,
            "no_price": 91,
            "taker_side": "yes"
        },
        {
            "trade_id": "71613622-e2a5-40a2-83df-9b7f795f9ed0",
            "ticker": "KXHIGHAUS-25MAR26-T82",
            "count": 14,
            "created_time": "2025-03-26T19:17:43.073143Z",
            "yes_price": 6,
            "no_price": 94,
            "taker_side": "yes"
        },
        {
            "trade_id": "68ebd080-67d9-4cad-a7d5-05badee74f76",
            "ticker": "KXHIGHAUS-25MAR26-T82",
            "count": 5,
            "created_time": "2025-03-26T19:17:43.073143Z",
            "yes_price": 9,
            "no_price": 91,
            "taker_side": "yes"
        },
        {
            "trade_id": "1ddef301-7f9b-4c60-8a03-d458bacd887e",
            "ticker": "KXHIGHAUS-25MAR26-T82",
            "count": 1,
            "created_time": "2025-03-26T19:16:53.293376Z",
            "yes_price": 6,
            "no_price": 94,
            "taker_side": "yes"
        },
        {
            "trade_id": "9e65e547-1329-40e8-b2a8-2e868ddd9168",
            "ticker": "KXHIGHAUS-25MAR26-T82",
            "count": 65,
            "created_time": "2025-03-26T19:13:44.451624Z",
            "yes_price": 6,
            "no_price": 94,
            "taker_side": "no"
        },
        {
            "trade_id": "6593cba6-6249-4436-ab28-cce0cd034904",
            "ticker": "KXHIGHAUS-25MAR26-T82",
            "count": 400,
            "created_time": "2025-03-26T19:13:33.968866Z",
            "yes_price": 6,
            "no_price": 94,
            "taker_side": "no"
        },
        {
            "trade_id": "3ffbfdf6-0836-46b8-a9d6-0c50b0a81d4f",
            "ticker": "KXHIGHAUS-25MAR26-T82",
            "count": 3,
            "created_time": "2025-03-26T19:05:11.127641Z",
            "yes_price": 9,
            "no_price": 91,
            "taker_side": "yes"
        },
        {
            "trade_id": "2351ab41-0a88-42a1-93ae-49fa919b4928",
            "ticker": "KXHIGHAUS-25MAR26-T82",
            "count": 7,
            "created_time": "2025-03-26T19:05:11.127641Z",
            "yes_price": 9,
            "no_price": 91,
            "taker_side": "yes"
        },
        {
            "trade_id": "e8ef0ff1-2c34-4779-8cd2-060777dfbb17",
            "ticker": "KXHIGHAUS-25MAR26-T82",
            "count": 9,
            "created_time": "2025-03-26T19:02:44.225355Z",
            "yes_price": 9,
            "no_price": 91,
            "taker_side": "yes"
        },
        {
            "trade_id": "d57c3e2e-4ff4-46bb-8127-033eca0ffea0",
            "ticker": "KXHIGHAUS-25MAR26-T82",
            "count": 16,
            "created_time": "2025-03-26T19:02:44.225355Z",
            "yes_price": 10,
            "no_price": 90,
            "taker_side": "yes"
        },
        {
            "trade_id": "9ac131bc-b328-43fb-ae49-67c2a21d0e1b",
            "ticker": "KXHIGHAUS-25MAR26-T82",
            "count": 7,
            "created_time": "2025-03-26T18:37:36.539925Z",
            "yes_price": 6,
            "no_price": 94,
            "taker_side": "no"
        },
        {
            "trade_id": "b95c765f-7fd5-489d-bf6a-c39cdc909bee",
            "ticker": "KXHIGHAUS-25MAR26-T82",
            "count": 1,
            "created_time": "2025-03-26T18:36:57.965524Z",
            "yes_price": 6,
            "no_price": 94,
            "taker_side": "no"
        },
        {
            "trade_id": "6baeed2e-6329-4212-a84c-35ece11bb856",
            "ticker": "KXHIGHAUS-25MAR26-T82",
            "count": 9,
            "created_time": "2025-03-26T18:35:49.648089Z",
            "yes_price": 13,
            "no_price": 87,
            "taker_side": "yes"
        },
        {
            "trade_id": "231a9989-5a0b-4f5a-9ad8-e2e59d6d42a8",
            "ticker": "KXHIGHAUS-25MAR26-T82",
            "count": 8,
            "created_time": "2025-03-26T18:35:49.648089Z",
            "yes_price": 8,
            "no_price": 92,
            "taker_side": "yes"
        },
        {
            "trade_id": "696f2284-a503-43dd-acde-46fa0e848b8b",
            "ticker": "KXHIGHAUS-25MAR26-T82",
            "count": 11,
            "created_time": "2025-03-26T18:35:40.601515Z",
            "yes_price": 6,
            "no_price": 94,
            "taker_side": "no"
        },
        {
            "trade_id": "3c23331d-cfe8-49c6-b89e-64fdf7274424",
            "ticker": "KXHIGHAUS-25MAR26-T82",
            "count": 6,
            "created_time": "2025-03-26T18:32:25.35163Z",
            "yes_price": 6,
            "no_price": 94,
            "taker_side": "no"
        },
        {
            "trade_id": "ae907030-5170-419b-9c79-61a7dd944c79",
            "ticker": "KXHIGHAUS-25MAR26-T82",
            "count": 1,
            "created_time": "2025-03-26T18:29:01.182622Z",
            "yes_price": 7,
            "no_price": 93,
            "taker_side": "no"
        },
        {
            "trade_id": "4ee4bd6a-9798-439f-a75b-b0ddfd606c25",
            "ticker": "KXHIGHAUS-25MAR26-T82",
            "count": 12,
            "created_time": "2025-03-26T18:23:01.461128Z",
            "yes_price": 7,
            "no_price": 93,
            "taker_side": "no"
        },
        {
            "trade_id": "0c540ba6-c55f-4420-81ac-0a849887e77d",
            "ticker": "KXHIGHAUS-25MAR26-T82",
            "count": 10,
            "created_time": "2025-03-26T18:22:01.801415Z",
            "yes_price": 6,
            "no_price": 94,
            "taker_side": "no"
        },
        {
            "trade_id": "4deec47c-da79-49e5-a16d-fc134dc35e3e",
            "ticker": "KXHIGHAUS-25MAR26-T82",
            "count": 1,
            "created_time": "2025-03-26T18:21:43.613616Z",
            "yes_price": 7,
            "no_price": 93,
            "taker_side": "no"
        },
        {
            "trade_id": "13c81cf9-cd90-421a-a317-ae6994739472",
            "ticker": "KXHIGHAUS-25MAR26-T82",
            "count": 1,
            "created_time": "2025-03-26T18:21:42.185393Z",
            "yes_price": 7,
            "no_price": 93,
            "taker_side": "no"
        },
        {
            "trade_id": "4e801a6b-7b71-479d-8ff4-2895e64f57e3",
            "ticker": "KXHIGHAUS-25MAR26-T82",
            "count": 2,
            "created_time": "2025-03-26T18:21:16.064642Z",
            "yes_price": 7,
            "no_price": 93,
            "taker_side": "no"
        },
        {
            "trade_id": "36281040-afa4-4fe9-806f-f24830c0c171",
            "ticker": "KXHIGHAUS-25MAR26-T82",
            "count": 23,
            "created_time": "2025-03-26T18:20:11.734234Z",
            "yes_price": 7,
            "no_price": 93,
            "taker_side": "no"
        },
        {
            "trade_id": "c12074cb-a3e1-4b5a-b19a-e84971dfb4d8",
            "ticker": "KXHIGHAUS-25MAR26-T82",
            "count": 130,
            "created_time": "2025-03-26T18:19:22.671569Z",
            "yes_price": 7,
            "no_price": 93,
            "taker_side": "no"
        },
        {
            "trade_id": "dc66d97a-38b2-4ae4-bd07-65f194d20c87",
            "ticker": "KXHIGHAUS-25MAR26-T82",
            "count": 2,
            "created_time": "2025-03-26T18:19:13.011975Z",
            "yes_price": 7,
            "no_price": 93,
            "taker_side": "no"
        },
        {
            "trade_id": "26bf5a6b-e26d-425c-821e-9a79a4be0cbd",
            "ticker": "KXHIGHAUS-25MAR26-T82",
            "count": 45,
            "created_time": "2025-03-26T18:17:47.922586Z",
            "yes_price": 5,
            "no_price": 95,
            "taker_side": "no"
        },
        {
            "trade_id": "c2675ece-ae4e-4be2-8f98-025c356bed35",
            "ticker": "KXHIGHAUS-25MAR26-T82",
            "count": 71,
            "created_time": "2025-03-26T18:15:40.342579Z",
            "yes_price": 5,
            "no_price": 95,
            "taker_side": "no"
        },
        {
            "trade_id": "5cb5c76a-1ed6-47af-95ca-add240baf8a5",
            "ticker": "KXHIGHAUS-25MAR26-T82",
            "count": 19,
            "created_time": "2025-03-26T18:15:15.804511Z",
            "yes_price": 5,
            "no_price": 95,
            "taker_side": "no"
        },
        {
            "trade_id": "ebab1986-adfd-440b-8e32-360295dfcf37",
            "ticker": "KXHIGHAUS-25MAR26-T82",
            "count": 50,
            "created_time": "2025-03-26T18:13:19.88139Z",
            "yes_price": 4,
            "no_price": 96,
            "taker_side": "no"
        },
        {
            "trade_id": "a60881b4-e49b-4048-ac11-1755d18fde77",
            "ticker": "KXHIGHAUS-25MAR26-T82",
            "count": 4,
            "created_time": "2025-03-26T18:13:00.306477Z",
            "yes_price": 4,
            "no_price": 96,
            "taker_side": "no"
        },
        {
            "trade_id": "1eb6e112-37a8-42fa-b30f-2b7377b50495",
            "ticker": "KXHIGHAUS-25MAR26-T82",
            "count": 1,
            "created_time": "2025-03-26T18:09:07.462992Z",
            "yes_price": 6,
            "no_price": 94,
            "taker_side": "no"
        },
        {
            "trade_id": "a98006f2-9334-47ef-ada3-457deb97fb62",
            "ticker": "KXHIGHAUS-25MAR26-T82",
            "count": 5,
            "created_time": "2025-03-26T18:08:47.287464Z",
            "yes_price": 5,
            "no_price": 95,
            "taker_side": "no"
        },
        {
            "trade_id": "f9647c9b-a5ee-411a-a72a-9442088bc7eb",
            "ticker": "KXHIGHAUS-25MAR26-T82",
            "count": 8,
            "created_time": "2025-03-26T18:08:32.325202Z",
            "yes_price": 6,
            "no_price": 94,
            "taker_side": "no"
        },
        {
            "trade_id": "4e021df2-af8c-4b16-b6c4-5eb3c7e2fb56",
            "ticker": "KXHIGHAUS-25MAR26-T82",
            "count": 129,
            "created_time": "2025-03-26T18:07:41.694503Z",
            "yes_price": 6,
            "no_price": 94,
            "taker_side": "no"
        },
        {
            "trade_id": "bbf0daa8-f30a-491c-870a-b91079d0cfc1",
            "ticker": "KXHIGHAUS-25MAR26-T82",
            "count": 37,
            "created_time": "2025-03-26T18:05:15.846246Z",
            "yes_price": 7,
            "no_price": 93,
            "taker_side": "no"
        },
        {
            "trade_id": "1e5a619b-9466-4274-897f-ff49782a4dbc",
            "ticker": "KXHIGHAUS-25MAR26-T82",
            "count": 2,
            "created_time": "2025-03-26T18:04:48.907129Z",
            "yes_price": 7,
            "no_price": 93,
            "taker_side": "no"
        },
        {
            "trade_id": "39ed3333-524d-4d92-a0de-5c039241cd64",
            "ticker": "KXHIGHAUS-25MAR26-T82",
            "count": 52,
            "created_time": "2025-03-26T18:04:24.47548Z",
            "yes_price": 7,
            "no_price": 93,
            "taker_side": "no"
        },
        {
            "trade_id": "bcde3f33-3ebf-4f69-b633-af932768487c",
            "ticker": "KXHIGHAUS-25MAR26-T82",
            "count": 9,
            "created_time": "2025-03-26T17:58:04.477532Z",
            "yes_price": 7,
            "no_price": 93,
            "taker_side": "yes"
        },
        {
            "trade_id": "2830cdcf-59b1-4ccc-a41b-4086f0ff9e74",
            "ticker": "KXHIGHAUS-25MAR26-T82",
            "count": 11,
            "created_time": "2025-03-26T17:55:53.691959Z",
            "yes_price": 6,
            "no_price": 94,
            "taker_side": "no"
        },
        {
            "trade_id": "192dc85c-d5a1-45f6-bc5f-afacca45f227",
            "ticker": "KXHIGHAUS-25MAR26-T82",
            "count": 16,
            "created_time": "2025-03-26T17:51:01.600563Z",
            "yes_price": 6,
            "no_price": 94,
            "taker_side": "no"
        },
        {
            "trade_id": "6866751e-f836-4fef-a542-45766a39c954",
            "ticker": "KXHIGHAUS-25MAR26-T82",
            "count": 23,
            "created_time": "2025-03-26T17:50:16.124553Z",
            "yes_price": 6,
            "no_price": 94,
            "taker_side": "no"
        },
        {
            "trade_id": "eca9eaaf-7b7d-4d59-ac10-46749808f8ca",
            "ticker": "KXHIGHAUS-25MAR26-T82",
            "count": 1,
            "created_time": "2025-03-26T17:50:15.73144Z",
            "yes_price": 6,
            "no_price": 94,
            "taker_side": "no"
        },
        {
            "trade_id": "7a8ad9e5-c246-40ff-8b86-db9e23243af3",
            "ticker": "KXHIGHAUS-25MAR26-T82",
            "count": 11,
            "created_time": "2025-03-26T17:45:17.234762Z",
            "yes_price": 6,
            "no_price": 94,
            "taker_side": "no"
        },
        {
            "trade_id": "d2472fe3-0fca-475e-9883-803e06d579ec",
            "ticker": "KXHIGHAUS-25MAR26-T82",
            "count": 7,
            "created_time": "2025-03-26T17:36:36.077383Z",
            "yes_price": 7,
            "no_price": 93,
            "taker_side": "yes"
        },
        {
            "trade_id": "18863a96-c6b6-4095-9b04-40b57a8b74a4",
            "ticker": "KXHIGHAUS-25MAR26-T82",
            "count": 16,
            "created_time": "2025-03-26T17:36:36.077383Z",
            "yes_price": 8,
            "no_price": 92,
            "taker_side": "yes"
        },
        {
            "trade_id": "a84989f4-0070-4006-b128-fe84cc2d5510",
            "ticker": "KXHIGHAUS-25MAR26-T82",
            "count": 4,
            "created_time": "2025-03-26T17:36:32.963573Z",
            "yes_price": 6,
            "no_price": 94,
            "taker_side": "no"
        },
        {
            "trade_id": "6778a102-fd2b-4163-a538-8300b1995834",
            "ticker": "KXHIGHAUS-25MAR26-T82",
            "count": 1,
            "created_time": "2025-03-26T17:28:31.881427Z",
            "yes_price": 6,
            "no_price": 94,
            "taker_side": "no"
        },
        {
            "trade_id": "f2c08179-7513-4637-b29d-912ff05a9ea8",
            "ticker": "KXHIGHAUS-25MAR26-T82",
            "count": 4,
            "created_time": "2025-03-26T17:17:13.395081Z",
            "yes_price": 7,
            "no_price": 93,
            "taker_side": "no"
        },
        {
            "trade_id": "057befdc-0823-484c-8ff4-d442dd775399",
            "ticker": "KXHIGHAUS-25MAR26-T82",
            "count": 4,
            "created_time": "2025-03-26T17:15:49.626118Z",
            "yes_price": 6,
            "no_price": 94,
            "taker_side": "no"
        },
        {
            "trade_id": "a635038c-2369-429d-bfcc-ce32cf19dc82",
            "ticker": "KXHIGHAUS-25MAR26-T82",
            "count": 4,
            "created_time": "2025-03-26T17:09:47.620063Z",
            "yes_price": 7,
            "no_price": 93,
            "taker_side": "no"
        },
        {
            "trade_id": "d9a3c6ce-9b2b-4219-b6dc-e9a45274e407",
            "ticker": "KXHIGHAUS-25MAR26-T82",
            "count": 10,
            "created_time": "2025-03-26T17:09:47.409018Z",
            "yes_price": 8,
            "no_price": 92,
            "taker_side": "no"
        },
        {
            "trade_id": "688b1850-aed7-4e35-978a-8bd44f98be33",
            "ticker": "KXHIGHAUS-25MAR26-T82",
            "count": 24,
            "created_time": "2025-03-26T17:09:47.253751Z",
            "yes_price": 8,
            "no_price": 92,
            "taker_side": "no"
        },
        {
            "trade_id": "82c3a93f-64fd-4d07-b289-f5cc2f2e14fa",
            "ticker": "KXHIGHAUS-25MAR26-T82",
            "count": 23,
            "created_time": "2025-03-26T17:06:10.549015Z",
            "yes_price": 8,
            "no_price": 92,
            "taker_side": "no"
        },
        {
            "trade_id": "8b09844a-e888-46f8-b728-ed343da45862",
            "ticker": "KXHIGHAUS-25MAR26-T82",
            "count": 3,
            "created_time": "2025-03-26T17:05:41.852294Z",
            "yes_price": 8,
            "no_price": 92,
            "taker_side": "no"
        },
        {
            "trade_id": "44feec4c-cdf1-471f-b6ab-b5158abf14f8",
            "ticker": "KXHIGHAUS-25MAR26-T82",
            "count": 100,
            "created_time": "2025-03-26T17:03:42.945965Z",
            "yes_price": 7,
            "no_price": 93,
            "taker_side": "no"
        },
        {
            "trade_id": "868c7f28-9ac1-4847-8dfd-fc31262c1d5c",
            "ticker": "KXHIGHAUS-25MAR26-T82",
            "count": 12,
            "created_time": "2025-03-26T17:01:47.881098Z",
            "yes_price": 23,
            "no_price": 77,
            "taker_side": "yes"
        },
        {
            "trade_id": "62a42a11-f500-4aa2-ac83-23c7c34dc824",
            "ticker": "KXHIGHAUS-25MAR26-T82",
            "count": 28,
            "created_time": "2025-03-26T17:01:47.881098Z",
            "yes_price": 24,
            "no_price": 76,
            "taker_side": "yes"
        },
        {
            "trade_id": "62af5b31-4ada-43bb-a028-4d89eb67fe12",
            "ticker": "KXHIGHAUS-25MAR26-T82",
            "count": 12,
            "created_time": "2025-03-26T16:55:05.064034Z",
            "yes_price": 8,
            "no_price": 92,
            "taker_side": "no"
        },
        {
            "trade_id": "faefd94b-cfbc-460f-a2e9-38612270d09e",
            "ticker": "KXHIGHAUS-25MAR26-T82",
            "count": 7,
            "created_time": "2025-03-26T16:54:57.324391Z",
            "yes_price": 8,
            "no_price": 92,
            "taker_side": "no"
        },
        {
            "trade_id": "e9579553-d243-4b34-bb0a-aa52bfc09b2d",
            "ticker": "KXHIGHAUS-25MAR26-T82",
            "count": 7,
            "created_time": "2025-03-26T16:51:50.885493Z",
            "yes_price": 11,
            "no_price": 89,
            "taker_side": "yes"
        },
        {
            "trade_id": "382eb484-d927-405d-b952-e3e79aa91253",
            "ticker": "KXHIGHAUS-25MAR26-T82",
            "count": 200,
            "created_time": "2025-03-26T16:44:24.270546Z",
            "yes_price": 9,
            "no_price": 91,
            "taker_side": "no"
        },
        {
            "trade_id": "e6445654-c294-4741-abcf-06d6d23d00a4",
            "ticker": "KXHIGHAUS-25MAR26-T82",
            "count": 20,
            "created_time": "2025-03-26T16:39:47.584182Z",
            "yes_price": 12,
            "no_price": 88,
            "taker_side": "yes"
        },
        {
            "trade_id": "dbf27807-f7fc-476b-90a5-615f467ae0bb",
            "ticker": "KXHIGHAUS-25MAR26-T82",
            "count": 19,
            "created_time": "2025-03-26T16:39:47.584182Z",
            "yes_price": 11,
            "no_price": 89,
            "taker_side": "yes"
        },
        {
            "trade_id": "1288eb30-6469-4751-abe1-570a6837c2d3",
            "ticker": "KXHIGHAUS-25MAR26-T82",
            "count": 9,
            "created_time": "2025-03-26T16:39:47.584182Z",
            "yes_price": 11,
            "no_price": 89,
            "taker_side": "yes"
        },
        {
            "trade_id": "17482cdb-d43b-4830-9c37-a04dab012983",
            "ticker": "KXHIGHAUS-25MAR26-T82",
            "count": 98,
            "created_time": "2025-03-26T16:35:19.059253Z",
            "yes_price": 10,
            "no_price": 90,
            "taker_side": "no"
        },
        {
            "trade_id": "e3fc4a08-eb37-4f7b-8738-a2509f3d610e",
            "ticker": "KXHIGHAUS-25MAR26-T82",
            "count": 1,
            "created_time": "2025-03-26T16:34:47.980311Z",
            "yes_price": 10,
            "no_price": 90,
            "taker_side": "no"
        },
        {
            "trade_id": "4f592607-cdeb-44a4-ad08-58bbcbb3c101",
            "ticker": "KXHIGHAUS-25MAR26-T82",
            "count": 1,
            "created_time": "2025-03-26T16:26:39.136678Z",
            "yes_price": 10,
            "no_price": 90,
            "taker_side": "no"
        },
        {
            "trade_id": "9a18b602-7c29-44fc-bf9f-5f47f69ff1d2",
            "ticker": "KXHIGHAUS-25MAR26-T82",
            "count": 11,
            "created_time": "2025-03-26T16:17:56.998807Z",
            "yes_price": 16,
            "no_price": 84,
            "taker_side": "yes"
        },
        {
            "trade_id": "ecea42a4-72db-4d7c-9682-cf7ca31a4c13",
            "ticker": "KXHIGHAUS-25MAR26-T82",
            "count": 92,
            "created_time": "2025-03-26T16:17:04.953882Z",
            "yes_price": 6,
            "no_price": 94,
            "taker_side": "no"
        },
        {
            "trade_id": "ebc7b708-0f77-4447-aff8-d51060120d77",
            "ticker": "KXHIGHAUS-25MAR26-T82",
            "count": 299,
            "created_time": "2025-03-26T16:17:04.953882Z",
            "yes_price": 12,
            "no_price": 88,
            "taker_side": "no"
        },
        {
            "trade_id": "24e70479-a521-4940-b2c4-7e3d3319f428",
            "ticker": "KXHIGHAUS-25MAR26-T82",
            "count": 19,
            "created_time": "2025-03-26T16:17:04.953882Z",
            "yes_price": 7,
            "no_price": 93,
            "taker_side": "no"
        },
        {
            "trade_id": "0b7bdef5-8ccf-4efc-9842-1c0334a029f7",
            "ticker": "KXHIGHAUS-25MAR26-T82",
            "count": 99,
            "created_time": "2025-03-26T16:17:04.953882Z",
            "yes_price": 15,
            "no_price": 85,
            "taker_side": "no"
        },
        {
            "trade_id": "ec5cce44-5066-4731-946f-0ed642e8fe46",
            "ticker": "KXHIGHAUS-25MAR26-T82",
            "count": 1,
            "created_time": "2025-03-26T16:00:14.638664Z",
            "yes_price": 15,
            "no_price": 85,
            "taker_side": "no"
        },
        {
            "trade_id": "328e4429-40c5-4e0f-b878-15ea9b05c365",
            "ticker": "KXHIGHAUS-25MAR26-T82",
            "count": 5,
            "created_time": "2025-03-26T15:58:20.742505Z",
            "yes_price": 16,
            "no_price": 84,
            "taker_side": "no"
        },
        {
            "trade_id": "5da2b9b8-21fb-4e20-a0fb-93fa0642fa2b",
            "ticker": "KXHIGHAUS-25MAR26-T82",
            "count": 9,
            "created_time": "2025-03-26T15:58:15.188249Z",
            "yes_price": 16,
            "no_price": 84,
            "taker_side": "no"
        },
        {
            "trade_id": "76140891-e6d8-457f-83f8-59b01509038f",
            "ticker": "KXHIGHAUS-25MAR26-T82",
            "count": 5,
            "created_time": "2025-03-26T15:57:05.440315Z",
            "yes_price": 24,
            "no_price": 76,
            "taker_side": "yes"
        },
        {
            "trade_id": "0b62ea16-e4e2-4d9c-a38b-404a9b6ca0a8",
            "ticker": "KXHIGHAUS-25MAR26-T82",
            "count": 333,
            "created_time": "2025-03-26T15:57:05.440315Z",
            "yes_price": 24,
            "no_price": 76,
            "taker_side": "yes"
        },
        {
            "trade_id": "3e11c15a-23a5-4b82-93b4-74b9fc0b85c2",
            "ticker": "KXHIGHAUS-25MAR26-T82",
            "count": 4,
            "created_time": "2025-03-26T15:55:45.6243Z",
            "yes_price": 21,
            "no_price": 79,
            "taker_side": "yes"
        },
        {
            "trade_id": "e557c055-1ccd-4952-8937-41bd9dd6c5ba",
            "ticker": "KXHIGHAUS-25MAR26-T82",
            "count": 139,
            "created_time": "2025-03-26T15:53:47.503355Z",
            "yes_price": 20,
            "no_price": 80,
