{
    "KXHIGHCHI-24DEC05-T24": [
        {
            "trade_id": "99fdf06a-d823-453a-8329-848a9738abc2",
            "ticker": "KXHIGHCHI-24DEC05-T24",
            "count": 34,
            "created_time": "2024-12-05T16:09:06.636803Z",
            "yes_price": 1,
            "no_price": 99,
            "taker_side": "yes"
        },
        {
            "trade_id": "5e1cd3e6-3ab3-4a17-9a20-c2e540f41862",
            "ticker": "KXHIGHCHI-24DEC05-T24",
            "count": 170,
            "created_time": "2024-12-05T16:09:06.636803Z",
            "yes_price": 1,
            "no_price": 99,
            "taker_side": "yes"
        },
        {
            "trade_id": "093ac494-2c39-49c6-b9bf-975be45e9361",
            "ticker": "KXHIGHCHI-24DEC05-T24",
            "count": 2500,
            "created_time": "2024-12-05T16:09:06.636803Z",
            "yes_price": 1,
            "no_price": 99,
            "taker_side": "yes"
        },
        {
            "trade_id": "5e231d90-1862-41a2-962f-181daf69224b",
            "ticker": "KXHIGHCHI-24DEC05-T24",
            "count": 4,
            "created_time": "2024-12-05T04:41:52.139495Z",
            "yes_price": 1,
            "no_price": 99,
            "taker_side": "no"
        },
        {
            "trade_id": "2696b914-e96b-4c8d-a829-1520b48dc20f",
            "ticker": "KXHIGHCHI-24DEC05-T24",
            "count": 66,
            "created_time": "2024-12-05T04:22:54.47997Z",
            "yes_price": 6,
            "no_price": 94,
            "taker_side": "yes"
        },
        {
            "trade_id": "188478d8-99f6-4ae6-a590-f58459f6d66a",
            "ticker": "KXHIGHCHI-24DEC05-T24",
            "count": 100,
            "created_time": "2024-12-05T04:22:54.46042Z",
            "yes_price": 4,
            "no_price": 96,
            "taker_side": "yes"
        },
        {
            "trade_id": "bf66741b-1d69-487d-8941-59d68c27c58e",
            "ticker": "KXHIGHCHI-24DEC05-T24",
            "count": 50,
            "created_time": "2024-12-05T02:58:27.224573Z",
            "yes_price": 1,
            "no_price": 99,
            "taker_side": "no"
        }
    ],
    "KXHIGHCHI-24DEC05-B24.5": [
        {
            "trade_id": "15d453c9-bf8a-4f43-a220-aeaaaf6619af",
            "ticker": "KXHIGHCHI-24DEC05-B24.5",
            "count": 40,
            "created_time": "2024-12-05T19:41:42.278703Z",
            "yes_price": 1,
            "no_price": 99,
            "taker_side": "yes"
        },
        {
            "trade_id": "8b9d7aae-85f1-4361-945f-da06a1abdf18",
            "ticker": "KXHIGHCHI-24DEC05-B24.5",
            "count": 294,
            "created_time": "2024-12-05T19:34:11.569767Z",
            "yes_price": 1,
            "no_price": 99,
            "taker_side": "yes"
        },
        {
            "trade_id": "0d956a87-32a3-4e58-8a95-55c989227b31",
            "ticker": "KXHIGHCHI-24DEC05-B24.5",
            "count": 40,
            "created_time": "2024-12-05T19:21:47.340333Z",
            "yes_price": 1,
            "no_price": 99,
            "taker_side": "yes"
        },
        {
            "trade_id": "c7f7102f-84ce-4b83-b7f9-a0e99e483e75",
            "ticker": "KXHIGHCHI-24DEC05-B24.5",
            "count": 18,
            "created_time": "2024-12-05T17:38:02.41945Z",
            "yes_price": 5,
            "no_price": 95,
            "taker_side": "yes"
        },
        {
            "trade_id": "ec017ecf-0a89-4d02-b25e-019bf1183222",
            "ticker": "KXHIGHCHI-24DEC05-B24.5",
            "count": 39,
            "created_time": "2024-12-05T17:34:47.425236Z",
            "yes_price": 1,
            "no_price": 99,
            "taker_side": "yes"
        },
        {
            "trade_id": "7ae26203-61cc-4f85-8cd8-e4e710f81d1a",
            "ticker": "KXHIGHCHI-24DEC05-B24.5",
            "count": 10,
            "created_time": "2024-12-05T17:34:47.425236Z",
            "yes_price": 5,
            "no_price": 95,
            "taker_side": "yes"
        },
        {
            "trade_id": "f011be8e-f066-45f5-b29f-8e1be53136f9",
            "ticker": "KXHIGHCHI-24DEC05-B24.5",
            "count": 18,
            "created_time": "2024-12-05T16:57:15.577647Z",
            "yes_price": 5,
            "no_price": 95,
            "taker_side": "yes"
        },
        {
            "trade_id": "62d48229-1b32-4f1d-93bc-c8736fe34c25",
            "ticker": "KXHIGHCHI-24DEC05-B24.5",
            "count": 15,
            "created_time": "2024-12-05T16:56:08.647855Z",
            "yes_price": 6,
            "no_price": 94,
            "taker_side": "yes"
        },
        {
            "trade_id": "f8310d8d-1e2e-4476-a932-c00b797955ed",
            "ticker": "KXHIGHCHI-24DEC05-B24.5",
            "count": 26,
            "created_time": "2024-12-05T16:43:57.909885Z",
            "yes_price": 5,
            "no_price": 95,
            "taker_side": "yes"
        },
        {
            "trade_id": "e699afd0-a8bd-4dbb-849e-e0b7856ff099",
            "ticker": "KXHIGHCHI-24DEC05-B24.5",
            "count": 211,
            "created_time": "2024-12-05T16:43:57.909885Z",
            "yes_price": 7,
            "no_price": 93,
            "taker_side": "yes"
        },
        {
            "trade_id": "e3804388-74a5-46cb-aeb2-92b56cf3f930",
            "ticker": "KXHIGHCHI-24DEC05-B24.5",
            "count": 180,
            "created_time": "2024-12-05T16:43:57.909885Z",
            "yes_price": 7,
            "no_price": 93,
            "taker_side": "yes"
        },
        {
            "trade_id": "cae93f25-47d2-4038-98ce-d4b80dd9ad4b",
            "ticker": "KXHIGHCHI-24DEC05-B24.5",
            "count": 200,
            "created_time": "2024-12-05T16:43:57.909885Z",
            "yes_price": 6,
            "no_price": 94,
            "taker_side": "yes"
        },
        {
            "trade_id": "728dea67-edb7-42c0-bb2e-869068d76e91",
            "ticker": "KXHIGHCHI-24DEC05-B24.5",
            "count": 40,
            "created_time": "2024-12-05T16:43:57.909885Z",
            "yes_price": 6,
            "no_price": 94,
            "taker_side": "yes"
        },
        {
            "trade_id": "68bcb29c-70d5-40a3-a31d-31829d4e701f",
            "ticker": "KXHIGHCHI-24DEC05-B24.5",
            "count": 20,
            "created_time": "2024-12-05T16:43:57.909885Z",
            "yes_price": 4,
            "no_price": 96,
            "taker_side": "yes"
        },
        {
            "trade_id": "62d992c3-b108-4157-8cec-b78efeaa40a4",
            "ticker": "KXHIGHCHI-24DEC05-B24.5",
            "count": 100,
            "created_time": "2024-12-05T16:43:57.909885Z",
            "yes_price": 3,
            "no_price": 97,
            "taker_side": "yes"
        },
        {
            "trade_id": "80fff8ba-e0f0-4ca3-befb-3783fb88dab2",
            "ticker": "KXHIGHCHI-24DEC05-B24.5",
            "count": 221,
            "created_time": "2024-12-05T16:37:25.523756Z",
            "yes_price": 2,
            "no_price": 98,
            "taker_side": "no"
        },
        {
            "trade_id": "d93e564c-5447-43d0-a616-b624fceb31a0",
            "ticker": "KXHIGHCHI-24DEC05-B24.5",
            "count": 100,
            "created_time": "2024-12-05T16:37:02.071595Z",
            "yes_price": 2,
            "no_price": 98,
            "taker_side": "no"
        },
        {
            "trade_id": "8aa229f0-8cc3-4b6a-964c-de48e7a70145",
            "ticker": "KXHIGHCHI-24DEC05-B24.5",
            "count": 179,
            "created_time": "2024-12-05T16:30:23.927808Z",
            "yes_price": 2,
            "no_price": 98,
            "taker_side": "no"
        },
        {
            "trade_id": "0e2a2e29-61ad-49e4-8e68-c1759ab6a9c4",
            "ticker": "KXHIGHCHI-24DEC05-B24.5",
            "count": 8,
            "created_time": "2024-12-05T16:30:23.876278Z",
            "yes_price": 3,
            "no_price": 97,
            "taker_side": "no"
        },
        {
            "trade_id": "d3d2177b-7fc3-46b5-8002-e09a6045d485",
            "ticker": "KXHIGHCHI-24DEC05-B24.5",
            "count": 73,
            "created_time": "2024-12-05T16:11:35.590894Z",
            "yes_price": 5,
            "no_price": 95,
            "taker_side": "yes"
        },
        {
            "trade_id": "20968c7d-9038-4b87-a67c-06257e4a6fa6",
            "ticker": "KXHIGHCHI-24DEC05-B24.5",
            "count": 52,
            "created_time": "2024-12-05T16:11:11.156405Z",
            "yes_price": 5,
            "no_price": 95,
            "taker_side": "yes"
        },
        {
            "trade_id": "fece5f0b-3b6f-45b0-9f79-6f0fb2c99a2e",
            "ticker": "KXHIGHCHI-24DEC05-B24.5",
            "count": 10,
            "created_time": "2024-12-05T16:11:11.1362Z",
            "yes_price": 4,
            "no_price": 96,
            "taker_side": "yes"
        },
        {
            "trade_id": "37eed6ab-66b5-4d42-896a-3ae01a617ec5",
            "ticker": "KXHIGHCHI-24DEC05-B24.5",
            "count": 125,
            "created_time": "2024-12-05T16:11:11.1362Z",
            "yes_price": 4,
            "no_price": 96,
            "taker_side": "yes"
        },
        {
            "trade_id": "8bd7750b-8494-4167-8c56-15f380d4358a",
            "ticker": "KXHIGHCHI-24DEC05-B24.5",
            "count": 92,
            "created_time": "2024-12-05T16:04:58.210069Z",
            "yes_price": 3,
            "no_price": 97,
            "taker_side": "yes"
        },
        {
            "trade_id": "ef8b109b-5ae4-499c-83d5-6f82aa9b39b7",
            "ticker": "KXHIGHCHI-24DEC05-B24.5",
            "count": 23,
            "created_time": "2024-12-05T16:02:47.948058Z",
            "yes_price": 1,
            "no_price": 99,
            "taker_side": "yes"
        },
        {
            "trade_id": "68ec3197-6d41-4f84-91ff-f6be9af2c5da",
            "ticker": "KXHIGHCHI-24DEC05-B24.5",
            "count": 23,
            "created_time": "2024-12-05T16:02:47.948058Z",
            "yes_price": 1,
            "no_price": 99,
            "taker_side": "yes"
        },
        {
            "trade_id": "762ccb1a-7a5e-448c-a03a-f1407fed4208",
            "ticker": "KXHIGHCHI-24DEC05-B24.5",
            "count": 5,
            "created_time": "2024-12-05T07:35:50.325556Z",
            "yes_price": 1,
            "no_price": 99,
            "taker_side": "no"
        },
        {
            "trade_id": "f88b8c97-8685-424c-b6e5-786e888f99df",
            "ticker": "KXHIGHCHI-24DEC05-B24.5",
            "count": 10,
            "created_time": "2024-12-05T07:34:19.799224Z",
            "yes_price": 1,
            "no_price": 99,
            "taker_side": "no"
        },
        {
            "trade_id": "77d9a1e8-0427-438e-a244-52e03cff4ec1",
            "ticker": "KXHIGHCHI-24DEC05-B24.5",
            "count": 2,
            "created_time": "2024-12-05T06:48:57.388128Z",
            "yes_price": 4,
            "no_price": 96,
            "taker_side": "yes"
        },
        {
            "trade_id": "dfc1c82f-dc33-4aae-bf80-9a7545b4e8e3",
            "ticker": "KXHIGHCHI-24DEC05-B24.5",
            "count": 19,
            "created_time": "2024-12-05T06:48:35.352979Z",
            "yes_price": 1,
            "no_price": 99,
            "taker_side": "no"
        },
        {
            "trade_id": "a5694598-8cf4-46ff-a97d-c9241514f224",
            "ticker": "KXHIGHCHI-24DEC05-B24.5",
            "count": 4,
            "created_time": "2024-12-05T06:02:39.141265Z",
            "yes_price": 1,
            "no_price": 99,
            "taker_side": "no"
        },
        {
            "trade_id": "0a416c2c-efa3-48bc-a425-98539e9a5e24",
            "ticker": "KXHIGHCHI-24DEC05-B24.5",
            "count": 3,
            "created_time": "2024-12-05T05:53:11.704571Z",
            "yes_price": 1,
            "no_price": 99,
            "taker_side": "no"
        },
        {
            "trade_id": "9dba62e6-5310-4da2-88de-3ea4cf24e315",
            "ticker": "KXHIGHCHI-24DEC05-B24.5",
            "count": 1,
            "created_time": "2024-12-05T05:24:36.320416Z",
            "yes_price": 7,
            "no_price": 93,
            "taker_side": "yes"
        },
        {
            "trade_id": "4345ed5f-c670-40ad-9825-1a15e0f713d6",
            "ticker": "KXHIGHCHI-24DEC05-B24.5",
            "count": 9,
            "created_time": "2024-12-05T04:41:35.240313Z",
            "yes_price": 1,
            "no_price": 99,
            "taker_side": "no"
        },
        {
            "trade_id": "03683efb-f0c4-406a-924d-81e94cb8c06f",
            "ticker": "KXHIGHCHI-24DEC05-B24.5",
            "count": 1,
            "created_time": "2024-12-05T04:41:35.240313Z",
            "yes_price": 2,
            "no_price": 98,
            "taker_side": "no"
        },
        {
            "trade_id": "c0b68115-b0d6-436b-b818-bbfc94986128",
            "ticker": "KXHIGHCHI-24DEC05-B24.5",
            "count": 114,
            "created_time": "2024-12-05T04:22:51.635132Z",
            "yes_price": 7,
            "no_price": 93,
            "taker_side": "yes"
        },
        {
            "trade_id": "59cb03d1-1cb6-4ab1-9d68-f5daf7a9dd31",
            "ticker": "KXHIGHCHI-24DEC05-B24.5",
            "count": 100,
            "created_time": "2024-12-05T02:56:50.542923Z",
            "yes_price": 7,
            "no_price": 93,
            "taker_side": "yes"
        },
        {
            "trade_id": "303e2afc-3681-459b-9d76-77454ccc29f3",
            "ticker": "KXHIGHCHI-24DEC05-B24.5",
            "count": 100,
            "created_time": "2024-12-04T22:32:46.608414Z",
            "yes_price": 4,
            "no_price": 96,
            "taker_side": "yes"
        },
        {
            "trade_id": "0fa89e45-6c1b-41f0-92fa-6efd5efea6aa",
            "ticker": "KXHIGHCHI-24DEC05-B24.5",
            "count": 51,
            "created_time": "2024-12-04T22:32:46.608414Z",
            "yes_price": 5,
            "no_price": 95,
            "taker_side": "yes"
        },
        {
            "trade_id": "dedc80db-f2c0-4fd7-9c40-abf755d394fb",
            "ticker": "KXHIGHCHI-24DEC05-B24.5",
            "count": 240,
            "created_time": "2024-12-04T15:15:40.961624Z",
            "yes_price": 3,
            "no_price": 97,
            "taker_side": "no"
        }
    ],
    "KXHIGHCHI-24DEC05-B26.5": [
        {
            "trade_id": "7283e1e3-eb03-4420-b125-f1266335775a",
            "ticker": "KXHIGHCHI-24DEC05-B26.5",
            "count": 435,
            "created_time": "2024-12-06T03:16:44.759383Z",
            "yes_price": 1,
            "no_price": 99,
            "taker_side": "yes"
        },
        {
            "trade_id": "925a1380-699b-458d-8b2f-d19084d4e5c5",
            "ticker": "KXHIGHCHI-24DEC05-B26.5",
            "count": 500,
            "created_time": "2024-12-05T20:54:30.512257Z",
            "yes_price": 1,
            "no_price": 99,
            "taker_side": "yes"
        },
        {
            "trade_id": "3da6c3a6-29e6-4a9e-a2b0-89f6f3788a59",
            "ticker": "KXHIGHCHI-24DEC05-B26.5",
            "count": 157,
            "created_time": "2024-12-05T20:15:58.888958Z",
            "yes_price": 1,
            "no_price": 99,
            "taker_side": "yes"
        },
        {
            "trade_id": "b24b03d2-ef4a-4b8e-ad69-d5552982999d",
            "ticker": "KXHIGHCHI-24DEC05-B26.5",
            "count": 78,
            "created_time": "2024-12-05T20:13:59.267036Z",
            "yes_price": 1,
            "no_price": 99,
            "taker_side": "yes"
        },
        {
            "trade_id": "d15a2340-08cc-4506-a623-4562ca3145dc",
            "ticker": "KXHIGHCHI-24DEC05-B26.5",
            "count": 10,
            "created_time": "2024-12-05T19:52:19.020038Z",
            "yes_price": 1,
            "no_price": 99,
            "taker_side": "yes"
        },
        {
            "trade_id": "6567e11d-f102-4266-af4b-ba606e877580",
            "ticker": "KXHIGHCHI-24DEC05-B26.5",
            "count": 182,
            "created_time": "2024-12-05T19:42:44.210121Z",
            "yes_price": 1,
            "no_price": 99,
            "taker_side": "yes"
        },
        {
            "trade_id": "89f85109-4bd5-406a-89ae-95f64d3a83c8",
            "ticker": "KXHIGHCHI-24DEC05-B26.5",
            "count": 40,
            "created_time": "2024-12-05T19:41:42.496775Z",
            "yes_price": 1,
            "no_price": 99,
            "taker_side": "yes"
        },
        {
            "trade_id": "a2e34c2a-ea7d-4723-b22c-55e6dbdf48ed",
            "ticker": "KXHIGHCHI-24DEC05-B26.5",
            "count": 37,
            "created_time": "2024-12-05T19:41:42.385746Z",
            "yes_price": 1,
            "no_price": 99,
            "taker_side": "yes"
        },
        {
            "trade_id": "fba03caf-e020-4605-b895-a3b7bdc0e32a",
            "ticker": "KXHIGHCHI-24DEC05-B26.5",
            "count": 91,
            "created_time": "2024-12-05T19:28:16.080673Z",
            "yes_price": 1,
            "no_price": 99,
            "taker_side": "yes"
        },
        {
            "trade_id": "a0fe33ed-364b-4c92-acfc-62a2aedf9055",
            "ticker": "KXHIGHCHI-24DEC05-B26.5",
            "count": 40,
            "created_time": "2024-12-05T19:21:48.053747Z",
            "yes_price": 1,
            "no_price": 99,
            "taker_side": "yes"
        },
        {
            "trade_id": "74b201f9-5e1e-40a5-99ef-24038f1a5411",
            "ticker": "KXHIGHCHI-24DEC05-B26.5",
            "count": 40,
            "created_time": "2024-12-05T19:21:47.682308Z",
            "yes_price": 1,
            "no_price": 99,
            "taker_side": "yes"
        },
        {
            "trade_id": "cd5bbfdd-9de9-40fe-8e6a-dcefce09779b",
            "ticker": "KXHIGHCHI-24DEC05-B26.5",
            "count": 1870,
            "created_time": "2024-12-05T19:13:35.521962Z",
            "yes_price": 1,
            "no_price": 99,
            "taker_side": "yes"
        },
        {
            "trade_id": "a5722889-7433-432c-a22d-ab11ec60596c",
            "ticker": "KXHIGHCHI-24DEC05-B26.5",
            "count": 120,
            "created_time": "2024-12-05T19:12:13.020439Z",
            "yes_price": 2,
            "no_price": 98,
            "taker_side": "no"
        },
        {
            "trade_id": "9bb30aba-e232-415c-977c-eec7b8109b91",
            "ticker": "KXHIGHCHI-24DEC05-B26.5",
            "count": 40,
            "created_time": "2024-12-05T19:12:13.020439Z",
            "yes_price": 2,
            "no_price": 98,
            "taker_side": "no"
        },
        {
            "trade_id": "6faa2d73-95e8-4779-83a1-98a12bce409c",
            "ticker": "KXHIGHCHI-24DEC05-B26.5",
            "count": 120,
            "created_time": "2024-12-05T19:12:13.020439Z",
            "yes_price": 1,
            "no_price": 99,
            "taker_side": "no"
        },
        {
            "trade_id": "3e40acd4-6d1f-475e-99fe-07a677a48a01",
            "ticker": "KXHIGHCHI-24DEC05-B26.5",
            "count": 500,
            "created_time": "2024-12-05T19:12:13.020439Z",
            "yes_price": 1,
            "no_price": 99,
            "taker_side": "no"
        },
        {
            "trade_id": "24452e94-3039-48fa-b64a-5eb06adb367c",
            "ticker": "KXHIGHCHI-24DEC05-B26.5",
            "count": 129,
            "created_time": "2024-12-05T19:12:13.020439Z",
            "yes_price": 1,
            "no_price": 99,
            "taker_side": "no"
        },
        {
            "trade_id": "04490f55-d4c8-4e80-90b4-4cafef2edece",
            "ticker": "KXHIGHCHI-24DEC05-B26.5",
            "count": 40,
            "created_time": "2024-12-05T19:12:13.020439Z",
            "yes_price": 1,
            "no_price": 99,
            "taker_side": "no"
        },
        {
            "trade_id": "8dde1f3f-56f3-4eee-ab8f-b3d2141e7fbc",
            "ticker": "KXHIGHCHI-24DEC05-B26.5",
            "count": 40,
            "created_time": "2024-12-05T19:10:07.654711Z",
            "yes_price": 1,
            "no_price": 99,
            "taker_side": "no"
        },
        {
            "trade_id": "c754a325-cff1-4f61-b5a7-aa1521f5a217",
            "ticker": "KXHIGHCHI-24DEC05-B26.5",
            "count": 29,
            "created_time": "2024-12-05T18:57:42.774249Z",
            "yes_price": 3,
            "no_price": 97,
            "taker_side": "no"
        },
        {
            "trade_id": "840e525a-3fac-474e-8845-dd88d7b1d9bf",
            "ticker": "KXHIGHCHI-24DEC05-B26.5",
            "count": 31,
            "created_time": "2024-12-05T18:57:42.774249Z",
            "yes_price": 2,
            "no_price": 98,
            "taker_side": "no"
        },
        {
            "trade_id": "a2edb91e-95d6-4fd1-b9b0-70f5c0fb8b16",
            "ticker": "KXHIGHCHI-24DEC05-B26.5",
            "count": 10,
            "created_time": "2024-12-05T18:49:34.694384Z",
            "yes_price": 1,
            "no_price": 99,
            "taker_side": "no"
        },
        {
            "trade_id": "4a0f9fff-e02e-4cc2-9a1a-5440afe3190f",
            "ticker": "KXHIGHCHI-24DEC05-B26.5",
            "count": 30,
            "created_time": "2024-12-05T18:49:34.694384Z",
            "yes_price": 1,
            "no_price": 99,
            "taker_side": "no"
        },
        {
            "trade_id": "c9edcc0a-7fb8-4ac4-b01b-c6d1ed380488",
            "ticker": "KXHIGHCHI-24DEC05-B26.5",
            "count": 1,
            "created_time": "2024-12-05T18:49:10.459141Z",
            "yes_price": 1,
            "no_price": 99,
            "taker_side": "no"
        },
        {
            "trade_id": "c88d6d2d-c0e5-449f-9143-1f8615c1d176",
            "ticker": "KXHIGHCHI-24DEC05-B26.5",
            "count": 24,
            "created_time": "2024-12-05T18:48:59.421136Z",
            "yes_price": 2,
            "no_price": 98,
            "taker_side": "no"
        },
        {
            "trade_id": "4e33d8dc-f284-4778-8c7a-6c12ac6e8915",
            "ticker": "KXHIGHCHI-24DEC05-B26.5",
            "count": 32,
            "created_time": "2024-12-05T18:48:17.054916Z",
            "yes_price": 4,
            "no_price": 96,
            "taker_side": "no"
        },
        {
            "trade_id": "4c6762cc-8cc5-496a-8c63-de877403ab2c",
            "ticker": "KXHIGHCHI-24DEC05-B26.5",
            "count": 19,
            "created_time": "2024-12-05T18:48:17.054916Z",
            "yes_price": 1,
            "no_price": 99,
            "taker_side": "no"
        },
        {
            "trade_id": "bb592275-b368-4f8b-a4ca-76a75bd9665c",
            "ticker": "KXHIGHCHI-24DEC05-B26.5",
            "count": 58,
            "created_time": "2024-12-05T18:47:54.931304Z",
            "yes_price": 7,
            "no_price": 93,
            "taker_side": "no"
        },
        {
            "trade_id": "a8301cd3-8603-4861-9c8f-5454d4db77b3",
            "ticker": "KXHIGHCHI-24DEC05-B26.5",
            "count": 40,
            "created_time": "2024-12-05T18:47:54.931304Z",
            "yes_price": 6,
            "no_price": 94,
            "taker_side": "no"
        },
        {
            "trade_id": "76b8feb4-1216-4880-9c5b-db13f45def6f",
            "ticker": "KXHIGHCHI-24DEC05-B26.5",
            "count": 8,
            "created_time": "2024-12-05T18:47:54.931304Z",
            "yes_price": 4,
            "no_price": 96,
            "taker_side": "no"
        },
        {
            "trade_id": "d14a8612-1a50-4793-8559-3597460c5205",
            "ticker": "KXHIGHCHI-24DEC05-B26.5",
            "count": 25,
            "created_time": "2024-12-05T18:41:58.252584Z",
            "yes_price": 8,
            "no_price": 92,
            "taker_side": "yes"
        },
        {
            "trade_id": "d9335183-d381-46f3-b077-d75a36fb44bd",
            "ticker": "KXHIGHCHI-24DEC05-B26.5",
            "count": 3,
            "created_time": "2024-12-05T18:34:45.28936Z",
            "yes_price": 8,
            "no_price": 92,
            "taker_side": "yes"
        },
        {
            "trade_id": "a960e16d-ee79-4f39-bd73-a0628cebc6fb",
            "ticker": "KXHIGHCHI-24DEC05-B26.5",
            "count": 75,
            "created_time": "2024-12-05T18:34:45.28936Z",
            "yes_price": 8,
            "no_price": 92,
            "taker_side": "yes"
        },
        {
            "trade_id": "da01a0cc-c04c-4904-b11d-c817f725d765",
            "ticker": "KXHIGHCHI-24DEC05-B26.5",
            "count": 8,
            "created_time": "2024-12-05T18:25:22.170318Z",
            "yes_price": 6,
            "no_price": 94,
            "taker_side": "no"
        },
        {
            "trade_id": "4055037a-78f2-41df-b80a-f3aab988b3af",
            "ticker": "KXHIGHCHI-24DEC05-B26.5",
            "count": 60,
            "created_time": "2024-12-05T18:25:22.170318Z",
            "yes_price": 10,
            "no_price": 90,
            "taker_side": "no"
        },
        {
            "trade_id": "0fbe998d-1a1f-4acd-8c4d-657a059de265",
            "ticker": "KXHIGHCHI-24DEC05-B26.5",
            "count": 23,
            "created_time": "2024-12-05T18:25:22.170318Z",
            "yes_price": 11,
            "no_price": 89,
            "taker_side": "no"
        },
        {
            "trade_id": "f24e35bf-6889-4d5c-a010-4f3e435ff400",
            "ticker": "KXHIGHCHI-24DEC05-B26.5",
            "count": 23,
            "created_time": "2024-12-05T18:18:41.86782Z",
            "yes_price": 23,
            "no_price": 77,
            "taker_side": "yes"
        },
        {
            "trade_id": "80b27896-8a31-4167-84f0-caf925bc9264",
            "ticker": "KXHIGHCHI-24DEC05-B26.5",
            "count": 66,
            "created_time": "2024-12-05T18:18:41.86782Z",
            "yes_price": 26,
            "no_price": 74,
            "taker_side": "yes"
        },
        {
            "trade_id": "0aac8821-464e-4c63-a484-aa66636271a8",
            "ticker": "KXHIGHCHI-24DEC05-B26.5",
            "count": 100,
            "created_time": "2024-12-05T18:18:41.86782Z",
            "yes_price": 25,
            "no_price": 75,
            "taker_side": "yes"
        },
        {
            "trade_id": "aaad0e71-1c85-47c0-bb5a-95123fc6b3f5",
            "ticker": "KXHIGHCHI-24DEC05-B26.5",
            "count": 130,
            "created_time": "2024-12-05T18:14:48.123246Z",
            "yes_price": 22,
            "no_price": 78,
            "taker_side": "no"
        },
        {
            "trade_id": "09b33769-e8a2-456c-96a6-b5672a342439",
            "ticker": "KXHIGHCHI-24DEC05-B26.5",
            "count": 1,
            "created_time": "2024-12-05T18:05:42.820825Z",
            "yes_price": 26,
            "no_price": 74,
            "taker_side": "yes"
        },
        {
            "trade_id": "e9f4447a-49bd-4218-8132-661ffb4f5325",
            "ticker": "KXHIGHCHI-24DEC05-B26.5",
            "count": 396,
            "created_time": "2024-12-05T17:58:24.120887Z",
            "yes_price": 25,
            "no_price": 75,
            "taker_side": "yes"
        },
        {
            "trade_id": "7dd0c9f5-2183-4580-8f0d-99a9f2f276ac",
            "ticker": "KXHIGHCHI-24DEC05-B26.5",
            "count": 14,
            "created_time": "2024-12-05T17:58:24.120887Z",
            "yes_price": 30,
            "no_price": 70,
            "taker_side": "yes"
        },
        {
            "trade_id": "a71291bb-94e8-4789-972c-90bd4cc7ddcc",
            "ticker": "KXHIGHCHI-24DEC05-B26.5",
            "count": 19,
            "created_time": "2024-12-05T17:52:53.957982Z",
            "yes_price": 25,
            "no_price": 75,
            "taker_side": "yes"
        },
        {
            "trade_id": "505f8e7c-02a5-4b86-beb9-064edac93d51",
            "ticker": "KXHIGHCHI-24DEC05-B26.5",
            "count": 25,
            "created_time": "2024-12-05T17:49:40.377084Z",
            "yes_price": 25,
            "no_price": 75,
            "taker_side": "yes"
        },
        {
            "trade_id": "d92596cb-ebc5-4289-af58-623b98b39a68",
            "ticker": "KXHIGHCHI-24DEC05-B26.5",
            "count": 60,
            "created_time": "2024-12-05T17:47:42.105455Z",
            "yes_price": 25,
            "no_price": 75,
            "taker_side": "yes"
        },
        {
            "trade_id": "f82e7ec8-7da1-4182-8ac8-322ec04ff7d9",
            "ticker": "KXHIGHCHI-24DEC05-B26.5",
            "count": 50,
            "created_time": "2024-12-05T17:46:53.561988Z",
            "yes_price": 21,
            "no_price": 79,
            "taker_side": "no"
        },
        {
            "trade_id": "d27bb288-f0a0-4ff4-8aa0-622bfa659b24",
            "ticker": "KXHIGHCHI-24DEC05-B26.5",
            "count": 13,
            "created_time": "2024-12-05T17:45:00.23495Z",
            "yes_price": 30,
            "no_price": 70,
            "taker_side": "yes"
        },
        {
            "trade_id": "bf784e6d-c9e2-438d-b1f9-b8e33d27d07c",
            "ticker": "KXHIGHCHI-24DEC05-B26.5",
            "count": 25,
            "created_time": "2024-12-05T17:45:00.23495Z",
            "yes_price": 30,
            "no_price": 70,
            "taker_side": "yes"
        },
        {
            "trade_id": "7b7c61df-5355-4c17-91a1-298b2a58be91",
            "ticker": "KXHIGHCHI-24DEC05-B26.5",
            "count": 13,
            "created_time": "2024-12-05T17:45:00.23495Z",
            "yes_price": 29,
            "no_price": 71,
            "taker_side": "yes"
        },
        {
            "trade_id": "1f52b51a-487f-4c64-b0ba-0b46dd9921a3",
            "ticker": "KXHIGHCHI-24DEC05-B26.5",
            "count": 10,
            "created_time": "2024-12-05T17:45:00.23495Z",
            "yes_price": 36,
            "no_price": 64,
            "taker_side": "yes"
        },
        {
            "trade_id": "74c120aa-7cae-4dee-a47e-8619590b7e6a",
            "ticker": "KXHIGHCHI-24DEC05-B26.5",
            "count": 9,
            "created_time": "2024-12-05T17:41:12.019541Z",
            "yes_price": 30,
            "no_price": 70,
            "taker_side": "yes"
        },
        {
            "trade_id": "621e09b1-247e-4348-8a31-3eb521bc4467",
            "ticker": "KXHIGHCHI-24DEC05-B26.5",
            "count": 3,
            "created_time": "2024-12-05T17:41:12.019541Z",
            "yes_price": 30,
            "no_price": 70,
            "taker_side": "yes"
        },
        {
            "trade_id": "67ee1ffa-1764-499f-9263-ddc07f1d998c",
            "ticker": "KXHIGHCHI-24DEC05-B26.5",
            "count": 24,
            "created_time": "2024-12-05T17:37:07.875218Z",
            "yes_price": 30,
            "no_price": 70,
            "taker_side": "yes"
        },
        {
            "trade_id": "41de934b-c5ee-4f4f-a673-9b65feee3d27",
            "ticker": "KXHIGHCHI-24DEC05-B26.5",
            "count": 1,
            "created_time": "2024-12-05T17:37:07.875218Z",
            "yes_price": 30,
            "no_price": 70,
            "taker_side": "yes"
        },
        {
            "trade_id": "130d0181-88ea-4fd9-9686-f3f596fd52e3",
            "ticker": "KXHIGHCHI-24DEC05-B26.5",
            "count": 6,
            "created_time": "2024-12-05T17:36:28.276558Z",
            "yes_price": 30,
            "no_price": 70,
            "taker_side": "yes"
        },
        {
            "trade_id": "9e4ca6c4-2b31-4872-95cd-582bc2ecef83",
            "ticker": "KXHIGHCHI-24DEC05-B26.5",
            "count": 23,
            "created_time": "2024-12-05T17:32:27.459015Z",
            "yes_price": 33,
            "no_price": 67,
            "taker_side": "yes"
        },
        {
            "trade_id": "9becafe8-a3b9-44f0-89cf-21eccb7d8509",
            "ticker": "KXHIGHCHI-24DEC05-B26.5",
            "count": 25,
            "created_time": "2024-12-05T17:32:27.459015Z",
            "yes_price": 32,
            "no_price": 68,
            "taker_side": "yes"
        },
        {
            "trade_id": "9b977e38-5b87-45f1-8e79-7a149493d710",
            "ticker": "KXHIGHCHI-24DEC05-B26.5",
            "count": 28,
            "created_time": "2024-12-05T17:32:27.459015Z",
            "yes_price": 30,
            "no_price": 70,
            "taker_side": "yes"
        },
        {
            "trade_id": "970b7fd5-136a-48f4-8599-8cc50445cc57",
            "ticker": "KXHIGHCHI-24DEC05-B26.5",
            "count": 39,
            "created_time": "2024-12-05T17:32:27.459015Z",
            "yes_price": 31,
            "no_price": 69,
            "taker_side": "yes"
        },
        {
            "trade_id": "2bcfed65-5af6-4c8d-8ee4-7b5b456ce110",
            "ticker": "KXHIGHCHI-24DEC05-B26.5",
            "count": 85,
            "created_time": "2024-12-05T17:32:27.459015Z",
            "yes_price": 37,
            "no_price": 63,
            "taker_side": "yes"
        },
        {
            "trade_id": "237e73f5-6b8a-4965-a2f3-6375f143d3d6",
            "ticker": "KXHIGHCHI-24DEC05-B26.5",
            "count": 92,
            "created_time": "2024-12-05T17:32:27.459015Z",
            "yes_price": 30,
            "no_price": 70,
            "taker_side": "yes"
        },
        {
            "trade_id": "a4f29d23-3ab0-4f50-9b93-737663e252c9",
            "ticker": "KXHIGHCHI-24DEC05-B26.5",
            "count": 30,
            "created_time": "2024-12-05T17:31:32.888622Z",
            "yes_price": 22,
            "no_price": 78,
            "taker_side": "no"
        },
        {
            "trade_id": "0bb8c9bf-649a-4288-b8f2-1e050b6cdfd3",
            "ticker": "KXHIGHCHI-24DEC05-B26.5",
            "count": 70,
            "created_time": "2024-12-05T17:31:32.888622Z",
            "yes_price": 22,
            "no_price": 78,
            "taker_side": "no"
        },
        {
            "trade_id": "28c5b713-e074-449f-9dd9-aca816a03fb3",
            "ticker": "KXHIGHCHI-24DEC05-B26.5",
            "count": 25,
            "created_time": "2024-12-05T17:22:39.574658Z",
            "yes_price": 29,
            "no_price": 71,
            "taker_side": "yes"
        },
        {
            "trade_id": "034d4b3b-416b-4e7f-88cb-70531e5576a9",
            "ticker": "KXHIGHCHI-24DEC05-B26.5",
            "count": 46,
            "created_time": "2024-12-05T17:22:16.179248Z",
            "yes_price": 26,
            "no_price": 74,
            "taker_side": "yes"
        },
        {
            "trade_id": "0af6afcb-2489-4145-9377-1b0f0d4c33b6",
            "ticker": "KXHIGHCHI-24DEC05-B26.5",
            "count": 15,
            "created_time": "2024-12-05T17:12:32.840849Z",
            "yes_price": 26,
            "no_price": 74,
            "taker_side": "yes"
        },
        {
            "trade_id": "e79166c0-b80a-4935-908a-b8462c9bcbfc",
            "ticker": "KXHIGHCHI-24DEC05-B26.5",
            "count": 16,
            "created_time": "2024-12-05T17:12:00.247352Z",
            "yes_price": 25,
            "no_price": 75,
            "taker_side": "yes"
        },
        {
            "trade_id": "b890ddcd-e6e2-4c1c-8f8e-45de37c7ba36",
            "ticker": "KXHIGHCHI-24DEC05-B26.5",
            "count": 9,
            "created_time": "2024-12-05T17:12:00.247352Z",
            "yes_price": 26,
            "no_price": 74,
            "taker_side": "yes"
        },
        {
            "trade_id": "4f3c97af-3221-4d25-bcdc-4f705d12263e",
            "ticker": "KXHIGHCHI-24DEC05-B26.5",
            "count": 73,
            "created_time": "2024-12-05T17:08:49.847888Z",
            "yes_price": 26,
            "no_price": 74,
            "taker_side": "yes"
        },
        {
            "trade_id": "b83d460a-f52e-4f73-9634-27424a3ecaf8",
            "ticker": "KXHIGHCHI-24DEC05-B26.5",
            "count": 25,
            "created_time": "2024-12-05T17:08:19.886129Z",
            "yes_price": 26,
            "no_price": 74,
            "taker_side": "yes"
        },
        {
            "trade_id": "7116ad22-21e4-4ae5-9cf6-dacf3b968cbf",
            "ticker": "KXHIGHCHI-24DEC05-B26.5",
            "count": 2,
            "created_time": "2024-12-05T17:02:36.982028Z",
            "yes_price": 25,
            "no_price": 75,
            "taker_side": "yes"
        },
        {
            "trade_id": "46921aba-6bb0-4799-9929-32bff6e312ed",
            "ticker": "KXHIGHCHI-24DEC05-B26.5",
            "count": 7,
            "created_time": "2024-12-05T16:57:40.604959Z",
            "yes_price": 25,
            "no_price": 75,
            "taker_side": "yes"
        },
        {
            "trade_id": "b4fb4f54-4e3d-4369-9b1e-b486ff8f5f89",
            "ticker": "KXHIGHCHI-24DEC05-B26.5",
            "count": 11,
            "created_time": "2024-12-05T16:56:26.441556Z",
            "yes_price": 25,
            "no_price": 75,
            "taker_side": "yes"
        },
        {
            "trade_id": "2903373a-bc25-4b0f-88e4-aa0025ce9942",
            "ticker": "KXHIGHCHI-24DEC05-B26.5",
            "count": 182,
            "created_time": "2024-12-05T16:44:50.420619Z",
            "yes_price": 26,
            "no_price": 74,
            "taker_side": "yes"
        },
        {
            "trade_id": "1196010c-a5c9-42b1-a14b-13e16577200e",
            "ticker": "KXHIGHCHI-24DEC05-B26.5",
            "count": 50,
            "created_time": "2024-12-05T16:42:12.818028Z",
            "yes_price": 26,
            "no_price": 74,
            "taker_side": "yes"
        },
        {
            "trade_id": "01227dac-a45b-40ca-85ad-651d4cd6cf23",
            "ticker": "KXHIGHCHI-24DEC05-B26.5",
            "count": 31,
            "created_time": "2024-12-05T16:19:55.658885Z",
            "yes_price": 30,
            "no_price": 70,
            "taker_side": "yes"
        },
        {
            "trade_id": "8b244a27-7397-42dd-b33e-09117eb03f9f",
            "ticker": "KXHIGHCHI-24DEC05-B26.5",
            "count": 127,
            "created_time": "2024-12-05T16:18:17.176313Z",
            "yes_price": 30,
            "no_price": 70,
            "taker_side": "yes"
        },
        {
            "trade_id": "eef23411-dd44-454d-aa40-5a1656351160",
            "ticker": "KXHIGHCHI-24DEC05-B26.5",
            "count": 15,
            "created_time": "2024-12-05T16:14:58.092706Z",
            "yes_price": 30,
            "no_price": 70,
            "taker_side": "yes"
        },
        {
            "trade_id": "02918cc0-b0f6-418f-abc9-503da2923b61",
            "ticker": "KXHIGHCHI-24DEC05-B26.5",
            "count": 75,
            "created_time": "2024-12-05T16:11:32.201855Z",
            "yes_price": 30,
            "no_price": 70,
            "taker_side": "yes"
        },
        {
            "trade_id": "7dce722f-518b-4b1b-acb9-396c5f1b0b03",
            "ticker": "KXHIGHCHI-24DEC05-B26.5",
            "count": 10,
            "created_time": "2024-12-05T16:05:21.181806Z",
            "yes_price": 30,
            "no_price": 70,
            "taker_side": "yes"
        },
        {
            "trade_id": "89d79cf6-a122-42ea-b0e3-157d8bdb259e",
            "ticker": "KXHIGHCHI-24DEC05-B26.5",
            "count": 34,
            "created_time": "2024-12-05T16:03:09.090954Z",
            "yes_price": 28,
            "no_price": 72,
            "taker_side": "yes"
        },
        {
            "trade_id": "e6cf6bc9-a9bd-40f8-8bcc-2c2da9516fbe",
            "ticker": "KXHIGHCHI-24DEC05-B26.5",
            "count": 100,
            "created_time": "2024-12-05T15:56:32.835118Z",
            "yes_price": 24,
            "no_price": 76,
            "taker_side": "no"
        },
        {
            "trade_id": "739a0d0e-ac5b-46fd-a4cf-83a2de1089e1",
            "ticker": "KXHIGHCHI-24DEC05-B26.5",
            "count": 69,
            "created_time": "2024-12-05T15:56:32.835118Z",
            "yes_price": 25,
            "no_price": 75,
            "taker_side": "no"
        },
        {
            "trade_id": "5a803c13-ca22-4fb4-aff5-217a8f02a116",
            "ticker": "KXHIGHCHI-24DEC05-B26.5",
            "count": 64,
            "created_time": "2024-12-05T15:48:29.202027Z",
            "yes_price": 27,
            "no_price": 73,
            "taker_side": "no"
        },
        {
            "trade_id": "cf32e36b-5924-4e29-93f4-b33bc98c668a",
            "ticker": "KXHIGHCHI-24DEC05-B26.5",
            "count": 200,
            "created_time": "2024-12-05T15:48:28.864587Z",
            "yes_price": 28,
            "no_price": 72,
            "taker_side": "yes"
        },
        {
            "trade_id": "6c73d2bf-5c39-47cd-9ea4-6530d15920f3",
            "ticker": "KXHIGHCHI-24DEC05-B26.5",
            "count": 60,
            "created_time": "2024-12-05T15:47:45.068158Z",
            "yes_price": 25,
            "no_price": 75,
            "taker_side": "no"
        },
        {
            "trade_id": "eff61897-4261-4776-8eb9-9838c6f1febe",
            "ticker": "KXHIGHCHI-24DEC05-B26.5",
            "count": 23,
            "created_time": "2024-12-05T15:47:01.551253Z",
            "yes_price": 25,
            "no_price": 75,
            "taker_side": "no"
        },
        {
            "trade_id": "e71d19fd-7970-4c3c-bc79-55caca92f057",
            "ticker": "KXHIGHCHI-24DEC05-B26.5",
            "count": 76,
            "created_time": "2024-12-05T15:45:17.38655Z",
            "yes_price": 33,
            "no_price": 67,
            "taker_side": "yes"
        },
        {
            "trade_id": "6099f7ac-2cae-46b0-a97e-64c1cc662b62",
            "ticker": "KXHIGHCHI-24DEC05-B26.5",
            "count": 24,
            "created_time": "2024-12-05T15:45:17.38655Z",
            "yes_price": 33,
            "no_price": 67,
            "taker_side": "yes"
        },
        {
            "trade_id": "70a55252-2b32-4da6-89a9-a20707d212d4",
            "ticker": "KXHIGHCHI-24DEC05-B26.5",
            "count": 24,
            "created_time": "2024-12-05T15:44:58.628636Z",
            "yes_price": 33,
            "no_price": 67,
            "taker_side": "yes"
        },
        {
            "trade_id": "0e5e89a1-98d3-4b9b-8fdd-14ab6a545c08",
            "ticker": "KXHIGHCHI-24DEC05-B26.5",
            "count": 46,
            "created_time": "2024-12-05T15:44:48.623506Z",
            "yes_price": 32,
            "no_price": 68,
            "taker_side": "yes"
        },
        {
            "trade_id": "c824dde0-0812-4548-855c-2f02e61d8f75",
            "ticker": "KXHIGHCHI-24DEC05-B26.5",
            "count": 18,
            "created_time": "2024-12-05T15:44:32.379922Z",
            "yes_price": 36,
            "no_price": 64,
            "taker_side": "yes"
        },
        {
            "trade_id": "94297a62-d48c-4fe2-a183-e4629ba7a2e1",
            "ticker": "KXHIGHCHI-24DEC05-B26.5",
            "count": 100,
            "created_time": "2024-12-05T15:44:32.379922Z",
            "yes_price": 29,
            "no_price": 71,
            "taker_side": "yes"
        },
        {
            "trade_id": "84af0725-50e9-4427-9b50-b2670e6f2dfc",
            "ticker": "KXHIGHCHI-24DEC05-B26.5",
            "count": 15,
            "created_time": "2024-12-05T15:44:32.379922Z",
            "yes_price": 48,
            "no_price": 52,
            "taker_side": "yes"
        },
        {
            "trade_id": "7fced58b-d0a3-4bb7-907c-b25cba579f69",
            "ticker": "KXHIGHCHI-24DEC05-B26.5",
            "count": 100,
            "created_time": "2024-12-05T15:44:32.379922Z",
            "yes_price": 31,
            "no_price": 69,
            "taker_side": "yes"
        },
        {
            "trade_id": "79432f26-9459-4f0f-865c-71fd4ecbd38b",
            "ticker": "KXHIGHCHI-24DEC05-B26.5",
            "count": 400,
            "created_time": "2024-12-05T15:44:32.379922Z",
            "yes_price": 30,
            "no_price": 70,
            "taker_side": "yes"
        },
        {
            "trade_id": "645426ad-e271-4bf1-8279-7438a1186d35",
            "ticker": "KXHIGHCHI-24DEC05-B26.5",
            "count": 1,
            "created_time": "2024-12-05T15:44:32.379922Z",
            "yes_price": 29,
            "no_price": 71,
            "taker_side": "yes"
        },
        {
            "trade_id": "4d16f56d-9fe9-4eaa-a35d-30ebdbd53e9b",
            "ticker": "KXHIGHCHI-24DEC05-B26.5",
            "count": 100,
            "created_time": "2024-12-05T15:44:32.379922Z",
            "yes_price": 32,
            "no_price": 68,
            "taker_side": "yes"
        },
        {
            "trade_id": "46281047-00ed-4171-ac7d-4483168ef788",
            "ticker": "KXHIGHCHI-24DEC05-B26.5",
            "count": 24,
            "created_time": "2024-12-05T15:44:32.379922Z",
            "yes_price": 34,
            "no_price": 66,
            "taker_side": "yes"
        },
        {
            "trade_id": "0a224b2b-cfc3-4165-842b-853e159860be",
            "ticker": "KXHIGHCHI-24DEC05-B26.5",
            "count": 100,
            "created_time": "2024-12-05T15:44:32.379922Z",
            "yes_price": 30,
            "no_price": 70,
            "taker_side": "yes"
        },
        {
            "trade_id": "06b460d1-b5e3-4c18-88ff-8f7d135c21d2",
            "ticker": "KXHIGHCHI-24DEC05-B26.5",
            "count": 46,
            "created_time": "2024-12-05T15:44:32.379922Z",
            "yes_price": 48,
            "no_price": 52,
            "taker_side": "yes"
        },
        {
            "trade_id": "b04df736-0fab-4257-8609-dd2ce0b3ebfd",
            "ticker": "KXHIGHCHI-24DEC05-B26.5",
            "count": 1,
            "created_time": "2024-12-05T15:35:28.416892Z",
            "yes_price": 26,
            "no_price": 74,
            "taker_side": "no"
        },
        {
            "trade_id": "93e712e1-8649-4cb0-9abb-daed32021d8d",
            "ticker": "KXHIGHCHI-24DEC05-B26.5",
            "count": 1,
            "created_time": "2024-12-05T15:34:36.844297Z",
            "yes_price": 28,
            "no_price": 72,
            "taker_side": "no"
        },
        {
            "trade_id": "c728a728-5c4d-4f3c-ad6d-bcc7f0381afd",
            "ticker": "KXHIGHCHI-24DEC05-B26.5",
            "count": 30,
            "created_time": "2024-12-05T15:32:56.664512Z",
            "yes_price": 28,
            "no_price": 72,
            "taker_side": "no"
        },
        {
            "trade_id": "769f7be0-809e-4771-86d6-d6b8e1c97a3b",
            "ticker": "KXHIGHCHI-24DEC05-B26.5",
            "count": 22,
            "created_time": "2024-12-05T15:31:08.800217Z",
            "yes_price": 26,
            "no_price": 74,
            "taker_side": "no"
        },
        {
            "trade_id": "67a37909-6a96-41c4-b5c1-b2a0907c575f",
            "ticker": "KXHIGHCHI-24DEC05-B26.5",
            "count": 56,
            "created_time": "2024-12-05T15:31:08.800217Z",
            "yes_price": 25,
            "no_price": 75,
            "taker_side": "no"
        },
        {
            "trade_id": "d1a07710-817c-482b-815e-102306c7f28a",
            "ticker": "KXHIGHCHI-24DEC05-B26.5",
            "count": 78,
            "created_time": "2024-12-05T15:30:36.911437Z",
            "yes_price": 26,
            "no_price": 74,
            "taker_side": "no"
        },
        {
            "trade_id": "95a2025a-1467-40ba-a356-092bdb964841",
            "ticker": "KXHIGHCHI-24DEC05-B26.5",
            "count": 100,
            "created_time": "2024-12-05T15:26:31.91145Z",
            "yes_price": 27,
            "no_price": 73,
            "taker_side": "yes"
        },
        {
            "trade_id": "8ad61f8b-4df8-43b4-bc82-c463e691f93a",
            "ticker": "KXHIGHCHI-24DEC05-B26.5",
            "count": 100,
            "created_time": "2024-12-05T15:26:31.91145Z",
            "yes_price": 28,
            "no_price": 72,
            "taker_side": "yes"
        },
        {
            "trade_id": "6cff99ac-52d4-4e1c-b7c5-3994728cce62",
            "ticker": "KXHIGHCHI-24DEC05-B26.5",
            "count": 100,
            "created_time": "2024-12-05T15:26:31.91145Z",
            "yes_price": 28,
            "no_price": 72,
            "taker_side": "yes"
        },
        {
            "trade_id": "ba248dd3-9e7e-4182-9a0a-211e6716b13d",
            "ticker": "KXHIGHCHI-24DEC05-B26.5",
            "count": 10,
            "created_time": "2024-12-05T15:06:51.253596Z",
            "yes_price": 25,
            "no_price": 75,
            "taker_side": "no"
        },
        {
            "trade_id": "2e5176f3-b015-4f0c-bbeb-984fa4c0d4f1",
            "ticker": "KXHIGHCHI-24DEC05-B26.5",
            "count": 8,
            "created_time": "2024-12-05T15:01:09.658637Z",
            "yes_price": 29,
            "no_price": 71,
            "taker_side": "yes"
        },
        {
            "trade_id": "6cb3569f-f6cb-47cf-9bdf-6f728d94304b",
            "ticker": "KXHIGHCHI-24DEC05-B26.5",
            "count": 500,
            "created_time": "2024-12-05T14:57:55.980422Z",
            "yes_price": 29,
            "no_price": 71,
            "taker_side": "yes"
        },
        {
            "trade_id": "015e048b-9c4e-4dec-9e80-11cebf02d595",
            "ticker": "KXHIGHCHI-24DEC05-B26.5",
            "count": 994,
            "created_time": "2024-12-05T14:57:38.361472Z",
            "yes_price": 29,
            "no_price": 71,
            "taker_side": "yes"
        },
        {
            "trade_id": "8b6699d3-4b2e-44db-b175-11d9bada4283",
            "ticker": "KXHIGHCHI-24DEC05-B26.5",
            "count": 6,
            "created_time": "2024-12-05T14:57:27.396419Z",
            "yes_price": 29,
            "no_price": 71,
            "taker_side": "yes"
        },
        {
            "trade_id": "ded78401-eb18-44cd-8225-44377930b151",
            "ticker": "KXHIGHCHI-24DEC05-B26.5",
            "count": 402,
            "created_time": "2024-12-05T14:54:44.090333Z",
            "yes_price": 29,
            "no_price": 71,
            "taker_side": "yes"
        },
        {
            "trade_id": "b72887fe-9ff9-4121-a8ed-1c333cb4ceb3",
            "ticker": "KXHIGHCHI-24DEC05-B26.5",
            "count": 16,
            "created_time": "2024-12-05T14:54:44.090333Z",
            "yes_price": 29,
            "no_price": 71,
            "taker_side": "yes"
        },
        {
            "trade_id": "a45e256a-f5cc-415c-95b5-518551df86a3",
            "ticker": "KXHIGHCHI-24DEC05-B26.5",
            "count": 100,
            "created_time": "2024-12-05T14:54:44.090333Z",
            "yes_price": 29,
            "no_price": 71,
            "taker_side": "yes"
        },
        {
            "trade_id": "2fe38baa-49a2-4ccf-a445-e7379283c616",
            "ticker": "KXHIGHCHI-24DEC05-B26.5",
            "count": 140,
            "created_time": "2024-12-05T14:54:44.090333Z",
            "yes_price": 28,
            "no_price": 72,
            "taker_side": "yes"
        },
        {
            "trade_id": "3e8d2c16-a679-4bb0-95b2-79cedc09b4d2",
            "ticker": "KXHIGHCHI-24DEC05-B26.5",
            "count": 82,
            "created_time": "2024-12-05T14:54:05.915717Z",
            "yes_price": 25,
            "no_price": 75,
            "taker_side": "no"
        },
        {
            "trade_id": "13820365-837f-496a-a602-2b9ffa90d2d3",
            "ticker": "KXHIGHCHI-24DEC05-B26.5",
            "count": 100,
            "created_time": "2024-12-05T14:54:05.915717Z",
            "yes_price": 25,
            "no_price": 75,
            "taker_side": "no"
        },
        {
            "trade_id": "0b2ff83c-59b1-45c6-bd81-959566e983de",
            "ticker": "KXHIGHCHI-24DEC05-B26.5",
            "count": 98,
            "created_time": "2024-12-05T14:51:17.569163Z",
            "yes_price": 29,
            "no_price": 71,
            "taker_side": "yes"
        },
        {
            "trade_id": "1a10db9b-93f9-482d-8b34-9136eb939168",
            "ticker": "KXHIGHCHI-24DEC05-B26.5",
            "count": 12,
            "created_time": "2024-12-05T14:41:14.268937Z",
            "yes_price": 25,
            "no_price": 75,
            "taker_side": "no"
        },
        {
            "trade_id": "9bbbf285-a6b9-4394-9dd9-75dc122dc16c",
            "ticker": "KXHIGHCHI-24DEC05-B26.5",
            "count": 20,
            "created_time": "2024-12-05T14:39:23.833566Z",
            "yes_price": 33,
            "no_price": 67,
            "taker_side": "yes"
        },
        {
            "trade_id": "7faa6a7d-45d2-4e33-b691-c8bbd93fe24b",
            "ticker": "KXHIGHCHI-24DEC05-B26.5",
            "count": 8,
            "created_time": "2024-12-05T14:39:23.833566Z",
            "yes_price": 34,
            "no_price": 66,
            "taker_side": "yes"
        },
        {
            "trade_id": "2ad1fca4-7080-4c00-b8fb-ac9eac4edaae",
            "ticker": "KXHIGHCHI-24DEC05-B26.5",
            "count": 23,
            "created_time": "2024-12-05T14:36:59.238575Z",
            "yes_price": 28,
            "no_price": 72,
            "taker_side": "no"
        },
        {
            "trade_id": "e66b07a9-fe35-4a9a-b243-3a06b3716927",
            "ticker": "KXHIGHCHI-24DEC05-B26.5",
            "count": 200,
            "created_time": "2024-12-05T14:36:40.595348Z",
            "yes_price": 30,
            "no_price": 70,
            "taker_side": "no"
        },
        {
            "trade_id": "a92f29c9-976f-4205-96a7-be3a3767ce08",
            "ticker": "KXHIGHCHI-24DEC05-B26.5",
            "count": 110,
            "created_time": "2024-12-05T14:36:40.595348Z",
            "yes_price": 20,
            "no_price": 80,
            "taker_side": "no"
        },
        {
            "trade_id": "4d5b9ad1-a0ca-4be6-bcd3-19ab1992d0d3",
            "ticker": "KXHIGHCHI-24DEC05-B26.5",
            "count": 100,
            "created_time": "2024-12-05T14:36:40.595348Z",
            "yes_price": 28,
            "no_price": 72,
            "taker_side": "no"
        },
        {
            "trade_id": "8f9c4cdc-dc6f-49fa-b150-0a9b0f209d22",
            "ticker": "KXHIGHCHI-24DEC05-B26.5",
            "count": 30,
            "created_time": "2024-12-05T14:35:40.241675Z",
            "yes_price": 25,
            "no_price": 75,
            "taker_side": "yes"
        },
        {
            "trade_id": "f36cd909-7ecb-47a6-bb4f-77f99f494469",
            "ticker": "KXHIGHCHI-24DEC05-B26.5",
            "count": 120,
            "created_time": "2024-12-05T07:49:01.85535Z",
            "yes_price": 22,
            "no_price": 78,
            "taker_side": "yes"
        },
        {
            "trade_id": "e2f72266-2549-4579-99ef-3116ee0906ef",
            "ticker": "KXHIGHCHI-24DEC05-B26.5",
            "count": 100,
            "created_time": "2024-12-05T07:49:01.85535Z",
            "yes_price": 23,
            "no_price": 77,
            "taker_side": "yes"
        },
        {
            "trade_id": "d2c6396b-3757-4fbe-bca3-3afc2c934f7e",
            "ticker": "KXHIGHCHI-24DEC05-B26.5",
            "count": 100,
            "created_time": "2024-12-05T07:49:01.85535Z",
            "yes_price": 21,
            "no_price": 79,
            "taker_side": "yes"
        },
        {
            "trade_id": "bce08358-cca2-450a-9807-be5ee1975e07",
            "ticker": "KXHIGHCHI-24DEC05-B26.5",
            "count": 80,
            "created_time": "2024-12-05T07:49:01.85535Z",
            "yes_price": 22,
            "no_price": 78,
            "taker_side": "yes"
        },
        {
            "trade_id": "27867569-d162-46c8-85b0-d40f03a53581",
            "ticker": "KXHIGHCHI-24DEC05-B26.5",
            "count": 100,
            "created_time": "2024-12-05T07:49:01.85535Z",
            "yes_price": 21,
            "no_price": 79,
            "taker_side": "yes"
        },
        {
            "trade_id": "d3faf14f-5b7c-4bc2-ac4e-bc2f8ed2e640",
            "ticker": "KXHIGHCHI-24DEC05-B26.5",
            "count": 80,
            "created_time": "2024-12-05T07:47:27.967133Z",
            "yes_price": 20,
            "no_price": 80,
            "taker_side": "yes"
        },
        {
            "trade_id": "b52242b4-0976-4852-95f8-818efd1092f4",
            "ticker": "KXHIGHCHI-24DEC05-B26.5",
            "count": 80,
            "created_time": "2024-12-05T07:47:27.967133Z",
            "yes_price": 19,
            "no_price": 81,
            "taker_side": "yes"
        },
        {
            "trade_id": "875ebf3a-285a-4da1-9068-cdf057749cc1",
            "ticker": "KXHIGHCHI-24DEC05-B26.5",
            "count": 17,
            "created_time": "2024-12-05T07:47:27.967133Z",
            "yes_price": 20,
            "no_price": 80,
            "taker_side": "yes"
        },
        {
            "trade_id": "56902962-ad9c-4db7-a084-c70a290c1fd6",
            "ticker": "KXHIGHCHI-24DEC05-B26.5",
            "count": 80,
            "created_time": "2024-12-05T07:47:27.967133Z",
            "yes_price": 18,
            "no_price": 82,
            "taker_side": "yes"
        },
        {
            "trade_id": "54a4dff3-a6f0-4112-989c-b80f73917261",
            "ticker": "KXHIGHCHI-24DEC05-B26.5",
            "count": 15,
            "created_time": "2024-12-05T07:47:27.967133Z",
            "yes_price": 22,
            "no_price": 78,
            "taker_side": "yes"
        },
        {
            "trade_id": "fa584d80-ae40-4181-b9db-d7d981b2e837",
            "ticker": "KXHIGHCHI-24DEC05-B26.5",
            "count": 7,
            "created_time": "2024-12-05T07:37:55.812154Z",
            "yes_price": 17,
            "no_price": 83,
            "taker_side": "yes"
        },
        {
            "trade_id": "94be0adf-8a98-44b9-a1b5-8d78470e20dc",
            "ticker": "KXHIGHCHI-24DEC05-B26.5",
            "count": 10,
            "created_time": "2024-12-05T07:35:32.46569Z",
            "yes_price": 16,
            "no_price": 84,
            "taker_side": "no"
        },
        {
            "trade_id": "fc1a729f-a07e-4f78-80a2-0a1cfc537f17",
            "ticker": "KXHIGHCHI-24DEC05-B26.5",
            "count": 10,
            "created_time": "2024-12-05T07:34:19.738343Z",
            "yes_price": 17,
            "no_price": 83,
            "taker_side": "no"
        },
        {
            "trade_id": "dd8b6488-183f-4ce7-9f91-d05581dd9f49",
            "ticker": "KXHIGHCHI-24DEC05-B26.5",
            "count": 75,
            "created_time": "2024-12-05T07:27:28.408936Z",
            "yes_price": 22,
            "no_price": 78,
            "taker_side": "no"
        },
        {
            "trade_id": "cba24f8a-663d-42ad-a8d0-32a2ba48ed61",
            "ticker": "KXHIGHCHI-24DEC05-B26.5",
            "count": 25,
            "created_time": "2024-12-05T07:27:28.408936Z",
            "yes_price": 20,
            "no_price": 80,
            "taker_side": "no"
        },
        {
            "trade_id": "68b24d83-04c2-4872-b77c-2094c56cebd8",
            "ticker": "KXHIGHCHI-24DEC05-B26.5",
            "count": 2,
            "created_time": "2024-12-05T06:48:57.497177Z",
            "yes_price": 33,
            "no_price": 67,
            "taker_side": "no"
        },
        {
            "trade_id": "f4a2ef78-f389-44d9-8d97-a231ba685213",
            "ticker": "KXHIGHCHI-24DEC05-B26.5",
            "count": 19,
            "created_time": "2024-12-05T06:48:35.29349Z",
            "yes_price": 34,
            "no_price": 66,
            "taker_side": "no"
        },
        {
            "trade_id": "c18b0c4e-6021-47bd-9f3b-4d04d3ea23c9",
            "ticker": "KXHIGHCHI-24DEC05-B26.5",
            "count": 9,
            "created_time": "2024-12-05T06:48:23.650197Z",
            "yes_price": 33,
            "no_price": 67,
            "taker_side": "yes"
        },
        {
            "trade_id": "18684ecb-2186-4a7f-9eab-080d4d7a6d8c",
            "ticker": "KXHIGHCHI-24DEC05-B26.5",
            "count": 5,
            "created_time": "2024-12-05T06:06:51.951652Z",
            "yes_price": 32,
            "no_price": 68,
            "taker_side": "yes"
        },
        {
            "trade_id": "a1236503-16c3-4919-85af-6a2722a4beaf",
            "ticker": "KXHIGHCHI-24DEC05-B26.5",
            "count": 2,
            "created_time": "2024-12-05T06:02:38.965578Z",
            "yes_price": 31,
            "no_price": 69,
            "taker_side": "yes"
        },
        {
            "trade_id": "6c0d1ec3-e3e4-4616-b7c8-4cabd5ce5d22",
            "ticker": "KXHIGHCHI-24DEC05-B26.5",
            "count": 100,
            "created_time": "2024-12-05T06:02:38.965578Z",
            "yes_price": 30,
            "no_price": 70,
            "taker_side": "yes"
        },
        {
            "trade_id": "15e30f65-f306-499c-a852-1d5f23aca93f",
            "ticker": "KXHIGHCHI-24DEC05-B26.5",
            "count": 100,
            "created_time": "2024-12-05T06:02:38.965578Z",
            "yes_price": 31,
            "no_price": 69,
            "taker_side": "yes"
        },
        {
            "trade_id": "1076b74a-32ce-444c-9e3d-52cf65c9407a",
            "ticker": "KXHIGHCHI-24DEC05-B26.5",
            "count": 4,
            "created_time": "2024-12-05T06:02:38.965578Z",
            "yes_price": 30,
            "no_price": 70,
            "taker_side": "yes"
        },
        {
            "trade_id": "80aeb16e-4ff3-4e79-a0a6-4e8ef6732ce4",
            "ticker": "KXHIGHCHI-24DEC05-B26.5",
            "count": 67,
            "created_time": "2024-12-05T05:55:42.458874Z",
            "yes_price": 29,
            "no_price": 71,
            "taker_side": "yes"
        },
        {
            "trade_id": "1bf718a0-57cd-4348-ab09-ab516976593f",
            "ticker": "KXHIGHCHI-24DEC05-B26.5",
            "count": 7,
            "created_time": "2024-12-05T05:55:42.458874Z",
            "yes_price": 28,
            "no_price": 72,
            "taker_side": "yes"
        },
        {
            "trade_id": "1384b010-7c80-463e-b818-4d322f07351f",
            "ticker": "KXHIGHCHI-24DEC05-B26.5",
            "count": 73,
            "created_time": "2024-12-05T05:55:42.458874Z",
            "yes_price": 28,
            "no_price": 72,
            "taker_side": "yes"
        },
        {
            "trade_id": "02bfa08e-c540-4e1e-ba5c-00c8b608a29b",
            "ticker": "KXHIGHCHI-24DEC05-B26.5",
            "count": 20,
            "created_time": "2024-12-05T05:55:42.458874Z",
            "yes_price": 28,
            "no_price": 72,
            "taker_side": "yes"
        },
        {
            "trade_id": "d43834a0-ad8b-45a1-8735-9cbf033ab368",
            "ticker": "KXHIGHCHI-24DEC05-B26.5",
            "count": 7,
            "created_time": "2024-12-05T05:55:25.288163Z",
            "yes_price": 28,
            "no_price": 72,
            "taker_side": "yes"
        },
        {
            "trade_id": "81ae4ee2-0fd4-4947-bacb-74831c2a8638",
            "ticker": "KXHIGHCHI-24DEC05-B26.5",
            "count": 10,
            "created_time": "2024-12-05T05:55:25.288163Z",
            "yes_price": 27,
            "no_price": 73,
            "taker_side": "yes"
        },
        {
            "trade_id": "b85a3437-b0e7-4214-a2a7-9d8cc92bf4bf",
            "ticker": "KXHIGHCHI-24DEC05-B26.5",
            "count": 73,
            "created_time": "2024-12-05T05:55:01.864867Z",
            "yes_price": 28,
            "no_price": 72,
            "taker_side": "yes"
        },
        {
            "trade_id": "680699e3-c6f3-43a1-989f-a7454ff8964d",
            "ticker": "KXHIGHCHI-24DEC05-B26.5",
            "count": 100,
            "created_time": "2024-12-05T05:55:01.864867Z",
            "yes_price": 27,
            "no_price": 73,
            "taker_side": "yes"
        },
        {
            "trade_id": "dacbe623-1519-4544-9203-0f4efa60fe58",
            "ticker": "KXHIGHCHI-24DEC05-B26.5",
            "count": 100,
            "created_time": "2024-12-05T05:54:27.779825Z",
            "yes_price": 26,
            "no_price": 74,
            "taker_side": "yes"
        },
        {
            "trade_id": "604c2b95-4ef7-4d1f-9943-bb8f820151f4",
            "ticker": "KXHIGHCHI-24DEC05-B26.5",
            "count": 82,
            "created_time": "2024-12-05T05:54:27.779825Z",
            "yes_price": 26,
            "no_price": 74,
            "taker_side": "yes"
        },
        {
            "trade_id": "f407e157-aa6f-404c-a5db-6a77031ee3f9",
            "ticker": "KXHIGHCHI-24DEC05-B26.5",
            "count": 3,
            "created_time": "2024-12-05T05:53:11.683681Z",
            "yes_price": 25,
            "no_price": 75,
            "taker_side": "no"
        },
        {
            "trade_id": "f9d83700-3625-437a-80b6-0fe0a52d9724",
            "ticker": "KXHIGHCHI-24DEC05-B26.5",
            "count": 100,
            "created_time": "2024-12-05T05:42:25.705645Z",
            "yes_price": 31,
            "no_price": 69,
            "taker_side": "yes"
        },
        {
            "trade_id": "c9f2e96b-5408-4e47-9367-0b244bc4341a",
            "ticker": "KXHIGHCHI-24DEC05-B26.5",
            "count": 4,
            "created_time": "2024-12-05T05:42:25.705645Z",
            "yes_price": 32,
            "no_price": 68,
            "taker_side": "yes"
        },
        {
            "trade_id": "74dab57e-fb59-497d-9ebc-5e7f42e3f81b",
            "ticker": "KXHIGHCHI-24DEC05-B26.5",
            "count": 48,
            "created_time": "2024-12-05T05:42:25.705645Z",
            "yes_price": 32,
            "no_price": 68,
            "taker_side": "yes"
        },
        {
            "trade_id": "7c526362-2d1d-4394-8803-43688b1d7d1a",
            "ticker": "KXHIGHCHI-24DEC05-B26.5",
            "count": 52,
            "created_time": "2024-12-05T05:40:57.70904Z",
            "yes_price": 32,
            "no_price": 68,
            "taker_side": "yes"
        },
        {
            "trade_id": "7bf25d33-413a-4e94-bb3c-3365f33e2a10",
            "ticker": "KXHIGHCHI-24DEC05-B26.5",
            "count": 100,
            "created_time": "2024-12-05T05:40:57.70904Z",
            "yes_price": 31,
            "no_price": 69,
            "taker_side": "yes"
        },
        {
            "trade_id": "bf8d7f00-6224-40b6-a250-95d42cfbe4ae",
            "ticker": "KXHIGHCHI-24DEC05-B26.5",
            "count": 43,
            "created_time": "2024-12-05T05:39:19.605545Z",
            "yes_price": 34,
            "no_price": 66,
            "taker_side": "yes"
        },
        {
            "trade_id": "b3eee44c-6865-4a6d-97a1-75fd3284d251",
            "ticker": "KXHIGHCHI-24DEC05-B26.5",
            "count": 57,
            "created_time": "2024-12-05T05:39:19.605545Z",
            "yes_price": 34,
            "no_price": 66,
            "taker_side": "yes"
        },
        {
            "trade_id": "4e23acce-4a02-4c63-985a-fc8134d06651",
            "ticker": "KXHIGHCHI-24DEC05-B26.5",
            "count": 39,
            "created_time": "2024-12-05T05:39:19.605545Z",
            "yes_price": 35,
            "no_price": 65,
            "taker_side": "yes"
        },
        {
            "trade_id": "a6e34b19-279a-4a92-a865-493e99b65c84",
            "ticker": "KXHIGHCHI-24DEC05-B26.5",
            "count": 100,
            "created_time": "2024-12-05T05:39:09.325953Z",
            "yes_price": 33,
            "no_price": 67,
            "taker_side": "yes"
        },
        {
            "trade_id": "03f4c9b3-98c0-4d17-9a4c-9ce01fe84263",
            "ticker": "KXHIGHCHI-24DEC05-B26.5",
            "count": 43,
            "created_time": "2024-12-05T05:39:09.325953Z",
            "yes_price": 34,
            "no_price": 66,
            "taker_side": "yes"
        },
        {
            "trade_id": "98e2a1be-ddaa-4de4-b3e1-9f74af4c3f75",
            "ticker": "KXHIGHCHI-24DEC05-B26.5",
            "count": 100,
            "created_time": "2024-12-05T05:36:56.239746Z",
            "yes_price": 35,
            "no_price": 65,
            "taker_side": "yes"
        },
        {
            "trade_id": "84dd71c9-5ca0-4a50-979e-26e6c95d3608",
            "ticker": "KXHIGHCHI-24DEC05-B26.5",
            "count": 35,
            "created_time": "2024-12-05T05:36:56.239746Z",
            "yes_price": 36,
            "no_price": 64,
            "taker_side": "yes"
        },
        {
            "trade_id": "683de800-ce02-4708-8011-f7f69e96a65a",
            "ticker": "KXHIGHCHI-24DEC05-B26.5",
            "count": 50,
            "created_time": "2024-12-05T05:35:19.502641Z",
            "yes_price": 39,
            "no_price": 61,
            "taker_side": "yes"
        },
        {
            "trade_id": "547c175c-c8f8-4141-84ed-8e9a38daa76a",
            "ticker": "KXHIGHCHI-24DEC05-B26.5",
            "count": 200,
            "created_time": "2024-12-05T05:35:19.502641Z",
            "yes_price": 38,
            "no_price": 62,
            "taker_side": "yes"
        },
        {
            "trade_id": "ed0ecf63-f67d-4e6b-ba60-03776a326e07",
            "ticker": "KXHIGHCHI-24DEC05-B26.5",
            "count": 100,
            "created_time": "2024-12-05T05:32:54.042578Z",
            "yes_price": 39,
            "no_price": 61,
            "taker_side": "yes"
        },
        {
            "trade_id": "67e61966-6b08-4d66-9ecb-085ff978d264",
            "ticker": "KXHIGHCHI-24DEC05-B26.5",
            "count": 22,
            "created_time": "2024-12-05T05:32:54.042578Z",
            "yes_price": 40,
            "no_price": 60,
            "taker_side": "yes"
        },
        {
            "trade_id": "d0440c19-6b29-413d-9bab-65fcbb18a09b",
            "ticker": "KXHIGHCHI-24DEC05-B26.5",
            "count": 6,
            "created_time": "2024-12-05T05:27:53.401905Z",
            "yes_price": 40,
            "no_price": 60,
            "taker_side": "yes"
        },
        {
            "trade_id": "b0648b4f-270e-4055-829e-f3fdb55ff7bd",
            "ticker": "KXHIGHCHI-24DEC05-B26.5",
            "count": 17,
            "created_time": "2024-12-05T05:27:53.401905Z",
            "yes_price": 41,
            "no_price": 59,
            "taker_side": "yes"
        },
        {
            "trade_id": "6f9b260a-2e3a-4d5a-a224-792e82089579",
            "ticker": "KXHIGHCHI-24DEC05-B26.5",
            "count": 94,
            "created_time": "2024-12-05T05:27:41.904082Z",
            "yes_price": 40,
            "no_price": 60,
            "taker_side": "yes"
        },
        {
            "trade_id": "13c8a108-6e77-4ac9-8423-43b4f60230be",
            "ticker": "KXHIGHCHI-24DEC05-B26.5",
            "count": 100,
            "created_time": "2024-12-05T05:27:41.904082Z",
            "yes_price": 39,
            "no_price": 61,
            "taker_side": "yes"
        },
        {
            "trade_id": "c96adacf-5ff3-4ee4-84c1-d5cec090d364",
            "ticker": "KXHIGHCHI-24DEC05-B26.5",
            "count": 38,
            "created_time": "2024-12-05T05:27:14.252616Z",
            "yes_price": 41,
            "no_price": 59,
            "taker_side": "yes"
        },
        {
            "trade_id": "9c12762d-6c37-4280-966d-1d697dc6e7e4",
            "ticker": "KXHIGHCHI-24DEC05-B26.5",
            "count": 200,
            "created_time": "2024-12-05T05:27:14.252616Z",
            "yes_price": 40,
            "no_price": 60,
            "taker_side": "yes"
        },
        {
            "trade_id": "d94e5303-1b8a-48d5-8bb8-e3d04dff61a2",
            "ticker": "KXHIGHCHI-24DEC05-B26.5",
            "count": 6,
            "created_time": "2024-12-05T05:23:25.884166Z",
            "yes_price": 41,
            "no_price": 59,
            "taker_side": "yes"
        },
        {
            "trade_id": "0ceab240-7274-4e22-afe6-37e7eec8c0b0",
            "ticker": "KXHIGHCHI-24DEC05-B26.5",
            "count": 8,
            "created_time": "2024-12-05T05:23:25.884166Z",
            "yes_price": 40,
            "no_price": 60,
            "taker_side": "yes"
        },
        {
            "trade_id": "85bc7eb2-98c4-4472-8631-241f7b0b3e7e",
            "ticker": "KXHIGHCHI-24DEC05-B26.5",
            "count": 3,
            "created_time": "2024-12-05T05:20:37.932908Z",
            "yes_price": 40,
            "no_price": 60,
            "taker_side": "yes"
        },
        {
            "trade_id": "7e3669c7-66b9-4a0c-81e8-bbab512b4f94",
            "ticker": "KXHIGHCHI-24DEC05-B26.5",
            "count": 22,
            "created_time": "2024-12-05T05:20:37.932908Z",
            "yes_price": 38,
            "no_price": 62,
            "taker_side": "yes"
        },
        {
            "trade_id": "d9e4d24a-2991-48fd-af2a-70b01c6b015a",
            "ticker": "KXHIGHCHI-24DEC05-B26.5",
            "count": 122,
            "created_time": "2024-12-05T05:20:12.326983Z",
            "yes_price": 39,
            "no_price": 61,
            "taker_side": "yes"
        },
        {
            "trade_id": "f88dcd27-438d-451d-9048-7e7fef2368dc",
            "ticker": "KXHIGHCHI-24DEC05-B26.5",
            "count": 25,
            "created_time": "2024-12-05T05:19:33.659563Z",
            "yes_price": 39,
            "no_price": 61,
            "taker_side": "yes"
        },
        {
            "trade_id": "a024b161-e1b5-4bb0-9294-f18ebc43bf02",
            "ticker": "KXHIGHCHI-24DEC05-B26.5",
            "count": 22,
            "created_time": "2024-12-05T05:19:33.659563Z",
            "yes_price": 40,
            "no_price": 60,
            "taker_side": "yes"
        },
        {
            "trade_id": "0bd224b8-4395-4ac8-8ca0-76aafff30355",
            "ticker": "KXHIGHCHI-24DEC05-B26.5",
            "count": 75,
            "created_time": "2024-12-05T05:19:33.659563Z",
            "yes_price": 39,
            "no_price": 61,
            "taker_side": "yes"
        },
        {
            "trade_id": "e124a8be-c844-43a6-bd6e-39d600be7bd0",
            "ticker": "KXHIGHCHI-24DEC05-B26.5",
            "count": 25,
            "created_time": "2024-12-05T05:18:20.313187Z",
            "yes_price": 39,
            "no_price": 61,
            "taker_side": "yes"
        },
        {
            "trade_id": "5d924846-e371-4bb6-a156-9ee3d7e78378",
            "ticker": "KXHIGHCHI-24DEC05-B26.5",
            "count": 100,
            "created_time": "2024-12-05T05:18:20.313187Z",
            "yes_price": 38,
            "no_price": 62,
            "taker_side": "yes"
        },
        {
            "trade_id": "75e8b67d-b599-455d-942e-b337cfc051cd",
            "ticker": "KXHIGHCHI-24DEC05-B26.5",
            "count": 500,
            "created_time": "2024-12-05T05:06:59.901876Z",
            "yes_price": 31,
            "no_price": 69,
            "taker_side": "yes"
        },
        {
            "trade_id": "57f7a621-bb71-44b6-af79-2ecaec82f960",
            "ticker": "KXHIGHCHI-24DEC05-B26.5",
            "count": 97,
            "created_time": "2024-12-05T05:06:59.901876Z",
            "yes_price": 30,
            "no_price": 70,
            "taker_side": "yes"
        },
        {
            "trade_id": "0a1ccc85-2a89-4ba4-9778-60cc05c41ce3",
            "ticker": "KXHIGHCHI-24DEC05-B26.5",
            "count": 37,
            "created_time": "2024-12-05T05:06:59.901876Z",
            "yes_price": 31,
            "no_price": 69,
            "taker_side": "yes"
        },
        {
            "trade_id": "d5d92a5c-0b03-4aa2-9553-93d24f6ce64b",
            "ticker": "KXHIGHCHI-24DEC05-B26.5",
            "count": 100,
            "created_time": "2024-12-05T04:49:18.2138Z",
            "yes_price": 28,
            "no_price": 72,
            "taker_side": "yes"
        },
        {
            "trade_id": "5354575f-c975-40c2-845f-737231a23428",
            "ticker": "KXHIGHCHI-24DEC05-B26.5",
            "count": 67,
            "created_time": "2024-12-05T04:49:18.2138Z",
            "yes_price": 29,
            "no_price": 71,
            "taker_side": "yes"
        },
        {
            "trade_id": "afaebe3f-0841-4df9-b0de-585d513d98d5",
            "ticker": "KXHIGHCHI-24DEC05-B26.5",
            "count": 100,
            "created_time": "2024-12-05T04:49:05.660583Z",
            "yes_price": 27,
            "no_price": 73,
            "taker_side": "no"
        },
        {
            "trade_id": "0bf1344c-23c8-432c-925c-54ed01f1462c",
            "ticker": "KXHIGHCHI-24DEC05-B26.5",
            "count": 100,
            "created_time": "2024-12-05T04:48:35.17886Z",
            "yes_price": 27,
            "no_price": 73,
            "taker_side": "no"
        },
        {
            "trade_id": "883900ef-c427-464e-8af5-1e2d8be0c2c3",
            "ticker": "KXHIGHCHI-24DEC05-B26.5",
            "count": 153,
            "created_time": "2024-12-05T04:45:56.242037Z",
            "yes_price": 31,
            "no_price": 69,
            "taker_side": "yes"
        },
        {
            "trade_id": "003305b3-9a50-485a-910b-8b36c9fa0eb4",
            "ticker": "KXHIGHCHI-24DEC05-B26.5",
            "count": 100,
            "created_time": "2024-12-05T04:42:39.782687Z",
            "yes_price": 31,
            "no_price": 69,
            "taker_side": "no"
        },
        {
            "trade_id": "27aeda58-4443-43cd-9ca9-f1898e2ae1b1",
            "ticker": "KXHIGHCHI-24DEC05-B26.5",
            "count": 10,
            "created_time": "2024-12-05T04:41:34.484217Z",
            "yes_price": 33,
            "no_price": 67,
            "taker_side": "no"
        },
        {
            "trade_id": "9bace4a6-b7de-47b4-94e2-6a5e26728849",
            "ticker": "KXHIGHCHI-24DEC05-B26.5",
            "count": 100,
            "created_time": "2024-12-05T04:34:40.079388Z",
            "yes_price": 38,
            "no_price": 62,
            "taker_side": "yes"
        },
        {
            "trade_id": "70347df9-57c2-4960-9676-bcf381680b81",
            "ticker": "KXHIGHCHI-24DEC05-B26.5",
            "count": 50,
            "created_time": "2024-12-05T04:34:27.558458Z",
            "yes_price": 38,
            "no_price": 62,
            "taker_side": "yes"
        },
        {
            "trade_id": "6f28ba98-47e2-4607-92c9-7790bde9197f",
            "ticker": "KXHIGHCHI-24DEC05-B26.5",
            "count": 41,
            "created_time": "2024-12-05T04:34:15.033246Z",
            "yes_price": 38,
            "no_price": 62,
            "taker_side": "yes"
        },
        {
            "trade_id": "48f3fe32-263b-4e2b-92c0-7721c62486e6",
            "ticker": "KXHIGHCHI-24DEC05-B26.5",
            "count": 59,
            "created_time": "2024-12-05T04:34:15.033246Z",
            "yes_price": 38,
            "no_price": 62,
            "taker_side": "yes"
        },
        {
            "trade_id": "30c7e13e-222b-4d26-b664-5ba691679d14",
            "ticker": "KXHIGHCHI-24DEC05-B26.5",
            "count": 25,
            "created_time": "2024-12-05T04:34:15.033246Z",
            "yes_price": 39,
            "no_price": 61,
            "taker_side": "yes"
        },
        {
            "trade_id": "f0bd4e90-d609-4ffc-bf50-c7d0a74d0ccd",
            "ticker": "KXHIGHCHI-24DEC05-B26.5",
            "count": 94,
            "created_time": "2024-12-05T04:33:59.515718Z",
            "yes_price": 36,
            "no_price": 64,
            "taker_side": "yes"
        },
        {
            "trade_id": "e8e23004-5c29-46db-85a1-c38e251f4262",
            "ticker": "KXHIGHCHI-24DEC05-B26.5",
            "count": 100,
            "created_time": "2024-12-05T04:33:59.515718Z",
            "yes_price": 37,
            "no_price": 63,
            "taker_side": "yes"
        },
        {
            "trade_id": "b452b1bc-f1de-4ba6-8625-3292323d857d",
            "ticker": "KXHIGHCHI-24DEC05-B26.5",
            "count": 41,
            "created_time": "2024-12-05T04:33:59.515718Z",
            "yes_price": 38,
            "no_price": 62,
            "taker_side": "yes"
        },
        {
            "trade_id": "7b22b78b-b159-4d8e-a716-ad798f0a8f9e",
            "ticker": "KXHIGHCHI-24DEC05-B26.5",
            "count": 6,
            "created_time": "2024-12-05T04:33:59.515718Z",
            "yes_price": 36,
            "no_price": 64,
            "taker_side": "yes"
        },
        {
            "trade_id": "1c21c075-980c-45de-bc5a-ed9a18af93b0",
            "ticker": "KXHIGHCHI-24DEC05-B26.5",
            "count": 18,
            "created_time": "2024-12-05T04:33:59.515718Z",
            "yes_price": 38,
            "no_price": 62,
            "taker_side": "yes"
        },
        {
            "trade_id": "9c6d400f-c061-450e-a6fc-72f897b4358f",
            "ticker": "KXHIGHCHI-24DEC05-B26.5",
            "count": 100,
            "created_time": "2024-12-05T04:33:50.267804Z",
            "yes_price": 34,
            "no_price": 66,
            "taker_side": "yes"
        },
        {
            "trade_id": "8323f354-3099-4d1d-8773-061dd1a25612",
            "ticker": "KXHIGHCHI-24DEC05-B26.5",
            "count": 6,
            "created_time": "2024-12-05T04:33:50.267804Z",
            "yes_price": 36,
            "no_price": 64,
            "taker_side": "yes"
        },
        {
            "trade_id": "71499c22-f318-4530-b32e-b7cb637e461e",
            "ticker": "KXHIGHCHI-24DEC05-B26.5",
            "count": 71,
            "created_time": "2024-12-05T04:33:50.267804Z",
            "yes_price": 34,
            "no_price": 66,
            "taker_side": "yes"
        },
        {
            "trade_id": "1a91ea71-445b-4fc8-84a8-2b9efb95b9d0",
            "ticker": "KXHIGHCHI-24DEC05-B26.5",
            "count": 100,
            "created_time": "2024-12-05T04:33:50.267804Z",
            "yes_price": 35,
            "no_price": 65,
            "taker_side": "yes"
        },
        {
            "trade_id": "fceacc98-79d6-40a6-8d88-960dd1ea288a",
            "ticker": "KXHIGHCHI-24DEC05-B26.5",
            "count": 29,
            "created_time": "2024-12-05T04:33:43.772831Z",
            "yes_price": 34,
            "no_price": 66,
            "taker_side": "yes"
        },
        {
            "trade_id": "d9b05853-aa76-46f9-a3c5-6a2d75ff23d4",
            "ticker": "KXHIGHCHI-24DEC05-B26.5",
            "count": 45,
            "created_time": "2024-12-05T04:33:43.772831Z",
            "yes_price": 33,
            "no_price": 67,
            "taker_side": "yes"
        },
        {
            "trade_id": "1f2b4950-37de-49dc-96a4-98ac51bf2d59",
            "ticker": "KXHIGHCHI-24DEC05-B26.5",
            "count": 214,
            "created_time": "2024-12-05T04:33:43.772831Z",
            "yes_price": 33,
            "no_price": 67,
            "taker_side": "yes"
        },
        {
            "trade_id": "b32713a3-72c7-4d4e-bbf6-bcaa0e28eabd",
            "ticker": "KXHIGHCHI-24DEC05-B26.5",
            "count": 30,
            "created_time": "2024-12-05T04:33:06.997842Z",
            "yes_price": 32,
            "no_price": 68,
            "taker_side": "yes"
        },
        {
            "trade_id": "9fc2043d-5b1a-48e9-9225-7841a1556810",
            "ticker": "KXHIGHCHI-24DEC05-B26.5",
            "count": 9,
            "created_time": "2024-12-05T04:33:06.997842Z",
            "yes_price": 29,
            "no_price": 71,
            "taker_side": "yes"
        },
        {
            "trade_id": "8aaaff6e-d87c-43e6-9e8f-5c3a63234af1",
            "ticker": "KXHIGHCHI-24DEC05-B26.5",
            "count": 8,
            "created_time": "2024-12-05T04:33:06.997842Z",
            "yes_price": 31,
            "no_price": 69,
            "taker_side": "yes"
        },
        {
            "trade_id": "665d0edc-ba62-4864-a156-81d62c0073d4",
            "ticker": "KXHIGHCHI-24DEC05-B26.5",
            "count": 98,
            "created_time": "2024-12-05T04:33:06.997842Z",
            "yes_price": 33,
            "no_price": 67,
            "taker_side": "yes"
        },
        {
            "trade_id": "4b30af2d-0295-49b2-bda2-d42c45349a3f",
            "ticker": "KXHIGHCHI-24DEC05-B26.5",
            "count": 500,
            "created_time": "2024-12-05T04:33:06.997842Z",
            "yes_price": 30,
            "no_price": 70,
            "taker_side": "yes"
        },
        {
            "trade_id": "c7f3110b-f0ed-4f13-84a7-c6dcac4cab73",
            "ticker": "KXHIGHCHI-24DEC05-B26.5",
            "count": 31,
            "created_time": "2024-12-05T04:27:55.75148Z",
            "yes_price": 27,
            "no_price": 73,
            "taker_side": "no"
        },
        {
            "trade_id": "865178ee-8f2a-4fd2-9a41-8450883b2f0b",
            "ticker": "KXHIGHCHI-24DEC05-B26.5",
            "count": 100,
            "created_time": "2024-12-05T04:27:55.75148Z",
            "yes_price": 28,
            "no_price": 72,
            "taker_side": "no"
        },
        {
            "trade_id": "21f98606-dd4e-49a2-96c2-bb7510392654",
            "ticker": "KXHIGHCHI-24DEC05-B26.5",
            "count": 34,
            "created_time": "2024-12-05T04:27:55.75148Z",
            "yes_price": 27,
            "no_price": 73,
            "taker_side": "no"
        },
        {
            "trade_id": "7b356e6e-a094-4203-a4a3-d2914251263e",
            "ticker": "KXHIGHCHI-24DEC05-B26.5",
            "count": 100,
            "created_time": "2024-12-05T04:27:45.860006Z",
            "yes_price": 28,
            "no_price": 72,
            "taker_side": "no"
        },
        {
            "trade_id": "09137177-e183-44ed-b2d0-4fb34356c376",
            "ticker": "KXHIGHCHI-24DEC05-B26.5",
            "count": 35,
            "created_time": "2024-12-05T04:27:45.860006Z",
            "yes_price": 27,
            "no_price": 73,
            "taker_side": "no"
        },
        {
            "trade_id": "e1155acd-1e13-4ae9-b80f-bb49237e734c",
            "ticker": "KXHIGHCHI-24DEC05-B26.5",
            "count": 100,
            "created_time": "2024-12-05T04:25:32.97676Z",
            "yes_price": 27,
            "no_price": 73,
            "taker_side": "no"
        },
        {
            "trade_id": "5390afb5-9bbf-43ed-bc11-48821c23a945",
            "ticker": "KXHIGHCHI-24DEC05-B26.5",
            "count": 34,
            "created_time": "2024-12-05T04:25:32.97676Z",
            "yes_price": 27,
            "no_price": 73,
            "taker_side": "no"
        },
        {
            "trade_id": "c702fb1e-5757-4591-b387-607b402d9ba4",
            "ticker": "KXHIGHCHI-24DEC05-B26.5",
            "count": 5,
            "created_time": "2024-12-05T03:52:18.148281Z",
            "yes_price": 27,
            "no_price": 73,
            "taker_side": "no"
        },
        {
            "trade_id": "c6d61b29-f550-45b2-8506-745df14b7e4a",
            "ticker": "KXHIGHCHI-24DEC05-B26.5",
            "count": 100,
            "created_time": "2024-12-05T03:51:46.359089Z",
            "yes_price": 28,
            "no_price": 72,
            "taker_side": "yes"
        },
        {
            "trade_id": "db889a2b-9c5a-4b89-af65-cbdd8772a187",
            "ticker": "KXHIGHCHI-24DEC05-B26.5",
            "count": 45,
            "created_time": "2024-12-05T03:51:29.316378Z",
            "yes_price": 27,
            "no_price": 73,
            "taker_side": "yes"
        },
        {
            "trade_id": "863c4623-9d0b-4539-bdbd-f2b8d2c4b92d",
            "ticker": "KXHIGHCHI-24DEC05-B26.5",
            "count": 55,
            "created_time": "2024-12-05T03:51:29.316378Z",
            "yes_price": 28,
            "no_price": 72,
            "taker_side": "yes"
        },
        {
            "trade_id": "c7797da9-5c91-4c1e-8af6-d0c5e002beeb",
            "ticker": "KXHIGHCHI-24DEC05-B26.5",
            "count": 100,
            "created_time": "2024-12-05T03:48:34.199392Z",
            "yes_price": 27,
            "no_price": 73,
            "taker_side": "yes"
        },
        {
            "trade_id": "94a639d2-7c92-4683-8187-3c1154183f3e",
            "ticker": "KXHIGHCHI-24DEC05-B26.5",
            "count": 6,
            "created_time": "2024-12-05T03:45:34.683719Z",
            "yes_price": 24,
            "no_price": 76,
            "taker_side": "yes"
        },
        {
            "trade_id": "bad6405d-4d67-4051-adb2-f961f7297062",
            "ticker": "KXHIGHCHI-24DEC05-B26.5",
            "count": 100,
            "created_time": "2024-12-05T03:38:35.447007Z",
            "yes_price": 23,
            "no_price": 77,
            "taker_side": "no"
        },
        {
            "trade_id": "f747e704-6b39-415c-a357-2b6c104bd820",
            "ticker": "KXHIGHCHI-24DEC05-B26.5",
            "count": 6,
            "created_time": "2024-12-05T03:11:00.102544Z",
            "yes_price": 21,
            "no_price": 79,
            "taker_side": "yes"
        },
        {
            "trade_id": "c787ac89-14f4-4a11-9aac-e6cf9de585cf",
            "ticker": "KXHIGHCHI-24DEC05-B26.5",
            "count": 100,
            "created_time": "2024-12-05T03:11:00.102544Z",
            "yes_price": 21,
            "no_price": 79,
            "taker_side": "yes"
        },
        {
            "trade_id": "67db9582-1008-4310-866e-821f35d4c9e3",
            "ticker": "KXHIGHCHI-24DEC05-B26.5",
            "count": 100,
            "created_time": "2024-12-05T03:11:00.102544Z",
            "yes_price": 22,
            "no_price": 78,
            "taker_side": "yes"
        },
        {
            "trade_id": "4d0ed6eb-4ba8-4329-8e38-e721bd821029",
            "ticker": "KXHIGHCHI-24DEC05-B26.5",
            "count": 100,
            "created_time": "2024-12-05T03:11:00.102544Z",
            "yes_price": 21,
            "no_price": 79,
            "taker_side": "yes"
        },
        {
            "trade_id": "47493b07-b610-4003-962e-bdca8056af32",
            "ticker": "KXHIGHCHI-24DEC05-B26.5",
            "count": 95,
            "created_time": "2024-12-05T03:11:00.102544Z",
            "yes_price": 20,
            "no_price": 80,
            "taker_side": "yes"
        },
        {
            "trade_id": "0cf6f361-4010-4963-b2ba-f230dd3db613",
            "ticker": "KXHIGHCHI-24DEC05-B26.5",
            "count": 100,
            "created_time": "2024-12-05T03:11:00.102544Z",
            "yes_price": 22,
            "no_price": 78,
            "taker_side": "yes"
        },
        {
            "trade_id": "c8f83bda-4348-44bf-9deb-abedd2f509cb",
            "ticker": "KXHIGHCHI-24DEC05-B26.5",
            "count": 312,
            "created_time": "2024-12-05T03:08:51.476798Z",
            "yes_price": 19,
            "no_price": 81,
            "taker_side": "yes"
        },
        {
            "trade_id": "86a82367-fc71-44a1-b3e4-b28cb28ba05f",
            "ticker": "KXHIGHCHI-24DEC05-B26.5",
            "count": 5,
            "created_time": "2024-12-05T03:00:44.018781Z",
            "yes_price": 20,
            "no_price": 80,
            "taker_side": "yes"
        },
        {
            "trade_id": "d8e8abc0-586a-4011-84cc-be69a683ef39",
            "ticker": "KXHIGHCHI-24DEC05-B26.5",
            "count": 112,
            "created_time": "2024-12-05T02:52:59.779806Z",
            "yes_price": 19,
            "no_price": 81,
            "taker_side": "yes"
        },
        {
            "trade_id": "48228260-7ad5-4db9-9eed-54c3dc3ddd79",
            "ticker": "KXHIGHCHI-24DEC05-B26.5",
            "count": 7,
            "created_time": "2024-12-05T02:52:59.779806Z",
            "yes_price": 19,
            "no_price": 81,
            "taker_side": "yes"
        },
        {
            "trade_id": "3a25abcc-39b7-4ccd-a370-31f2f41c50b1",
            "ticker": "KXHIGHCHI-24DEC05-B26.5",
            "count": 312,
            "created_time": "2024-12-05T02:52:59.779806Z",
            "yes_price": 20,
            "no_price": 80,
            "taker_side": "yes"
        },
        {
            "trade_id": "0e914058-0b5e-4b1c-a9f6-546c8f6b5600",
            "ticker": "KXHIGHCHI-24DEC05-B26.5",
            "count": 112,
            "created_time": "2024-12-05T02:52:59.779806Z",
            "yes_price": 18,
            "no_price": 82,
            "taker_side": "yes"
        },
        {
            "trade_id": "3ddf26af-feac-41f6-b49f-d00263841c59",
            "ticker": "KXHIGHCHI-24DEC05-B26.5",
            "count": 207,
            "created_time": "2024-12-05T02:51:27.275158Z",
            "yes_price": 17,
            "no_price": 83,
            "taker_side": "yes"
        },
        {
            "trade_id": "394ddb32-2a17-439f-b03b-e09542284618",
            "ticker": "KXHIGHCHI-24DEC05-B26.5",
            "count": 50,
            "created_time": "2024-12-05T02:51:27.275158Z",
            "yes_price": 16,
            "no_price": 84,
            "taker_side": "yes"
        },
        {
            "trade_id": "8582120f-5430-417e-86e9-07a53ad4b4ca",
            "ticker": "KXHIGHCHI-24DEC05-B26.5",
            "count": 34,
            "created_time": "2024-12-05T02:48:05.542742Z",
            "yes_price": 13,
            "no_price": 87,
            "taker_side": "no"
        },
        {
            "trade_id": "8c71a8c9-45fa-4435-9a58-8ae3c4b5b006",
            "ticker": "KXHIGHCHI-24DEC05-B26.5",
            "count": 50,
            "created_time": "2024-12-05T02:25:52.576609Z",
            "yes_price": 16,
            "no_price": 84,
            "taker_side": "yes"
        },
        {
            "trade_id": "4af8fd37-9bdd-4f78-bb33-25be3c1a00c0",
            "ticker": "KXHIGHCHI-24DEC05-B26.5",
            "count": 34,
            "created_time": "2024-12-05T00:55:52.183723Z",
            "yes_price": 17,
            "no_price": 83,
            "taker_side": "yes"
        },
        {
            "trade_id": "833d829a-925f-4ba6-8078-3d062405817b",
            "ticker": "KXHIGHCHI-24DEC05-B26.5",
            "count": 29,
            "created_time": "2024-12-05T00:39:21.845061Z",
            "yes_price": 21,
            "no_price": 79,
            "taker_side": "no"
        },
        {
            "trade_id": "15c9ae0a-8e4a-4663-ae2b-12aee0ab2b7c",
            "ticker": "KXHIGHCHI-24DEC05-B26.5",
            "count": 1,
            "created_time": "2024-12-05T00:27:41.153868Z",
            "yes_price": 20,
            "no_price": 80,
            "taker_side": "no"
        },
        {
            "trade_id": "eb098eda-bf49-4431-877f-57c1d197b5ba",
            "ticker": "KXHIGHCHI-24DEC05-B26.5",
            "count": 37,
            "created_time": "2024-12-05T00:26:45.724269Z",
            "yes_price": 20,
            "no_price": 80,
            "taker_side": "no"
        },
        {
            "trade_id": "06880484-4cc3-43b1-84ee-c837d980c3ae",
            "ticker": "KXHIGHCHI-24DEC05-B26.5",
            "count": 86,
            "created_time": "2024-12-05T00:26:45.724269Z",
            "yes_price": 20,
            "no_price": 80,
            "taker_side": "no"
        },
        {
            "trade_id": "ec86a666-d8dc-4c4e-98ff-505904af224b",
            "ticker": "KXHIGHCHI-24DEC05-B26.5",
            "count": 40,
            "created_time": "2024-12-05T00:26:40.806115Z",
            "yes_price": 20,
            "no_price": 80,
            "taker_side": "no"
        },
        {
            "trade_id": "7cd3f96a-f15d-4951-9b52-1f02a5774362",
            "ticker": "KXHIGHCHI-24DEC05-B26.5",
            "count": 63,
            "created_time": "2024-12-05T00:26:40.806115Z",
            "yes_price": 20,
            "no_price": 80,
            "taker_side": "no"
        },
        {
            "trade_id": "750d9b45-3dfa-4440-9921-0afd6d1bf156",
            "ticker": "KXHIGHCHI-24DEC05-B26.5",
            "count": 20,
            "created_time": "2024-12-05T00:26:40.806115Z",
            "yes_price": 21,
            "no_price": 79,
            "taker_side": "no"
        },
        {
            "trade_id": "def53a50-ea08-4745-9b74-5748b222ddcb",
            "ticker": "KXHIGHCHI-24DEC05-B26.5",
            "count": 50,
            "created_time": "2024-12-05T00:26:35.189889Z",
            "yes_price": 30,
            "no_price": 70,
            "taker_side": "no"
        },
        {
            "trade_id": "4195619f-825c-4705-af60-ae5c8f00f9d2",
            "ticker": "KXHIGHCHI-24DEC05-B26.5",
            "count": 80,
            "created_time": "2024-12-05T00:26:35.189889Z",
            "yes_price": 21,
            "no_price": 79,
            "taker_side": "no"
        },
        {
            "trade_id": "e11babf3-caf2-40d4-b107-ebefe4ba60c9",
            "ticker": "KXHIGHCHI-24DEC05-B26.5",
            "count": 81,
            "created_time": "2024-12-04T23:39:53.121786Z",
            "yes_price": 35,
            "no_price": 65,
            "taker_side": "yes"
        },
        {
            "trade_id": "f398e4ad-6c03-4761-9016-501d2320d189",
            "ticker": "KXHIGHCHI-24DEC05-B26.5",
            "count": 19,
            "created_time": "2024-12-04T23:33:32.804248Z",
            "yes_price": 35,
            "no_price": 65,
            "taker_side": "yes"
        },
        {
            "trade_id": "16646c23-ea1f-4ca5-9c2c-5d1ae6fef029",
            "ticker": "KXHIGHCHI-24DEC05-B26.5",
            "count": 8,
            "created_time": "2024-12-04T23:33:32.804248Z",
            "yes_price": 33,
            "no_price": 67,
            "taker_side": "yes"
        },
        {
            "trade_id": "cbd77fe5-fc01-4beb-80c2-f82e29fa1803",
            "ticker": "KXHIGHCHI-24DEC05-B26.5",
            "count": 10,
            "created_time": "2024-12-04T20:22:10.061564Z",
            "yes_price": 30,
            "no_price": 70,
            "taker_side": "no"
        },
        {
            "trade_id": "8e840f4e-0cd4-4585-b61a-2e6db1fc87b9",
            "ticker": "KXHIGHCHI-24DEC05-B26.5",
            "count": 12,
            "created_time": "2024-12-04T15:21:11.270559Z",
            "yes_price": 32,
            "no_price": 68,
            "taker_side": "no"
        },
        {
            "trade_id": "5e827f82-28f4-4ad3-8aca-c99e127e0276",
            "ticker": "KXHIGHCHI-24DEC05-B26.5",
            "count": 9,
            "created_time": "2024-12-04T15:17:26.09343Z",
            "yes_price": 32,
            "no_price": 68,
            "taker_side": "no"
        }
    ],
    "KXHIGHCHI-24DEC05-B28.5": [
        {
            "trade_id": "a2590d9e-e565-4bde-81e9-80e773e5a48e",
            "ticker": "KXHIGHCHI-24DEC05-B28.5",
            "count": 1,
            "created_time": "2024-12-06T04:51:53.767558Z",
            "yes_price": 99,
            "no_price": 1,
            "taker_side": "no"
        },
        {
            "trade_id": "44e4a2ad-7474-40d4-851b-e220f8955e22",
            "ticker": "KXHIGHCHI-24DEC05-B28.5",
            "count": 74,
            "created_time": "2024-12-06T02:20:58.927793Z",
            "yes_price": 99,
            "no_price": 1,
            "taker_side": "no"
        },
        {
            "trade_id": "687fbf9e-da23-4d9c-920c-6f21be63ff88",
            "ticker": "KXHIGHCHI-24DEC05-B28.5",
            "count": 50,
            "created_time": "2024-12-06T02:20:58.15583Z",
            "yes_price": 99,
            "no_price": 1,
            "taker_side": "no"
        },
        {
            "trade_id": "db1ad2b2-518d-4a33-a977-e5b9e9a6b5b9",
            "ticker": "KXHIGHCHI-24DEC05-B28.5",
            "count": 35,
            "created_time": "2024-12-06T01:44:03.696968Z",
            "yes_price": 99,
            "no_price": 1,
