{
    "KXHIGHCHI-24DEC11-T26": [
        {
            "trade_id": "87102122-0c40-4948-9661-2018567d664f",
            "ticker": "KXHIGHCHI-24DEC11-T26",
            "count": 93,
            "created_time": "2024-12-12T04:28:17.004387Z",
            "yes_price": 1,
            "no_price": 99,
            "taker_side": "yes"
        },
        {
            "trade_id": "aafe52ae-4071-4be6-aded-b631f9a24d2b",
            "ticker": "KXHIGHCHI-24DEC11-T26",
            "count": 10841,
            "created_time": "2024-12-11T23:18:01.717138Z",
            "yes_price": 1,
            "no_price": 99,
            "taker_side": "yes"
        },
        {
            "trade_id": "92f45fc4-cb29-415b-b40f-bd8adb7eef11",
            "ticker": "KXHIGHCHI-24DEC11-T26",
            "count": 280,
            "created_time": "2024-12-11T22:57:23.746389Z",
            "yes_price": 1,
            "no_price": 99,
            "taker_side": "yes"
        },
        {
            "trade_id": "556fef8e-c580-4e39-95ed-8379de1745a0",
            "ticker": "KXHIGHCHI-24DEC11-T26",
            "count": 93,
            "created_time": "2024-12-11T14:52:54.89869Z",
            "yes_price": 1,
            "no_price": 99,
            "taker_side": "yes"
        },
        {
            "trade_id": "d339033d-9d5c-476d-ac1b-8e95da9e34d3",
            "ticker": "KXHIGHCHI-24DEC11-T26",
            "count": 41,
            "created_time": "2024-12-11T01:09:59.110392Z",
            "yes_price": 1,
            "no_price": 99,
            "taker_side": "no"
        },
        {
            "trade_id": "336bb4f7-7e52-44f0-9234-81b90ff686ca",
            "ticker": "KXHIGHCHI-24DEC11-T26",
            "count": 9,
            "created_time": "2024-12-10T16:16:10.744055Z",
            "yes_price": 1,
            "no_price": 99,
            "taker_side": "no"
        }
    ],
    "KXHIGHCHI-24DEC11-B26.5": [
        {
            "trade_id": "567fb868-df1c-4c62-a586-8db9aedbd106",
            "ticker": "KXHIGHCHI-24DEC11-B26.5",
            "count": 31,
            "created_time": "2024-12-11T01:54:43.033563Z",
            "yes_price": 1,
            "no_price": 99,
            "taker_side": "no"
        },
        {
            "trade_id": "bd7fbdd5-95bd-420e-97b7-f65e04dc8730",
            "ticker": "KXHIGHCHI-24DEC11-B26.5",
            "count": 10,
            "created_time": "2024-12-11T01:52:04.522631Z",
            "yes_price": 1,
            "no_price": 99,
            "taker_side": "no"
        },
        {
            "trade_id": "751eefca-165b-480e-9e93-f7c498a590a8",
            "ticker": "KXHIGHCHI-24DEC11-B26.5",
            "count": 5,
            "created_time": "2024-12-10T16:54:44.77053Z",
            "yes_price": 2,
            "no_price": 98,
            "taker_side": "no"
        },
        {
            "trade_id": "f66fa07f-547b-4acd-af7c-ab6be2bd8405",
            "ticker": "KXHIGHCHI-24DEC11-B26.5",
            "count": 9,
            "created_time": "2024-12-10T16:16:10.709512Z",
            "yes_price": 1,
            "no_price": 99,
            "taker_side": "no"
        }
    ],
    "KXHIGHCHI-24DEC11-B28.5": [
        {
            "trade_id": "191c85b4-c80b-40de-9f12-5fb1fe9a119e",
            "ticker": "KXHIGHCHI-24DEC11-B28.5",
            "count": 93,
            "created_time": "2024-12-11T22:41:54.189023Z",
            "yes_price": 1,
            "no_price": 99,
            "taker_side": "yes"
        },
        {
            "trade_id": "3be78bdf-0763-4459-8db2-120262e01fb9",
            "ticker": "KXHIGHCHI-24DEC11-B28.5",
            "count": 93,
            "created_time": "2024-12-11T14:50:17.100022Z",
            "yes_price": 1,
            "no_price": 99,
            "taker_side": "yes"
        },
        {
            "trade_id": "a4bfc081-6ab9-4570-9b23-200611b98f8b",
            "ticker": "KXHIGHCHI-24DEC11-B28.5",
            "count": 90,
            "created_time": "2024-12-11T13:01:14.637273Z",
            "yes_price": 1,
            "no_price": 99,
            "taker_side": "yes"
        },
        {
            "trade_id": "024880b3-1e79-4b27-957b-99af663b8f3c",
            "ticker": "KXHIGHCHI-24DEC11-B28.5",
            "count": 2,
            "created_time": "2024-12-11T13:01:14.637273Z",
            "yes_price": 1,
            "no_price": 99,
            "taker_side": "yes"
        },
        {
            "trade_id": "205242e3-5fbb-4f71-9a02-2051292a5439",
            "ticker": "KXHIGHCHI-24DEC11-B28.5",
            "count": 1500,
            "created_time": "2024-12-11T06:07:07.714338Z",
            "yes_price": 1,
            "no_price": 99,
            "taker_side": "yes"
        },
        {
            "trade_id": "1f27b1b0-76f5-4906-a4ba-c6cb4809c1f0",
            "ticker": "KXHIGHCHI-24DEC11-B28.5",
            "count": 25000,
            "created_time": "2024-12-11T06:07:07.714338Z",
            "yes_price": 1,
            "no_price": 99,
            "taker_side": "yes"
        },
        {
            "trade_id": "5d63cfbc-d8ed-4fc6-a61d-81737f75855a",
            "ticker": "KXHIGHCHI-24DEC11-B28.5",
            "count": 721,
            "created_time": "2024-12-11T05:56:02.072524Z",
            "yes_price": 1,
            "no_price": 99,
            "taker_side": "no"
        },
        {
            "trade_id": "e4c7e181-0102-46ed-bc9a-fbc0326e7d55",
            "ticker": "KXHIGHCHI-24DEC11-B28.5",
            "count": 6,
            "created_time": "2024-12-11T05:55:32.644744Z",
            "yes_price": 1,
            "no_price": 99,
            "taker_side": "no"
        },
        {
            "trade_id": "f957a3f4-5f82-4be1-84da-124a2fc036b9",
            "ticker": "KXHIGHCHI-24DEC11-B28.5",
            "count": 27,
            "created_time": "2024-12-11T05:54:21.082392Z",
            "yes_price": 1,
            "no_price": 99,
            "taker_side": "no"
        },
        {
            "trade_id": "04c322bd-ed1d-4c9c-834d-46493b413205",
            "ticker": "KXHIGHCHI-24DEC11-B28.5",
            "count": 273,
            "created_time": "2024-12-11T05:54:21.082392Z",
            "yes_price": 1,
            "no_price": 99,
            "taker_side": "no"
        },
        {
            "trade_id": "04635c36-9214-4a16-8662-2cdf566e643e",
            "ticker": "KXHIGHCHI-24DEC11-B28.5",
            "count": 10,
            "created_time": "2024-12-11T05:38:42.404542Z",
            "yes_price": 1,
            "no_price": 99,
            "taker_side": "no"
        },
        {
            "trade_id": "5902b1df-d96b-4d97-b7ee-742e9047ca09",
            "ticker": "KXHIGHCHI-24DEC11-B28.5",
            "count": 13,
            "created_time": "2024-12-11T05:29:41.511107Z",
            "yes_price": 1,
            "no_price": 99,
            "taker_side": "no"
        },
        {
            "trade_id": "1e1c36c7-afd7-40a6-9791-bae503ddde6f",
            "ticker": "KXHIGHCHI-24DEC11-B28.5",
            "count": 93,
            "created_time": "2024-12-11T05:27:35.797471Z",
            "yes_price": 2,
            "no_price": 98,
            "taker_side": "yes"
        },
        {
            "trade_id": "cf53fa5c-e255-4afd-9889-d2e3bee080cc",
            "ticker": "KXHIGHCHI-24DEC11-B28.5",
            "count": 50,
            "created_time": "2024-12-11T05:17:11.69474Z",
            "yes_price": 2,
            "no_price": 98,
            "taker_side": "yes"
        },
        {
            "trade_id": "796ea7e6-c413-4b11-bd41-151cbbdf6c14",
            "ticker": "KXHIGHCHI-24DEC11-B28.5",
            "count": 170,
            "created_time": "2024-12-11T05:16:40.070761Z",
            "yes_price": 2,
            "no_price": 98,
            "taker_side": "yes"
        },
        {
            "trade_id": "23f2d68e-61d2-423a-9b75-175024ce4468",
            "ticker": "KXHIGHCHI-24DEC11-B28.5",
            "count": 60,
            "created_time": "2024-12-11T03:37:37.661841Z",
            "yes_price": 2,
            "no_price": 98,
            "taker_side": "no"
        },
        {
            "trade_id": "11a7bbb6-e4d0-4b5c-81e3-24e4174f2923",
            "ticker": "KXHIGHCHI-24DEC11-B28.5",
            "count": 100,
            "created_time": "2024-12-11T02:54:38.389935Z",
            "yes_price": 2,
            "no_price": 98,
            "taker_side": "no"
        },
        {
            "trade_id": "7026ea8c-4a38-4943-a054-4c1e56b63ad4",
            "ticker": "KXHIGHCHI-24DEC11-B28.5",
            "count": 62,
            "created_time": "2024-12-11T02:45:49.051968Z",
            "yes_price": 2,
            "no_price": 98,
            "taker_side": "no"
        },
        {
            "trade_id": "c2901da7-3e1b-4a88-937c-c97d17a52a2b",
            "ticker": "KXHIGHCHI-24DEC11-B28.5",
            "count": 100,
            "created_time": "2024-12-11T02:45:48.957069Z",
            "yes_price": 2,
            "no_price": 98,
            "taker_side": "no"
        },
        {
            "trade_id": "6f3f901e-11bc-40a0-b765-84ab87095b62",
            "ticker": "KXHIGHCHI-24DEC11-B28.5",
            "count": 70,
            "created_time": "2024-12-11T02:36:05.817305Z",
            "yes_price": 2,
            "no_price": 98,
            "taker_side": "no"
        },
        {
            "trade_id": "54431339-b4f3-41ba-a619-e72cd79514fd",
            "ticker": "KXHIGHCHI-24DEC11-B28.5",
            "count": 24,
            "created_time": "2024-12-11T02:27:36.949174Z",
            "yes_price": 2,
            "no_price": 98,
            "taker_side": "no"
        },
        {
            "trade_id": "7263063d-6a79-4858-af26-5429176ae670",
            "ticker": "KXHIGHCHI-24DEC11-B28.5",
            "count": 15,
            "created_time": "2024-12-11T02:13:30.111205Z",
            "yes_price": 2,
            "no_price": 98,
            "taker_side": "no"
        },
        {
            "trade_id": "bbb1c445-441a-4aa3-abbb-e69634b4203d",
            "ticker": "KXHIGHCHI-24DEC11-B28.5",
            "count": 12,
            "created_time": "2024-12-11T02:08:46.252683Z",
            "yes_price": 2,
            "no_price": 98,
            "taker_side": "no"
        },
        {
            "trade_id": "cbe1c414-8b1f-4897-8158-76d0ffdbe344",
            "ticker": "KXHIGHCHI-24DEC11-B28.5",
            "count": 27,
            "created_time": "2024-12-11T02:04:01.739138Z",
            "yes_price": 2,
            "no_price": 98,
            "taker_side": "no"
        },
        {
            "trade_id": "9a963781-2a85-46c0-aca0-4e4313c7a358",
            "ticker": "KXHIGHCHI-24DEC11-B28.5",
            "count": 100,
            "created_time": "2024-12-11T01:54:43.071756Z",
            "yes_price": 2,
            "no_price": 98,
            "taker_side": "no"
        },
        {
            "trade_id": "561473b5-d188-4f38-9cb3-3c0e121f9643",
            "ticker": "KXHIGHCHI-24DEC11-B28.5",
            "count": 10,
            "created_time": "2024-12-11T01:52:04.517564Z",
            "yes_price": 2,
            "no_price": 98,
            "taker_side": "no"
        },
        {
            "trade_id": "f733630a-b827-4e2c-93e2-feeb5e4c8fb2",
            "ticker": "KXHIGHCHI-24DEC11-B28.5",
            "count": 896,
            "created_time": "2024-12-10T23:46:32.789674Z",
            "yes_price": 4,
            "no_price": 96,
            "taker_side": "no"
        },
        {
            "trade_id": "e9da563a-1647-47e0-a0da-5627c5051c45",
            "ticker": "KXHIGHCHI-24DEC11-B28.5",
            "count": 104,
            "created_time": "2024-12-10T22:49:20.717212Z",
            "yes_price": 4,
            "no_price": 96,
            "taker_side": "no"
        },
        {
            "trade_id": "143332f0-f7ea-47c8-802d-cadbf7a5cc8e",
            "ticker": "KXHIGHCHI-24DEC11-B28.5",
            "count": 100,
            "created_time": "2024-12-10T21:21:50.460422Z",
            "yes_price": 6,
            "no_price": 94,
            "taker_side": "yes"
        },
        {
            "trade_id": "df50362c-b959-47a3-9688-36a1ca3ce548",
            "ticker": "KXHIGHCHI-24DEC11-B28.5",
            "count": 9,
            "created_time": "2024-12-10T16:16:10.741584Z",
            "yes_price": 2,
            "no_price": 98,
            "taker_side": "no"
        }
    ],
    "KXHIGHCHI-24DEC11-B30.5": [
        {
            "trade_id": "72957295-c29f-4065-be69-a42c709cfe3f",
            "ticker": "KXHIGHCHI-24DEC11-B30.5",
            "count": 93,
            "created_time": "2024-12-12T00:31:17.453588Z",
            "yes_price": 1,
            "no_price": 99,
            "taker_side": "yes"
        },
        {
            "trade_id": "131b2d6f-79f1-4384-b119-6494ee04b50b",
            "ticker": "KXHIGHCHI-24DEC11-B30.5",
            "count": 69,
            "created_time": "2024-12-11T23:55:24.632611Z",
            "yes_price": 1,
            "no_price": 99,
            "taker_side": "yes"
        },
        {
            "trade_id": "52767ab7-db82-4d5f-9905-44ea62d86be1",
            "ticker": "KXHIGHCHI-24DEC11-B30.5",
            "count": 1344,
            "created_time": "2024-12-11T22:45:09.097497Z",
            "yes_price": 1,
            "no_price": 99,
            "taker_side": "yes"
        },
        {
            "trade_id": "c03a4f71-756e-4dc8-80f6-ad57d854ddc6",
            "ticker": "KXHIGHCHI-24DEC11-B30.5",
            "count": 93,
            "created_time": "2024-12-11T22:13:18.104444Z",
            "yes_price": 1,
            "no_price": 99,
            "taker_side": "yes"
        },
        {
            "trade_id": "98c1ad46-e176-47b6-9125-2b1c45ab9477",
            "ticker": "KXHIGHCHI-24DEC11-B30.5",
            "count": 93,
            "created_time": "2024-12-11T22:12:13.940955Z",
            "yes_price": 1,
            "no_price": 99,
            "taker_side": "yes"
        },
        {
            "trade_id": "0c07010c-56df-45c3-825b-b61e3bfcca7f",
            "ticker": "KXHIGHCHI-24DEC11-B30.5",
            "count": 1028,
            "created_time": "2024-12-11T21:39:20.582876Z",
            "yes_price": 1,
            "no_price": 99,
            "taker_side": "yes"
        },
        {
            "trade_id": "382003de-649c-484d-b1bf-86f6d82da14a",
            "ticker": "KXHIGHCHI-24DEC11-B30.5",
            "count": 140,
            "created_time": "2024-12-11T21:26:18.067875Z",
            "yes_price": 1,
            "no_price": 99,
            "taker_side": "yes"
        },
        {
            "trade_id": "3a838d06-3d47-41dd-8fc7-7b4eb3397f21",
            "ticker": "KXHIGHCHI-24DEC11-B30.5",
            "count": 61,
            "created_time": "2024-12-11T16:23:56.709655Z",
            "yes_price": 1,
            "no_price": 99,
            "taker_side": "yes"
        },
        {
            "trade_id": "9d7397a6-ab82-46d6-b4d3-9acd4970e714",
            "ticker": "KXHIGHCHI-24DEC11-B30.5",
            "count": 1000,
            "created_time": "2024-12-11T15:48:16.385778Z",
            "yes_price": 1,
            "no_price": 99,
            "taker_side": "yes"
        },
        {
            "trade_id": "0b30a2d6-b3f3-4316-ad28-924c6624ac51",
            "ticker": "KXHIGHCHI-24DEC11-B30.5",
            "count": 71,
            "created_time": "2024-12-11T15:45:03.302961Z",
            "yes_price": 1,
            "no_price": 99,
            "taker_side": "yes"
        },
        {
            "trade_id": "f34fd567-1759-409e-9cdc-ac585b395138",
            "ticker": "KXHIGHCHI-24DEC11-B30.5",
            "count": 4675,
            "created_time": "2024-12-11T15:42:59.239163Z",
            "yes_price": 1,
            "no_price": 99,
            "taker_side": "yes"
        },
        {
            "trade_id": "18ffb507-8dbb-4ef6-a4b9-6548d4675ed7",
            "ticker": "KXHIGHCHI-24DEC11-B30.5",
            "count": 465,
            "created_time": "2024-12-11T15:42:54.506436Z",
            "yes_price": 1,
            "no_price": 99,
            "taker_side": "yes"
        },
        {
            "trade_id": "7806ba12-ab50-4bcb-b48e-ee3c4ec5d5ad",
            "ticker": "KXHIGHCHI-24DEC11-B30.5",
            "count": 5988,
            "created_time": "2024-12-11T15:39:43.434849Z",
            "yes_price": 1,
            "no_price": 99,
            "taker_side": "yes"
        },
        {
            "trade_id": "82c1b374-8a8e-4ea7-9ea8-864d7ed85b4a",
            "ticker": "KXHIGHCHI-24DEC11-B30.5",
            "count": 3,
            "created_time": "2024-12-11T15:38:36.370607Z",
            "yes_price": 1,
            "no_price": 99,
            "taker_side": "yes"
        },
        {
            "trade_id": "691a081b-5d04-4743-9501-309e7ab7a8c7",
            "ticker": "KXHIGHCHI-24DEC11-B30.5",
            "count": 500,
            "created_time": "2024-12-11T15:37:38.121388Z",
            "yes_price": 1,
            "no_price": 99,
            "taker_side": "yes"
        },
        {
            "trade_id": "411cd638-fba5-4f60-b962-a13d77197eab",
            "ticker": "KXHIGHCHI-24DEC11-B30.5",
            "count": 77,
            "created_time": "2024-12-11T15:37:14.078733Z",
            "yes_price": 1,
            "no_price": 99,
            "taker_side": "yes"
        },
        {
            "trade_id": "fd3bb31f-a3b5-4951-9c78-50fa18f57f5a",
            "ticker": "KXHIGHCHI-24DEC11-B30.5",
            "count": 100,
            "created_time": "2024-12-11T15:37:13.527026Z",
            "yes_price": 1,
            "no_price": 99,
            "taker_side": "yes"
        },
        {
            "trade_id": "be157a12-ab8d-4a04-9fcf-2524b93dfe79",
            "ticker": "KXHIGHCHI-24DEC11-B30.5",
            "count": 504,
            "created_time": "2024-12-11T15:37:12.96383Z",
            "yes_price": 1,
            "no_price": 99,
            "taker_side": "yes"
        },
        {
            "trade_id": "56af4091-180b-4d98-a39a-7bd7795178db",
            "ticker": "KXHIGHCHI-24DEC11-B30.5",
            "count": 349,
            "created_time": "2024-12-11T15:37:12.462248Z",
            "yes_price": 1,
            "no_price": 99,
            "taker_side": "yes"
        },
        {
            "trade_id": "f2b0c61c-b3cb-4169-9166-b297e52345ff",
            "ticker": "KXHIGHCHI-24DEC11-B30.5",
            "count": 272,
            "created_time": "2024-12-11T15:37:11.770041Z",
            "yes_price": 1,
            "no_price": 99,
            "taker_side": "yes"
        },
        {
            "trade_id": "ea3d6006-0e3c-4451-a1bc-41b711f6043e",
            "ticker": "KXHIGHCHI-24DEC11-B30.5",
            "count": 190,
            "created_time": "2024-12-11T15:37:11.613451Z",
            "yes_price": 2,
            "no_price": 98,
            "taker_side": "no"
        },
        {
            "trade_id": "5201af09-a531-476f-a689-889d9778d9bc",
            "ticker": "KXHIGHCHI-24DEC11-B30.5",
            "count": 31,
            "created_time": "2024-12-11T15:37:11.613451Z",
            "yes_price": 1,
            "no_price": 99,
            "taker_side": "no"
        },
        {
            "trade_id": "408053e1-63dd-451a-bc52-c7408c201b0d",
            "ticker": "KXHIGHCHI-24DEC11-B30.5",
            "count": 120,
            "created_time": "2024-12-11T15:37:11.613451Z",
            "yes_price": 1,
            "no_price": 99,
            "taker_side": "no"
        },
        {
            "trade_id": "2337ae03-739d-4a0d-83b8-928d90b0a12e",
            "ticker": "KXHIGHCHI-24DEC11-B30.5",
            "count": 120,
            "created_time": "2024-12-11T15:37:11.613451Z",
            "yes_price": 1,
            "no_price": 99,
            "taker_side": "no"
        },
        {
            "trade_id": "fd5a47a3-60c2-421c-8fee-f92e09c6c54b",
            "ticker": "KXHIGHCHI-24DEC11-B30.5",
            "count": 40,
            "created_time": "2024-12-11T15:37:08.682821Z",
            "yes_price": 8,
            "no_price": 92,
            "taker_side": "no"
        },
        {
            "trade_id": "bf8d74b3-4cfc-4c5c-b43f-9705641a44d0",
            "ticker": "KXHIGHCHI-24DEC11-B30.5",
            "count": 30,
            "created_time": "2024-12-11T15:37:08.682821Z",
            "yes_price": 9,
            "no_price": 91,
            "taker_side": "no"
        },
        {
            "trade_id": "bd1e0c8e-7bbc-46e2-9906-82be85b19157",
            "ticker": "KXHIGHCHI-24DEC11-B30.5",
            "count": 40,
            "created_time": "2024-12-11T15:37:08.682821Z",
            "yes_price": 5,
            "no_price": 95,
            "taker_side": "no"
        },
        {
            "trade_id": "b06512dc-f389-467b-b0b5-d11bd9a7e1b6",
            "ticker": "KXHIGHCHI-24DEC11-B30.5",
            "count": 50,
            "created_time": "2024-12-11T15:37:08.682821Z",
            "yes_price": 1,
            "no_price": 99,
            "taker_side": "no"
        },
        {
            "trade_id": "a3031a3f-4aa5-4aa9-a5bb-4a3df64d7a77",
            "ticker": "KXHIGHCHI-24DEC11-B30.5",
            "count": 40,
            "created_time": "2024-12-11T15:37:08.682821Z",
            "yes_price": 8,
            "no_price": 92,
            "taker_side": "no"
        },
        {
            "trade_id": "8dd9c3f8-9cfb-434a-bafc-4c6e14a6459b",
            "ticker": "KXHIGHCHI-24DEC11-B30.5",
            "count": 40,
            "created_time": "2024-12-11T15:37:08.682821Z",
            "yes_price": 5,
            "no_price": 95,
            "taker_side": "no"
        },
        {
            "trade_id": "75249f8a-4bb5-4634-a170-e74dece5f7bc",
            "ticker": "KXHIGHCHI-24DEC11-B30.5",
            "count": 839,
            "created_time": "2024-12-11T15:37:08.682821Z",
            "yes_price": 10,
            "no_price": 90,
            "taker_side": "no"
        },
        {
            "trade_id": "710b4235-3682-4595-a2b3-aedadf333a9a",
            "ticker": "KXHIGHCHI-24DEC11-B30.5",
            "count": 200,
            "created_time": "2024-12-11T15:37:08.682821Z",
            "yes_price": 5,
            "no_price": 95,
            "taker_side": "no"
        },
        {
            "trade_id": "5cc37021-6c0b-41d0-a9da-0bb3ec9e49b8",
            "ticker": "KXHIGHCHI-24DEC11-B30.5",
            "count": 100,
            "created_time": "2024-12-11T15:37:08.682821Z",
            "yes_price": 1,
            "no_price": 99,
            "taker_side": "no"
        },
        {
            "trade_id": "4c29338c-3a36-4ffb-b9d5-e3817d50580e",
            "ticker": "KXHIGHCHI-24DEC11-B30.5",
            "count": 120,
            "created_time": "2024-12-11T15:37:08.682821Z",
            "yes_price": 1,
            "no_price": 99,
            "taker_side": "no"
        },
        {
            "trade_id": "4bb5edc3-91b8-49a5-accb-50deefa52450",
            "ticker": "KXHIGHCHI-24DEC11-B30.5",
            "count": 100,
            "created_time": "2024-12-11T15:37:08.682821Z",
            "yes_price": 3,
            "no_price": 97,
            "taker_side": "no"
        },
        {
            "trade_id": "376a683d-583f-4191-a2cd-3506c10e2132",
            "ticker": "KXHIGHCHI-24DEC11-B30.5",
            "count": 40,
            "created_time": "2024-12-11T15:37:08.682821Z",
            "yes_price": 8,
            "no_price": 92,
            "taker_side": "no"
        },
        {
            "trade_id": "25e478dd-ebf1-470e-80ce-dfef3f480901",
            "ticker": "KXHIGHCHI-24DEC11-B30.5",
            "count": 89,
            "created_time": "2024-12-11T15:37:08.682821Z",
            "yes_price": 1,
            "no_price": 99,
            "taker_side": "no"
        },
        {
            "trade_id": "1196b4da-7055-4301-bf0f-fa9ae1aec155",
            "ticker": "KXHIGHCHI-24DEC11-B30.5",
            "count": 40,
            "created_time": "2024-12-11T15:37:08.682821Z",
            "yes_price": 5,
            "no_price": 95,
            "taker_side": "no"
        },
        {
            "trade_id": "0a1ad4e1-1e87-4d4d-9a0a-e2b14f92ef82",
            "ticker": "KXHIGHCHI-24DEC11-B30.5",
            "count": 500,
            "created_time": "2024-12-11T15:37:08.682821Z",
            "yes_price": 3,
            "no_price": 97,
            "taker_side": "no"
        },
        {
            "trade_id": "c9293827-6285-484e-9873-fd623db0a039",
            "ticker": "KXHIGHCHI-24DEC11-B30.5",
            "count": 100,
            "created_time": "2024-12-11T15:37:08.540501Z",
            "yes_price": 18,
            "no_price": 82,
            "taker_side": "no"
        },
        {
            "trade_id": "a43e7de1-466d-4809-a7ca-b26697f5fe52",
            "ticker": "KXHIGHCHI-24DEC11-B30.5",
            "count": 1383,
            "created_time": "2024-12-11T15:37:08.540501Z",
            "yes_price": 10,
            "no_price": 90,
            "taker_side": "no"
        },
        {
            "trade_id": "7f7eb124-7c6e-4e62-89d5-08dc096eb11f",
            "ticker": "KXHIGHCHI-24DEC11-B30.5",
            "count": 80,
            "created_time": "2024-12-11T15:37:08.540501Z",
            "yes_price": 20,
            "no_price": 80,
            "taker_side": "no"
        },
        {
            "trade_id": "64d44177-067a-4361-b8c5-adb560fd59b8",
            "ticker": "KXHIGHCHI-24DEC11-B30.5",
            "count": 487,
            "created_time": "2024-12-11T15:37:08.540501Z",
            "yes_price": 20,
            "no_price": 80,
            "taker_side": "no"
        },
        {
            "trade_id": "056322f6-ec8d-4f50-8f20-a9608b1724fa",
            "ticker": "KXHIGHCHI-24DEC11-B30.5",
            "count": 100,
            "created_time": "2024-12-11T15:37:08.540501Z",
            "yes_price": 13,
            "no_price": 87,
            "taker_side": "no"
        },
        {
            "trade_id": "0173a67d-246a-4b74-afff-abbe2462fb11",
            "ticker": "KXHIGHCHI-24DEC11-B30.5",
            "count": 100,
            "created_time": "2024-12-11T15:37:08.540501Z",
            "yes_price": 17,
            "no_price": 83,
            "taker_side": "no"
        },
        {
            "trade_id": "877d345a-a26d-4778-9679-15493489c24e",
            "ticker": "KXHIGHCHI-24DEC11-B30.5",
            "count": 17,
            "created_time": "2024-12-11T15:37:08.499811Z",
            "yes_price": 22,
            "no_price": 78,
            "taker_side": "no"
        },
        {
            "trade_id": "7070dfb4-6a13-4807-9693-0158126a1048",
            "ticker": "KXHIGHCHI-24DEC11-B30.5",
            "count": 20,
            "created_time": "2024-12-11T15:37:08.499811Z",
            "yes_price": 22,
            "no_price": 78,
            "taker_side": "no"
        },
        {
            "trade_id": "6ae56a43-438c-4474-90e4-87ce8b02d528",
            "ticker": "KXHIGHCHI-24DEC11-B30.5",
            "count": 48,
            "created_time": "2024-12-11T15:37:08.499811Z",
            "yes_price": 20,
            "no_price": 80,
            "taker_side": "no"
        },
        {
            "trade_id": "67cd4562-4d3b-4900-ba5d-8abe224e0b4c",
            "ticker": "KXHIGHCHI-24DEC11-B30.5",
            "count": 55,
            "created_time": "2024-12-11T15:37:08.499811Z",
            "yes_price": 21,
            "no_price": 79,
            "taker_side": "no"
        },
        {
            "trade_id": "18bc3ade-437f-41e7-9385-ea68b08b6774",
            "ticker": "KXHIGHCHI-24DEC11-B30.5",
            "count": 60,
            "created_time": "2024-12-11T15:37:08.499811Z",
            "yes_price": 22,
            "no_price": 78,
            "taker_side": "no"
        },
        {
            "trade_id": "1790cee1-eb65-44d9-94c7-ea762c472b54",
            "ticker": "KXHIGHCHI-24DEC11-B30.5",
            "count": 12,
            "created_time": "2024-12-11T15:35:28.545493Z",
            "yes_price": 26,
            "no_price": 74,
            "taker_side": "yes"
        },
        {
            "trade_id": "e9c55851-2b2e-4f76-9feb-7e9ee76741a6",
            "ticker": "KXHIGHCHI-24DEC11-B30.5",
            "count": 5,
            "created_time": "2024-12-11T15:22:22.684755Z",
            "yes_price": 29,
            "no_price": 71,
            "taker_side": "yes"
        },
        {
            "trade_id": "395d8c6a-9146-404c-9865-febe3893dbe8",
            "ticker": "KXHIGHCHI-24DEC11-B30.5",
            "count": 300,
            "created_time": "2024-12-11T15:18:59.634083Z",
            "yes_price": 23,
            "no_price": 77,
            "taker_side": "no"
        },
        {
            "trade_id": "714f257d-b260-4fbc-bb66-5c473da5dbba",
            "ticker": "KXHIGHCHI-24DEC11-B30.5",
            "count": 80,
            "created_time": "2024-12-11T15:17:07.933351Z",
            "yes_price": 28,
            "no_price": 72,
            "taker_side": "yes"
        },
        {
            "trade_id": "45a07f67-4bb9-44e9-92e9-65073af3a3a5",
            "ticker": "KXHIGHCHI-24DEC11-B30.5",
            "count": 500,
            "created_time": "2024-12-11T15:17:07.933351Z",
            "yes_price": 28,
            "no_price": 72,
            "taker_side": "yes"
        },
        {
            "trade_id": "bfebe205-1e13-4c87-9b18-3dcf61cc2e7b",
            "ticker": "KXHIGHCHI-24DEC11-B30.5",
            "count": 5,
            "created_time": "2024-12-11T15:16:59.53468Z",
            "yes_price": 27,
            "no_price": 73,
            "taker_side": "yes"
        },
        {
            "trade_id": "00ffa926-03dd-4d82-906b-90bf570aa117",
            "ticker": "KXHIGHCHI-24DEC11-B30.5",
            "count": 3,
            "created_time": "2024-12-11T15:15:22.133199Z",
            "yes_price": 24,
            "no_price": 76,
            "taker_side": "no"
        },
        {
            "trade_id": "33fce3d8-095e-4be8-8295-c0cad02d3a48",
            "ticker": "KXHIGHCHI-24DEC11-B30.5",
            "count": 5,
            "created_time": "2024-12-11T15:13:53.646352Z",
            "yes_price": 21,
            "no_price": 79,
            "taker_side": "no"
        },
        {
            "trade_id": "586a0591-aef2-461e-af38-b1dac7096de1",
            "ticker": "KXHIGHCHI-24DEC11-B30.5",
            "count": 500,
            "created_time": "2024-12-11T15:11:26.242725Z",
            "yes_price": 27,
            "no_price": 73,
            "taker_side": "yes"
        },
        {
            "trade_id": "379e348d-286a-412d-b0c6-17b68f9700b4",
            "ticker": "KXHIGHCHI-24DEC11-B30.5",
            "count": 60,
            "created_time": "2024-12-11T15:11:26.242725Z",
            "yes_price": 27,
            "no_price": 73,
            "taker_side": "yes"
        },
        {
            "trade_id": "8e437708-2da8-44f2-906b-c1e0f1bb8532",
            "ticker": "KXHIGHCHI-24DEC11-B30.5",
            "count": 60,
            "created_time": "2024-12-11T15:04:14.414135Z",
            "yes_price": 27,
            "no_price": 73,
            "taker_side": "yes"
        },
        {
            "trade_id": "4f4cc87a-5e05-4169-965c-43e1482af2ba",
            "ticker": "KXHIGHCHI-24DEC11-B30.5",
            "count": 85,
            "created_time": "2024-12-11T15:04:14.414135Z",
            "yes_price": 29,
            "no_price": 71,
            "taker_side": "yes"
        },
        {
            "trade_id": "4a1ed15a-b98a-40ba-8b90-485532fd4f13",
            "ticker": "KXHIGHCHI-24DEC11-B30.5",
            "count": 24,
            "created_time": "2024-12-11T15:04:14.414135Z",
            "yes_price": 27,
            "no_price": 73,
            "taker_side": "yes"
        },
        {
            "trade_id": "b36dd14f-394a-4581-a1a4-9d91b0867000",
            "ticker": "KXHIGHCHI-24DEC11-B30.5",
            "count": 76,
            "created_time": "2024-12-11T14:57:34.19994Z",
            "yes_price": 21,
            "no_price": 79,
            "taker_side": "no"
        },
        {
            "trade_id": "98981efa-9ea3-4911-b150-a2b6406feb1d",
            "ticker": "KXHIGHCHI-24DEC11-B30.5",
            "count": 60,
            "created_time": "2024-12-11T14:57:34.19994Z",
            "yes_price": 21,
            "no_price": 79,
            "taker_side": "no"
        },
        {
            "trade_id": "7ee73b6f-7a66-4b6c-88bf-4bf78eb590e1",
            "ticker": "KXHIGHCHI-24DEC11-B30.5",
            "count": 465,
            "created_time": "2024-12-11T14:57:34.19994Z",
            "yes_price": 20,
            "no_price": 80,
            "taker_side": "no"
        },
        {
            "trade_id": "6718dd8e-be89-430c-a0f1-93829c6b0eb2",
            "ticker": "KXHIGHCHI-24DEC11-B30.5",
            "count": 82,
            "created_time": "2024-12-11T14:57:34.19994Z",
            "yes_price": 20,
            "no_price": 80,
            "taker_side": "no"
        },
        {
            "trade_id": "e1b2eb2e-3c00-4ac3-859f-028cd5dc19db",
            "ticker": "KXHIGHCHI-24DEC11-B30.5",
            "count": 3,
            "created_time": "2024-12-11T14:52:26.378837Z",
            "yes_price": 28,
            "no_price": 72,
            "taker_side": "yes"
        },
        {
            "trade_id": "97ff8fb8-c5b7-4c7b-95db-b49ea236bfeb",
            "ticker": "KXHIGHCHI-24DEC11-B30.5",
            "count": 3,
            "created_time": "2024-12-11T14:51:47.092597Z",
            "yes_price": 28,
            "no_price": 72,
            "taker_side": "yes"
        },
        {
            "trade_id": "87e09591-a071-4287-8757-5b564ecbda6b",
            "ticker": "KXHIGHCHI-24DEC11-B30.5",
            "count": 1,
            "created_time": "2024-12-11T14:40:24.777851Z",
            "yes_price": 20,
            "no_price": 80,
            "taker_side": "no"
        },
        {
            "trade_id": "cb748c33-71f3-4ee8-a011-dd0530b69b11",
            "ticker": "KXHIGHCHI-24DEC11-B30.5",
            "count": 9,
            "created_time": "2024-12-11T14:35:52.095907Z",
            "yes_price": 29,
            "no_price": 71,
            "taker_side": "yes"
        },
        {
            "trade_id": "962b679f-4f4c-463b-8bc6-3dfefa526eea",
            "ticker": "KXHIGHCHI-24DEC11-B30.5",
            "count": 60,
            "created_time": "2024-12-11T14:35:52.095907Z",
            "yes_price": 29,
            "no_price": 71,
            "taker_side": "yes"
        },
        {
            "trade_id": "903c7d33-711c-4718-8355-75c0a1608ff5",
            "ticker": "KXHIGHCHI-24DEC11-B30.5",
            "count": 4,
            "created_time": "2024-12-11T14:35:52.095907Z",
            "yes_price": 27,
            "no_price": 73,
            "taker_side": "yes"
        },
        {
            "trade_id": "88618543-fdce-4354-b3d4-5668276292da",
            "ticker": "KXHIGHCHI-24DEC11-B30.5",
            "count": 8,
            "created_time": "2024-12-11T14:35:52.095907Z",
            "yes_price": 29,
            "no_price": 71,
            "taker_side": "yes"
        },
        {
            "trade_id": "70d96042-70f1-4553-a4a5-bd01d503e4aa",
            "ticker": "KXHIGHCHI-24DEC11-B30.5",
            "count": 9,
            "created_time": "2024-12-11T14:35:52.095907Z",
            "yes_price": 29,
            "no_price": 71,
            "taker_side": "yes"
        },
        {
            "trade_id": "1963518d-a60e-4ac9-96c2-637545d42341",
            "ticker": "KXHIGHCHI-24DEC11-B30.5",
            "count": 202,
            "created_time": "2024-12-11T14:35:52.095907Z",
            "yes_price": 30,
            "no_price": 70,
            "taker_side": "yes"
        },
        {
            "trade_id": "dd23b2b5-56d2-4f6b-923d-fe91f5802e72",
            "ticker": "KXHIGHCHI-24DEC11-B30.5",
            "count": 23,
            "created_time": "2024-12-11T14:33:25.866754Z",
            "yes_price": 20,
            "no_price": 80,
            "taker_side": "no"
        },
        {
            "trade_id": "bc5d4d83-3621-4a13-9791-b7a92db9f8d4",
            "ticker": "KXHIGHCHI-24DEC11-B30.5",
            "count": 18,
            "created_time": "2024-12-11T14:33:25.866754Z",
            "yes_price": 21,
            "no_price": 79,
            "taker_side": "no"
        },
        {
            "trade_id": "15b9cfd8-9d94-4369-95a7-892384e1bb2c",
            "ticker": "KXHIGHCHI-24DEC11-B30.5",
            "count": 30,
            "created_time": "2024-12-11T14:33:25.866754Z",
            "yes_price": 22,
            "no_price": 78,
            "taker_side": "no"
        },
        {
            "trade_id": "27e04ef6-c074-49e9-a2f1-6fa401cc7243",
            "ticker": "KXHIGHCHI-24DEC11-B30.5",
            "count": 6,
            "created_time": "2024-12-11T14:10:17.188455Z",
            "yes_price": 22,
            "no_price": 78,
            "taker_side": "no"
        },
        {
            "trade_id": "fdb991d6-dea0-4486-afa6-18cd52585f42",
            "ticker": "KXHIGHCHI-24DEC11-B30.5",
            "count": 37,
            "created_time": "2024-12-11T14:08:07.373248Z",
            "yes_price": 21,
            "no_price": 79,
            "taker_side": "no"
        },
        {
            "trade_id": "b218ee14-de73-4dae-a66b-b5796f16c432",
            "ticker": "KXHIGHCHI-24DEC11-B30.5",
            "count": 2,
            "created_time": "2024-12-11T13:58:24.01348Z",
            "yes_price": 29,
            "no_price": 71,
            "taker_side": "yes"
        },
        {
            "trade_id": "3257b702-3876-4003-8176-06716502c44b",
            "ticker": "KXHIGHCHI-24DEC11-B30.5",
            "count": 3,
            "created_time": "2024-12-11T13:58:24.01348Z",
            "yes_price": 29,
            "no_price": 71,
            "taker_side": "yes"
        },
        {
            "trade_id": "24ef12e8-5aa5-42b0-9cab-582e6acca2e5",
            "ticker": "KXHIGHCHI-24DEC11-B30.5",
            "count": 1,
            "created_time": "2024-12-11T13:58:24.01348Z",
            "yes_price": 29,
            "no_price": 71,
            "taker_side": "yes"
        },
        {
            "trade_id": "e60ea852-a81a-4d35-8886-0e4a1dbdf268",
            "ticker": "KXHIGHCHI-24DEC11-B30.5",
            "count": 22,
            "created_time": "2024-12-11T13:35:28.626581Z",
            "yes_price": 28,
            "no_price": 72,
            "taker_side": "yes"
        },
        {
            "trade_id": "2953143c-fcdc-49b7-afe5-59d153116415",
            "ticker": "KXHIGHCHI-24DEC11-B30.5",
            "count": 307,
            "created_time": "2024-12-11T13:35:28.626581Z",
            "yes_price": 29,
            "no_price": 71,
            "taker_side": "yes"
        },
        {
            "trade_id": "58607b4d-58cf-4ae8-82fe-3462379f3aaf",
            "ticker": "KXHIGHCHI-24DEC11-B30.5",
            "count": 9,
            "created_time": "2024-12-11T13:31:22.091294Z",
            "yes_price": 29,
            "no_price": 71,
            "taker_side": "yes"
        },
        {
            "trade_id": "e9040335-c856-480b-b259-dded81d6c906",
            "ticker": "KXHIGHCHI-24DEC11-B30.5",
            "count": 150,
            "created_time": "2024-12-11T13:28:36.04896Z",
            "yes_price": 28,
            "no_price": 72,
            "taker_side": "yes"
        },
        {
            "trade_id": "08a52046-1d30-47dd-a9c2-a62e60bc0d43",
            "ticker": "KXHIGHCHI-24DEC11-B30.5",
            "count": 183,
            "created_time": "2024-12-11T13:28:36.04896Z",
            "yes_price": 29,
            "no_price": 71,
            "taker_side": "yes"
        },
        {
            "trade_id": "fc954ba0-ac2f-492e-881c-9cdb0c6835d0",
            "ticker": "KXHIGHCHI-24DEC11-B30.5",
            "count": 17,
            "created_time": "2024-12-11T13:26:53.231088Z",
            "yes_price": 23,
            "no_price": 77,
            "taker_side": "yes"
        },
        {
            "trade_id": "c234e67e-3b3c-4e0f-b85d-11a52c028fa3",
            "ticker": "KXHIGHCHI-24DEC11-B30.5",
            "count": 25,
            "created_time": "2024-12-11T13:26:53.231088Z",
            "yes_price": 30,
            "no_price": 70,
            "taker_side": "yes"
        },
        {
            "trade_id": "3a604cf4-120c-486b-9a17-a4c43404ca67",
            "ticker": "KXHIGHCHI-24DEC11-B30.5",
            "count": 3,
            "created_time": "2024-12-11T13:26:53.231088Z",
            "yes_price": 30,
            "no_price": 70,
            "taker_side": "yes"
        },
        {
            "trade_id": "0b7a8e77-5b78-432e-b436-d8ff64c60b34",
            "ticker": "KXHIGHCHI-24DEC11-B30.5",
            "count": 8,
            "created_time": "2024-12-11T13:11:59.180011Z",
            "yes_price": 30,
            "no_price": 70,
            "taker_side": "yes"
        },
        {
            "trade_id": "b8e00948-8eb3-426f-9e4e-2750fc73b347",
            "ticker": "KXHIGHCHI-24DEC11-B30.5",
            "count": 400,
            "created_time": "2024-12-11T13:09:03.285551Z",
            "yes_price": 25,
            "no_price": 75,
            "taker_side": "no"
        },
        {
            "trade_id": "34a61e4b-7ff4-4ede-b444-b365ae256951",
            "ticker": "KXHIGHCHI-24DEC11-B30.5",
            "count": 49,
            "created_time": "2024-12-11T13:05:09.950261Z",
            "yes_price": 19,
            "no_price": 81,
            "taker_side": "no"
        },
        {
            "trade_id": "8c02fa5b-db83-4853-aa86-e5c93411800f",
            "ticker": "KXHIGHCHI-24DEC11-B30.5",
            "count": 29,
            "created_time": "2024-12-11T13:02:59.260585Z",
            "yes_price": 31,
            "no_price": 69,
            "taker_side": "yes"
        },
        {
            "trade_id": "5797870c-ed4f-46c0-8da4-1ffdf4d1b901",
            "ticker": "KXHIGHCHI-24DEC11-B30.5",
            "count": 6,
            "created_time": "2024-12-11T13:01:45.406544Z",
            "yes_price": 30,
            "no_price": 70,
            "taker_side": "yes"
        },
        {
            "trade_id": "bd150b93-6f9b-46fc-bc3b-785e34797137",
            "ticker": "KXHIGHCHI-24DEC11-B30.5",
            "count": 50,
            "created_time": "2024-12-11T07:39:49.145422Z",
            "yes_price": 31,
            "no_price": 69,
            "taker_side": "yes"
        },
        {
            "trade_id": "fe47d6ad-87c9-407d-848a-e5824b325ae2",
            "ticker": "KXHIGHCHI-24DEC11-B30.5",
            "count": 195,
            "created_time": "2024-12-11T07:36:42.140735Z",
            "yes_price": 29,
            "no_price": 71,
            "taker_side": "yes"
        },
        {
            "trade_id": "7fd7e54c-4042-44a2-a66c-0cd94d77f044",
            "ticker": "KXHIGHCHI-24DEC11-B30.5",
            "count": 100,
            "created_time": "2024-12-11T07:36:42.140735Z",
            "yes_price": 30,
            "no_price": 70,
            "taker_side": "yes"
        },
        {
            "trade_id": "6a494951-edcd-4ed9-a75e-6bab27c1a419",
            "ticker": "KXHIGHCHI-24DEC11-B30.5",
            "count": 42,
            "created_time": "2024-12-11T07:36:42.140735Z",
            "yes_price": 30,
            "no_price": 70,
            "taker_side": "yes"
        },
        {
            "trade_id": "b56e8ab1-d147-47f2-99f1-416fe52ef5a7",
            "ticker": "KXHIGHCHI-24DEC11-B30.5",
            "count": 1,
            "created_time": "2024-12-11T07:31:19.39278Z",
            "yes_price": 25,
            "no_price": 75,
            "taker_side": "no"
        },
        {
            "trade_id": "55f54a59-9c45-4b62-b298-c2649bafe842",
            "ticker": "KXHIGHCHI-24DEC11-B30.5",
            "count": 1,
            "created_time": "2024-12-11T07:31:19.39278Z",
            "yes_price": 25,
            "no_price": 75,
            "taker_side": "no"
        },
        {
            "trade_id": "e08d9f9d-5e27-4dfa-aed3-6bf300b12f86",
            "ticker": "KXHIGHCHI-24DEC11-B30.5",
            "count": 399,
            "created_time": "2024-12-11T07:31:08.468889Z",
            "yes_price": 25,
            "no_price": 75,
            "taker_side": "no"
        },
        {
            "trade_id": "1a6850fd-b5bc-4af0-aee3-d3e68f6e53db",
            "ticker": "KXHIGHCHI-24DEC11-B30.5",
            "count": 1,
            "created_time": "2024-12-11T07:31:08.468889Z",
            "yes_price": 25,
            "no_price": 75,
            "taker_side": "no"
        },
        {
            "trade_id": "c72996d3-927b-4663-9c47-128d9e578173",
            "ticker": "KXHIGHCHI-24DEC11-B30.5",
            "count": 1,
            "created_time": "2024-12-11T07:21:49.237868Z",
            "yes_price": 25,
            "no_price": 75,
            "taker_side": "no"
        },
        {
            "trade_id": "1a2fdb85-c444-4b29-a15b-e879d134831a",
            "ticker": "KXHIGHCHI-24DEC11-B30.5",
            "count": 1,
            "created_time": "2024-12-11T07:12:50.272647Z",
            "yes_price": 24,
            "no_price": 76,
            "taker_side": "no"
        },
        {
            "trade_id": "f1767bfa-dc75-492a-b726-4532b7f79162",
            "ticker": "KXHIGHCHI-24DEC11-B30.5",
            "count": 100,
            "created_time": "2024-12-11T06:59:32.301832Z",
            "yes_price": 28,
            "no_price": 72,
            "taker_side": "yes"
        },
        {
            "trade_id": "a0a0d90b-4271-4f26-990f-896299b97e1d",
            "ticker": "KXHIGHCHI-24DEC11-B30.5",
            "count": 123,
            "created_time": "2024-12-11T06:59:32.301832Z",
            "yes_price": 27,
            "no_price": 73,
            "taker_side": "yes"
        },
        {
            "trade_id": "6d643e1b-3787-4bcd-8bc6-70d39f87bfab",
            "ticker": "KXHIGHCHI-24DEC11-B30.5",
            "count": 58,
            "created_time": "2024-12-11T06:59:32.301832Z",
            "yes_price": 30,
            "no_price": 70,
            "taker_side": "yes"
        },
        {
            "trade_id": "6213a0f0-3f94-472d-9157-bae604547cc1",
            "ticker": "KXHIGHCHI-24DEC11-B30.5",
            "count": 100,
            "created_time": "2024-12-11T06:59:32.301832Z",
            "yes_price": 29,
            "no_price": 71,
            "taker_side": "yes"
        },
        {
            "trade_id": "51f24319-20b2-4cb8-9eca-3d7b3ed72d8c",
            "ticker": "KXHIGHCHI-24DEC11-B30.5",
            "count": 100,
            "created_time": "2024-12-11T06:59:32.301832Z",
            "yes_price": 28,
            "no_price": 72,
            "taker_side": "yes"
        },
        {
            "trade_id": "3241bce3-a54c-4e8d-a9ec-7a947f20dbd8",
            "ticker": "KXHIGHCHI-24DEC11-B30.5",
            "count": 200,
            "created_time": "2024-12-11T06:59:32.301832Z",
            "yes_price": 27,
            "no_price": 73,
            "taker_side": "yes"
        },
        {
            "trade_id": "2643668a-2e05-41b5-894e-9d972f9bc316",
            "ticker": "KXHIGHCHI-24DEC11-B30.5",
            "count": 2,
            "created_time": "2024-12-11T06:59:32.301832Z",
            "yes_price": 26,
            "no_price": 74,
            "taker_side": "yes"
        },
        {
            "trade_id": "97d51b22-a453-45ba-901f-4e323d0c4aaa",
            "ticker": "KXHIGHCHI-24DEC11-B30.5",
            "count": 118,
            "created_time": "2024-12-11T06:53:31.046687Z",
            "yes_price": 17,
            "no_price": 83,
            "taker_side": "no"
        },
        {
            "trade_id": "3d5c7a87-e4a2-43ed-bf44-1a73a780bfb1",
            "ticker": "KXHIGHCHI-24DEC11-B30.5",
            "count": 1,
            "created_time": "2024-12-11T06:53:31.046687Z",
            "yes_price": 18,
            "no_price": 82,
            "taker_side": "no"
        },
        {
            "trade_id": "ff785519-445b-43d8-9d58-13445d394499",
            "ticker": "KXHIGHCHI-24DEC11-B30.5",
            "count": 125,
            "created_time": "2024-12-11T06:53:08.117622Z",
            "yes_price": 17,
            "no_price": 83,
            "taker_side": "no"
        },
        {
            "trade_id": "f6e00b8c-a4ea-418b-af53-0ed126bf2e8b",
            "ticker": "KXHIGHCHI-24DEC11-B30.5",
            "count": 100,
            "created_time": "2024-12-11T06:53:08.117622Z",
            "yes_price": 18,
            "no_price": 82,
            "taker_side": "no"
        },
        {
            "trade_id": "f1481e62-85fd-4a7f-a18b-b3609a2bb697",
            "ticker": "KXHIGHCHI-24DEC11-B30.5",
            "count": 250,
            "created_time": "2024-12-11T06:53:08.117622Z",
            "yes_price": 19,
            "no_price": 81,
            "taker_side": "no"
        },
        {
            "trade_id": "b20b4136-3d03-4e28-b777-f599116c1f6d",
            "ticker": "KXHIGHCHI-24DEC11-B30.5",
            "count": 17,
            "created_time": "2024-12-11T06:53:08.117622Z",
            "yes_price": 22,
            "no_price": 78,
            "taker_side": "no"
        },
        {
            "trade_id": "98334227-a7ad-4e3a-a5ed-add9f7dbbb5e",
            "ticker": "KXHIGHCHI-24DEC11-B30.5",
            "count": 3,
            "created_time": "2024-12-11T06:53:08.117622Z",
            "yes_price": 22,
            "no_price": 78,
            "taker_side": "no"
        },
        {
            "trade_id": "7a73b5ff-9242-4cd9-af3e-d8ed0296b0b9",
            "ticker": "KXHIGHCHI-24DEC11-B30.5",
            "count": 30,
            "created_time": "2024-12-11T06:53:08.117622Z",
            "yes_price": 18,
            "no_price": 82,
            "taker_side": "no"
        },
        {
            "trade_id": "68b28e2c-894e-43cd-b7ce-5d718c1cdd28",
            "ticker": "KXHIGHCHI-24DEC11-B30.5",
            "count": 500,
            "created_time": "2024-12-11T06:53:08.117622Z",
            "yes_price": 21,
            "no_price": 79,
            "taker_side": "no"
        },
        {
            "trade_id": "3830455d-f488-4b95-8e80-9585c5a27917",
            "ticker": "KXHIGHCHI-24DEC11-B30.5",
            "count": 100,
            "created_time": "2024-12-11T06:53:08.117622Z",
            "yes_price": 18,
            "no_price": 82,
            "taker_side": "no"
        },
        {
            "trade_id": "28badd0f-ac9a-4bb1-bb42-3a3ba759d4da",
            "ticker": "KXHIGHCHI-24DEC11-B30.5",
            "count": 100,
            "created_time": "2024-12-11T06:53:08.117622Z",
            "yes_price": 19,
            "no_price": 81,
            "taker_side": "no"
        },
        {
            "trade_id": "33315cab-0364-482d-991a-ebbd5675d41a",
            "ticker": "KXHIGHCHI-24DEC11-B30.5",
            "count": 1,
            "created_time": "2024-12-11T06:25:22.115776Z",
            "yes_price": 26,
            "no_price": 74,
            "taker_side": "yes"
        },
        {
            "trade_id": "637c2b68-89b8-4d37-a194-bdee6c99cf49",
            "ticker": "KXHIGHCHI-24DEC11-B30.5",
            "count": 1000,
            "created_time": "2024-12-11T06:24:13.22852Z",
            "yes_price": 23,
            "no_price": 77,
            "taker_side": "yes"
        },
        {
            "trade_id": "fa986634-f162-4057-9cff-6e61c1292c99",
            "ticker": "KXHIGHCHI-24DEC11-B30.5",
            "count": 2,
            "created_time": "2024-12-11T06:24:06.937322Z",
            "yes_price": 22,
            "no_price": 78,
            "taker_side": "yes"
        },
        {
            "trade_id": "6fbc9da7-e371-4b2e-81de-f413c8a5b0fe",
            "ticker": "KXHIGHCHI-24DEC11-B30.5",
            "count": 2,
            "created_time": "2024-12-11T06:24:06.937322Z",
            "yes_price": 22,
            "no_price": 78,
            "taker_side": "yes"
        },
        {
            "trade_id": "ebd00b2c-1847-44a7-b651-27f547b13163",
            "ticker": "KXHIGHCHI-24DEC11-B30.5",
            "count": 100,
            "created_time": "2024-12-11T06:16:07.447144Z",
            "yes_price": 20,
            "no_price": 80,
            "taker_side": "no"
        },
        {
            "trade_id": "8a2876d6-a556-441a-9e3a-3c0355355571",
            "ticker": "KXHIGHCHI-24DEC11-B30.5",
            "count": 44,
            "created_time": "2024-12-11T06:16:07.447144Z",
            "yes_price": 20,
            "no_price": 80,
            "taker_side": "no"
        },
        {
            "trade_id": "15b0763d-a1f0-48e6-99ee-8d472a5a4666",
            "ticker": "KXHIGHCHI-24DEC11-B30.5",
            "count": 100,
            "created_time": "2024-12-11T06:16:07.447144Z",
            "yes_price": 20,
            "no_price": 80,
            "taker_side": "no"
        },
        {
            "trade_id": "15951ada-4c54-4d60-a26e-7a593f38d7f2",
            "ticker": "KXHIGHCHI-24DEC11-B30.5",
            "count": 1,
            "created_time": "2024-12-11T06:16:07.447144Z",
            "yes_price": 20,
            "no_price": 80,
            "taker_side": "no"
        },
        {
            "trade_id": "c5ea5237-8762-438d-998c-2c560fb634a5",
            "ticker": "KXHIGHCHI-24DEC11-B30.5",
            "count": 29,
            "created_time": "2024-12-11T06:03:05.730636Z",
            "yes_price": 18,
            "no_price": 82,
            "taker_side": "no"
        },
        {
            "trade_id": "2154169b-26e7-4462-9f75-083783d35952",
            "ticker": "KXHIGHCHI-24DEC11-B30.5",
            "count": 1,
            "created_time": "2024-12-11T06:03:05.730636Z",
            "yes_price": 19,
            "no_price": 81,
            "taker_side": "no"
        },
        {
            "trade_id": "8bb5b547-d0d0-4352-98cc-7b3828c0acc2",
            "ticker": "KXHIGHCHI-24DEC11-B30.5",
            "count": 74,
            "created_time": "2024-12-11T06:02:47.566562Z",
            "yes_price": 23,
            "no_price": 77,
            "taker_side": "yes"
        },
        {
            "trade_id": "cf0401fc-38e6-4330-ac2f-a51e1c6e2e2f",
            "ticker": "KXHIGHCHI-24DEC11-B30.5",
            "count": 15,
            "created_time": "2024-12-11T06:02:39.487857Z",
            "yes_price": 19,
            "no_price": 81,
            "taker_side": "no"
        },
        {
            "trade_id": "f4a1ec5c-0679-4015-999c-648e53cab50b",
            "ticker": "KXHIGHCHI-24DEC11-B30.5",
            "count": 200,
            "created_time": "2024-12-11T05:59:10.379421Z",
            "yes_price": 23,
            "no_price": 77,
            "taker_side": "yes"
        },
        {
            "trade_id": "2bc10f9a-7556-421b-b1b7-83a1100fbd22",
            "ticker": "KXHIGHCHI-24DEC11-B30.5",
            "count": 183,
            "created_time": "2024-12-11T05:59:10.379421Z",
            "yes_price": 23,
            "no_price": 77,
            "taker_side": "yes"
        },
        {
            "trade_id": "5331fe08-a789-48b3-b45b-959138908db3",
            "ticker": "KXHIGHCHI-24DEC11-B30.5",
            "count": 100,
            "created_time": "2024-12-11T05:58:38.127388Z",
            "yes_price": 20,
            "no_price": 80,
            "taker_side": "yes"
        },
        {
            "trade_id": "42cdbd54-1dfd-44bc-812e-e6001e760932",
            "ticker": "KXHIGHCHI-24DEC11-B30.5",
            "count": 100,
            "created_time": "2024-12-11T05:58:38.127388Z",
            "yes_price": 22,
            "no_price": 78,
            "taker_side": "yes"
        },
        {
            "trade_id": "07846c12-501f-4fc0-bca3-b0d7047f7285",
            "ticker": "KXHIGHCHI-24DEC11-B30.5",
            "count": 200,
            "created_time": "2024-12-11T05:58:38.127388Z",
            "yes_price": 21,
            "no_price": 79,
            "taker_side": "yes"
        },
        {
            "trade_id": "83e12671-e5e7-4fee-a92f-b6719ab5c573",
            "ticker": "KXHIGHCHI-24DEC11-B30.5",
            "count": 6,
            "created_time": "2024-12-11T05:55:32.524745Z",
            "yes_price": 18,
            "no_price": 82,
            "taker_side": "yes"
        },
        {
            "trade_id": "e27d63be-3b7d-426d-b1b7-9b7e149c9c59",
            "ticker": "KXHIGHCHI-24DEC11-B30.5",
            "count": 88,
            "created_time": "2024-12-11T05:54:20.928374Z",
            "yes_price": 18,
            "no_price": 82,
            "taker_side": "yes"
        },
        {
            "trade_id": "9652ec43-7b31-4e9c-bd2a-b510888a2609",
            "ticker": "KXHIGHCHI-24DEC11-B30.5",
            "count": 300,
            "created_time": "2024-12-11T05:54:20.928374Z",
            "yes_price": 17,
            "no_price": 83,
            "taker_side": "yes"
        },
        {
            "trade_id": "6a144878-9927-426a-bc1b-3095d0ac1fdd",
            "ticker": "KXHIGHCHI-24DEC11-B30.5",
            "count": 200,
            "created_time": "2024-12-11T05:54:20.928374Z",
            "yes_price": 17,
            "no_price": 83,
            "taker_side": "yes"
        },
        {
            "trade_id": "4f39c6a5-5c3a-417b-a714-849bc8aab4bc",
            "ticker": "KXHIGHCHI-24DEC11-B30.5",
            "count": 212,
            "created_time": "2024-12-11T05:54:20.928374Z",
            "yes_price": 18,
            "no_price": 82,
            "taker_side": "yes"
        },
        {
            "trade_id": "e4f72686-d144-48a6-82ce-03f2e29fc856",
            "ticker": "KXHIGHCHI-24DEC11-B30.5",
            "count": 200,
            "created_time": "2024-12-11T05:53:22.829938Z",
            "yes_price": 16,
            "no_price": 84,
            "taker_side": "yes"
        },
        {
            "trade_id": "e51d347f-efb8-427d-b8a1-9f046a96aa34",
            "ticker": "KXHIGHCHI-24DEC11-B30.5",
            "count": 9,
            "created_time": "2024-12-11T05:53:13.387343Z",
            "yes_price": 15,
            "no_price": 85,
            "taker_side": "yes"
        },
        {
            "trade_id": "74ba4ec3-bbc4-429f-a1e7-b55942f84c46",
            "ticker": "KXHIGHCHI-24DEC11-B30.5",
            "count": 140,
            "created_time": "2024-12-11T05:53:13.387343Z",
            "yes_price": 15,
            "no_price": 85,
            "taker_side": "yes"
        },
        {
            "trade_id": "1f97f474-4878-4f13-9bc8-e7ea1c539794",
            "ticker": "KXHIGHCHI-24DEC11-B30.5",
            "count": 91,
            "created_time": "2024-12-11T05:53:13.387343Z",
            "yes_price": 15,
            "no_price": 85,
            "taker_side": "yes"
        },
        {
            "trade_id": "ec2dd405-274a-4669-ad3d-537323d8ef1a",
            "ticker": "KXHIGHCHI-24DEC11-B30.5",
            "count": 9,
            "created_time": "2024-12-11T05:44:49.039283Z",
            "yes_price": 15,
            "no_price": 85,
            "taker_side": "yes"
        },
        {
            "trade_id": "0c2cc8b3-5fc1-4c87-bc8c-a3e6c47d39f9",
            "ticker": "KXHIGHCHI-24DEC11-B30.5",
            "count": 1,
            "created_time": "2024-12-11T05:44:49.039283Z",
            "yes_price": 15,
            "no_price": 85,
            "taker_side": "yes"
        },
        {
            "trade_id": "8b311eb5-36d5-472e-9d04-d4d85dcc2e0b",
            "ticker": "KXHIGHCHI-24DEC11-B30.5",
            "count": 10,
            "created_time": "2024-12-11T05:38:42.44518Z",
            "yes_price": 14,
            "no_price": 86,
            "taker_side": "no"
        },
        {
            "trade_id": "540c6834-5986-4c3c-85cb-082c61aaa76c",
            "ticker": "KXHIGHCHI-24DEC11-B30.5",
            "count": 153,
            "created_time": "2024-12-11T05:31:33.816389Z",
            "yes_price": 12,
            "no_price": 88,
            "taker_side": "no"
        },
        {
            "trade_id": "38fd6cc9-0640-4b00-b1bd-1dbe1223d987",
            "ticker": "KXHIGHCHI-24DEC11-B30.5",
            "count": 1,
            "created_time": "2024-12-11T05:31:33.816389Z",
            "yes_price": 16,
            "no_price": 84,
            "taker_side": "no"
        },
        {
            "trade_id": "2267938f-bdc5-4cb1-845f-20bb22d090a7",
            "ticker": "KXHIGHCHI-24DEC11-B30.5",
            "count": 200,
            "created_time": "2024-12-11T05:31:33.816389Z",
            "yes_price": 13,
            "no_price": 87,
            "taker_side": "no"
        },
        {
            "trade_id": "135d565a-7770-4a44-8e9d-0535247c17e9",
            "ticker": "KXHIGHCHI-24DEC11-B30.5",
            "count": 200,
            "created_time": "2024-12-11T05:31:33.816389Z",
            "yes_price": 14,
            "no_price": 86,
            "taker_side": "no"
        },
        {
            "trade_id": "097b3663-5e6c-48d3-9c5f-2e9790b873fc",
            "ticker": "KXHIGHCHI-24DEC11-B30.5",
            "count": 100,
            "created_time": "2024-12-11T05:31:33.816389Z",
            "yes_price": 15,
            "no_price": 85,
            "taker_side": "no"
        },
        {
            "trade_id": "b78bbc83-ed33-40b6-bb89-4e9fb073cbeb",
            "ticker": "KXHIGHCHI-24DEC11-B30.5",
            "count": 200,
            "created_time": "2024-12-11T05:31:25.437216Z",
            "yes_price": 16,
            "no_price": 84,
            "taker_side": "no"
        },
        {
            "trade_id": "9bef32aa-ff9b-4a00-a4d0-fe47b2786a87",
            "ticker": "KXHIGHCHI-24DEC11-B30.5",
            "count": 146,
            "created_time": "2024-12-11T05:31:25.437216Z",
            "yes_price": 17,
            "no_price": 83,
            "taker_side": "no"
        },
        {
            "trade_id": "ac58ac15-8424-46b8-983b-5f2557ba5fd0",
            "ticker": "KXHIGHCHI-24DEC11-B30.5",
            "count": 13,
            "created_time": "2024-12-11T05:29:41.503048Z",
            "yes_price": 18,
            "no_price": 82,
            "taker_side": "no"
        },
        {
            "trade_id": "ae435adb-eb6c-4607-b214-749c81d29527",
            "ticker": "KXHIGHCHI-24DEC11-B30.5",
            "count": 8,
            "created_time": "2024-12-11T05:27:55.64195Z",
            "yes_price": 23,
            "no_price": 77,
            "taker_side": "yes"
        },
        {
            "trade_id": "38b5f826-33a5-40dd-9ead-f15d99829ec1",
            "ticker": "KXHIGHCHI-24DEC11-B30.5",
            "count": 36,
            "created_time": "2024-12-11T05:22:16.538726Z",
            "yes_price": 18,
            "no_price": 82,
            "taker_side": "no"
        },
        {
            "trade_id": "0b6bf3e8-e797-4d6b-ae2e-f4061d6bbc46",
            "ticker": "KXHIGHCHI-24DEC11-B30.5",
            "count": 50,
            "created_time": "2024-12-11T05:17:17.571232Z",
            "yes_price": 23,
            "no_price": 77,
            "taker_side": "yes"
        },
        {
            "trade_id": "cfeeba30-8652-4ee5-8f9c-1abd7c4cd5bf",
            "ticker": "KXHIGHCHI-24DEC11-B30.5",
            "count": 61,
            "created_time": "2024-12-11T05:12:25.667338Z",
            "yes_price": 21,
            "no_price": 79,
            "taker_side": "no"
        },
        {
            "trade_id": "8fcdd5d0-c22f-4a92-9a0d-01be091d4ec1",
            "ticker": "KXHIGHCHI-24DEC11-B30.5",
            "count": 160,
            "created_time": "2024-12-11T04:05:23.84615Z",
            "yes_price": 24,
            "no_price": 76,
            "taker_side": "no"
        },
        {
            "trade_id": "96d41552-8521-4223-b572-9014bfb1ebb7",
            "ticker": "KXHIGHCHI-24DEC11-B30.5",
            "count": 100,
            "created_time": "2024-12-11T03:37:37.505061Z",
            "yes_price": 25,
            "no_price": 75,
            "taker_side": "yes"
        },
        {
            "trade_id": "919fa544-fb9a-4ba8-917b-87aed2ed4606",
            "ticker": "KXHIGHCHI-24DEC11-B30.5",
            "count": 60,
            "created_time": "2024-12-11T03:37:37.505061Z",
            "yes_price": 25,
            "no_price": 75,
            "taker_side": "yes"
        },
        {
            "trade_id": "467287c2-9b4c-4dbc-82a1-a659f19ebd0e",
            "ticker": "KXHIGHCHI-24DEC11-B30.5",
            "count": 100,
            "created_time": "2024-12-11T02:54:38.400631Z",
            "yes_price": 15,
            "no_price": 85,
            "taker_side": "no"
        },
        {
            "trade_id": "bd0c964c-7b57-4c2e-b812-5191c703c6ff",
            "ticker": "KXHIGHCHI-24DEC11-B30.5",
            "count": 200,
            "created_time": "2024-12-11T02:48:30.174185Z",
            "yes_price": 15,
            "no_price": 85,
            "taker_side": "no"
        },
        {
            "trade_id": "8ae00edf-3adb-4a62-8663-219701784d4b",
            "ticker": "KXHIGHCHI-24DEC11-B30.5",
            "count": 100,
            "created_time": "2024-12-11T02:48:30.092248Z",
            "yes_price": 15,
            "no_price": 85,
            "taker_side": "no"
        },
        {
            "trade_id": "98c90901-329b-472e-bb29-bad39107f9fb",
            "ticker": "KXHIGHCHI-24DEC11-B30.5",
            "count": 62,
            "created_time": "2024-12-11T02:45:49.057833Z",
            "yes_price": 15,
            "no_price": 85,
            "taker_side": "no"
        },
        {
            "trade_id": "019e8a3e-cca2-4924-b621-e31e526db63d",
            "ticker": "KXHIGHCHI-24DEC11-B30.5",
            "count": 100,
            "created_time": "2024-12-11T02:45:48.962502Z",
            "yes_price": 15,
            "no_price": 85,
            "taker_side": "no"
        },
        {
            "trade_id": "df4426b8-1efb-4346-9262-5e52d1dd3820",
            "ticker": "KXHIGHCHI-24DEC11-B30.5",
            "count": 100,
            "created_time": "2024-12-11T02:43:11.895197Z",
            "yes_price": 17,
            "no_price": 83,
            "taker_side": "yes"
        },
        {
            "trade_id": "79fd8427-ed5d-48a0-99fe-fa3f1513b2f9",
            "ticker": "KXHIGHCHI-24DEC11-B30.5",
            "count": 70,
            "created_time": "2024-12-11T02:36:05.744775Z",
            "yes_price": 19,
            "no_price": 81,
            "taker_side": "yes"
        },
        {
            "trade_id": "8dc17d46-e8cf-4e48-a888-3b8a47069edf",
            "ticker": "KXHIGHCHI-24DEC11-B30.5",
            "count": 24,
            "created_time": "2024-12-11T02:27:36.844105Z",
            "yes_price": 19,
            "no_price": 81,
            "taker_side": "yes"
        },
        {
            "trade_id": "38b3394f-69a5-4ed7-a5f0-f4d3c1d7f185",
            "ticker": "KXHIGHCHI-24DEC11-B30.5",
            "count": 15,
            "created_time": "2024-12-11T02:13:30.032868Z",
            "yes_price": 19,
            "no_price": 81,
            "taker_side": "yes"
        },
        {
            "trade_id": "6ec6754f-20d3-4e23-9c8f-96acf213220e",
            "ticker": "KXHIGHCHI-24DEC11-B30.5",
            "count": 12,
            "created_time": "2024-12-11T02:08:46.234729Z",
            "yes_price": 16,
            "no_price": 84,
            "taker_side": "no"
        },
        {
            "trade_id": "c126eefa-01cf-433e-b95d-4d702b14ff10",
            "ticker": "KXHIGHCHI-24DEC11-B30.5",
            "count": 100,
            "created_time": "2024-12-11T02:06:28.726723Z",
            "yes_price": 16,
            "no_price": 84,
            "taker_side": "yes"
        },
        {
            "trade_id": "1fe301e9-cbe2-4c3d-bc20-8c1a71f58fdb",
            "ticker": "KXHIGHCHI-24DEC11-B30.5",
            "count": 100,
            "created_time": "2024-12-11T02:06:28.726723Z",
            "yes_price": 16,
            "no_price": 84,
            "taker_side": "yes"
        },
        {
            "trade_id": "696eb20a-d4c4-46a5-a229-6b678d6cf1c6",
            "ticker": "KXHIGHCHI-24DEC11-B30.5",
            "count": 27,
            "created_time": "2024-12-11T02:04:01.734288Z",
            "yes_price": 15,
            "no_price": 85,
            "taker_side": "no"
        },
        {
            "trade_id": "fa3da25d-6934-418a-ab40-0d6b0a00df8d",
            "ticker": "KXHIGHCHI-24DEC11-B30.5",
            "count": 100,
            "created_time": "2024-12-11T01:54:43.076826Z",
            "yes_price": 15,
            "no_price": 85,
            "taker_side": "no"
        },
        {
            "trade_id": "6b511ab5-59c9-4cd0-a9f5-70751e5c40bb",
            "ticker": "KXHIGHCHI-24DEC11-B30.5",
            "count": 10,
            "created_time": "2024-12-11T01:52:04.497489Z",
            "yes_price": 15,
            "no_price": 85,
            "taker_side": "no"
        },
        {
            "trade_id": "b8603197-f4cd-47ba-a982-a9bad5b88058",
            "ticker": "KXHIGHCHI-24DEC11-B30.5",
            "count": 60,
            "created_time": "2024-12-11T01:48:29.850867Z",
            "yes_price": 15,
            "no_price": 85,
            "taker_side": "no"
        },
        {
            "trade_id": "7aaf3b93-8e64-4e8c-a166-831611a13a31",
            "ticker": "KXHIGHCHI-24DEC11-B30.5",
            "count": 40,
            "created_time": "2024-12-11T01:48:29.850867Z",
            "yes_price": 15,
            "no_price": 85,
            "taker_side": "no"
        },
        {
            "trade_id": "2159321a-4582-49b9-a0bd-a7f1c00c07ff",
            "ticker": "KXHIGHCHI-24DEC11-B30.5",
            "count": 100,
            "created_time": "2024-12-11T01:48:29.850867Z",
            "yes_price": 15,
            "no_price": 85,
            "taker_side": "no"
        },
        {
            "trade_id": "0f12ab6c-50df-4787-9291-e3cfb2892d65",
            "ticker": "KXHIGHCHI-24DEC11-B30.5",
            "count": 300,
            "created_time": "2024-12-11T01:01:24.130148Z",
            "yes_price": 15,
            "no_price": 85,
            "taker_side": "yes"
        },
        {
            "trade_id": "9d2aca64-4d49-4906-b9ad-f3eecb8017fd",
            "ticker": "KXHIGHCHI-24DEC11-B30.5",
            "count": 100,
            "created_time": "2024-12-11T00:59:23.742638Z",
            "yes_price": 15,
            "no_price": 85,
            "taker_side": "yes"
        },
        {
            "trade_id": "f1927e38-8437-47ee-b0e6-a8ebdf417f5d",
            "ticker": "KXHIGHCHI-24DEC11-B30.5",
            "count": 24,
            "created_time": "2024-12-11T00:57:21.07747Z",
            "yes_price": 16,
            "no_price": 84,
            "taker_side": "yes"
        },
        {
            "trade_id": "c8a202fa-f80c-4f53-8b49-0720bb1e8c27",
            "ticker": "KXHIGHCHI-24DEC11-B30.5",
            "count": 76,
            "created_time": "2024-12-11T00:57:21.07747Z",
            "yes_price": 16,
            "no_price": 84,
            "taker_side": "yes"
        },
        {
            "trade_id": "a37e2809-6481-46b6-896b-c9c878c65fa9",
            "ticker": "KXHIGHCHI-24DEC11-B30.5",
            "count": 24,
            "created_time": "2024-12-11T00:55:24.371898Z",
            "yes_price": 16,
            "no_price": 84,
            "taker_side": "yes"
        },
        {
            "trade_id": "3976ff3e-aad8-49d3-8bdb-a9890c6b6beb",
            "ticker": "KXHIGHCHI-24DEC11-B30.5",
            "count": 100,
            "created_time": "2024-12-11T00:54:31.359677Z",
            "yes_price": 15,
            "no_price": 85,
            "taker_side": "no"
        },
        {
            "trade_id": "057984f3-a173-4179-8ae6-22ef4afccd5f",
            "ticker": "KXHIGHCHI-24DEC11-B30.5",
            "count": 1222,
            "created_time": "2024-12-11T00:52:23.730635Z",
            "yes_price": 15,
            "no_price": 85,
            "taker_side": "yes"
        },
        {
            "trade_id": "8812bf4f-b238-48d1-b350-f4902b853684",
            "ticker": "KXHIGHCHI-24DEC11-B30.5",
            "count": 1000,
            "created_time": "2024-12-11T00:51:33.180617Z",
            "yes_price": 15,
            "no_price": 85,
            "taker_side": "yes"
        },
        {
            "trade_id": "8d58bbff-afd3-4e27-9ce4-37b8a987b4a1",
            "ticker": "KXHIGHCHI-24DEC11-B30.5",
            "count": 400,
            "created_time": "2024-12-11T00:18:10.236699Z",
            "yes_price": 14,
            "no_price": 86,
            "taker_side": "yes"
        },
        {
            "trade_id": "3f6f503f-a630-4b32-b3a8-cc31f9b0cdfa",
            "ticker": "KXHIGHCHI-24DEC11-B30.5",
            "count": 70,
            "created_time": "2024-12-10T23:36:30.799557Z",
            "yes_price": 14,
            "no_price": 86,
            "taker_side": "no"
        },
        {
            "trade_id": "1c817429-a8e0-430c-9223-2c529e258497",
            "ticker": "KXHIGHCHI-24DEC11-B30.5",
            "count": 50,
            "created_time": "2024-12-10T23:27:29.726615Z",
            "yes_price": 18,
            "no_price": 82,
            "taker_side": "no"
        },
        {
            "trade_id": "6ccea1fc-582f-4e4c-a604-44a5c7ab4b59",
            "ticker": "KXHIGHCHI-24DEC11-B30.5",
            "count": 51,
            "created_time": "2024-12-10T23:06:35.866219Z",
            "yes_price": 25,
            "no_price": 75,
            "taker_side": "no"
        },
        {
            "trade_id": "2724b70b-ac9d-4817-a5b0-b230332b2c94",
            "ticker": "KXHIGHCHI-24DEC11-B30.5",
            "count": 12,
            "created_time": "2024-12-10T23:06:13.961955Z",
            "yes_price": 25,
            "no_price": 75,
            "taker_side": "no"
        },
        {
            "trade_id": "01e0dc65-3da1-4863-a690-cba9cc413257",
            "ticker": "KXHIGHCHI-24DEC11-B30.5",
            "count": 12,
            "created_time": "2024-12-10T22:51:23.764207Z",
            "yes_price": 25,
            "no_price": 75,
            "taker_side": "no"
        },
        {
            "trade_id": "ce7f38ba-a859-4909-8a6d-cec450555e77",
            "ticker": "KXHIGHCHI-24DEC11-B30.5",
            "count": 12,
            "created_time": "2024-12-10T22:46:13.095101Z",
            "yes_price": 25,
            "no_price": 75,
            "taker_side": "no"
        },
        {
            "trade_id": "d66c5768-a064-4466-9bcc-1985cf0b4459",
            "ticker": "KXHIGHCHI-24DEC11-B30.5",
            "count": 13,
            "created_time": "2024-12-10T22:41:12.925247Z",
            "yes_price": 25,
            "no_price": 75,
            "taker_side": "no"
        },
        {
            "trade_id": "2ca50130-ed47-4db1-9c7f-45010d1c061b",
            "ticker": "KXHIGHCHI-24DEC11-B30.5",
            "count": 12,
            "created_time": "2024-12-10T22:36:28.62748Z",
            "yes_price": 22,
            "no_price": 78,
            "taker_side": "yes"
        },
        {
            "trade_id": "1190ea87-b2fe-4178-b208-c5d5b15ab617",
            "ticker": "KXHIGHCHI-24DEC11-B30.5",
            "count": 12,
            "created_time": "2024-12-10T22:36:28.62748Z",
            "yes_price": 21,
            "no_price": 79,
            "taker_side": "yes"
        },
        {
            "trade_id": "9a51bfc0-838d-4b67-9716-ea8239bbf2f5",
            "ticker": "KXHIGHCHI-24DEC11-B30.5",
            "count": 100,
            "created_time": "2024-12-10T22:09:40.122568Z",
            "yes_price": 20,
            "no_price": 80,
            "taker_side": "yes"
        },
        {
            "trade_id": "5b3bae24-db14-46c9-a03d-ac3f9309c292",
            "ticker": "KXHIGHCHI-24DEC11-B30.5",
            "count": 11,
            "created_time": "2024-12-10T22:09:40.122568Z",
            "yes_price": 20,
            "no_price": 80,
            "taker_side": "yes"
        },
        {
            "trade_id": "e5d0c6b4-1186-44a0-a9d0-13d5d51ec424",
            "ticker": "KXHIGHCHI-24DEC11-B30.5",
            "count": 100,
            "created_time": "2024-12-10T22:05:44.66881Z",
            "yes_price": 19,
            "no_price": 81,
            "taker_side": "yes"
        },
        {
            "trade_id": "cc063931-5f20-4588-873a-f75a2012a572",
            "ticker": "KXHIGHCHI-24DEC11-B30.5",
            "count": 11,
            "created_time": "2024-12-10T22:05:44.66881Z",
            "yes_price": 19,
            "no_price": 81,
            "taker_side": "yes"
        },
        {
            "trade_id": "c123348e-309f-4013-8097-36fe713436f7",
            "ticker": "KXHIGHCHI-24DEC11-B30.5",
            "count": 11,
            "created_time": "2024-12-10T22:05:44.66881Z",
            "yes_price": 19,
            "no_price": 81,
            "taker_side": "yes"
        },
        {
            "trade_id": "92b4b183-88b4-45b8-a9a2-31ef9d4fe323",
            "ticker": "KXHIGHCHI-24DEC11-B30.5",
            "count": 27,
            "created_time": "2024-12-10T22:05:44.66881Z",
            "yes_price": 19,
            "no_price": 81,
            "taker_side": "yes"
        },
        {
            "trade_id": "25e6be6a-8b75-4048-9ced-5ee400766118",
            "ticker": "KXHIGHCHI-24DEC11-B30.5",
            "count": 200,
            "created_time": "2024-12-10T21:17:10.631437Z",
            "yes_price": 17,
            "no_price": 83,
            "taker_side": "yes"
        },
        {
            "trade_id": "e741ebb4-9b4e-435f-8ac9-30573de7f342",
            "ticker": "KXHIGHCHI-24DEC11-B30.5",
            "count": 200,
            "created_time": "2024-12-10T21:17:05.211957Z",
            "yes_price": 16,
            "no_price": 84,
            "taker_side": "yes"
        },
        {
            "trade_id": "b0da0792-5b0e-4562-9632-a3ba45843185",
            "ticker": "KXHIGHCHI-24DEC11-B30.5",
            "count": 100,
            "created_time": "2024-12-10T21:15:56.832491Z",
            "yes_price": 15,
            "no_price": 85,
            "taker_side": "yes"
        },
        {
            "trade_id": "daf6807c-cc9a-4105-b617-0b87c7718fb9",
            "ticker": "KXHIGHCHI-24DEC11-B30.5",
            "count": 35,
            "created_time": "2024-12-10T20:54:35.350146Z",
            "yes_price": 13,
            "no_price": 87,
            "taker_side": "no"
        },
        {
            "trade_id": "ba0f19cf-c3a5-4251-9e9d-3f4534461e77",
            "ticker": "KXHIGHCHI-24DEC11-B30.5",
            "count": 35,
            "created_time": "2024-12-10T20:54:35.350146Z",
            "yes_price": 13,
            "no_price": 87,
            "taker_side": "no"
        },
        {
            "trade_id": "fa578039-0af6-4ab7-89c4-2432ebd025a5",
            "ticker": "KXHIGHCHI-24DEC11-B30.5",
            "count": 60,
            "created_time": "2024-12-10T20:54:35.159816Z",
            "yes_price": 14,
            "no_price": 86,
            "taker_side": "no"
        },
        {
            "trade_id": "78ff0a98-8549-4f35-a4fb-34fee4fb20cc",
            "ticker": "KXHIGHCHI-24DEC11-B30.5",
            "count": 35,
            "created_time": "2024-12-10T20:54:35.159816Z",
            "yes_price": 14,
            "no_price": 86,
            "taker_side": "no"
        },
        {
            "trade_id": "a11eebc2-f3c0-4ab1-83e0-ab1345523cd0",
            "ticker": "KXHIGHCHI-24DEC11-B30.5",
            "count": 1,
            "created_time": "2024-12-10T20:51:33.518956Z",
            "yes_price": 18,
            "no_price": 82,
            "taker_side": "no"
        },
        {
            "trade_id": "a044cb47-a844-48a9-8f1a-d5f2f622a892",
            "ticker": "KXHIGHCHI-24DEC11-B30.5",
            "count": 50,
            "created_time": "2024-12-10T20:45:43.247884Z",
            "yes_price": 25,
            "no_price": 75,
            "taker_side": "no"
        },
        {
            "trade_id": "b2c75132-6699-4a57-9d1c-70383b3ed8ff",
            "ticker": "KXHIGHCHI-24DEC11-B30.5",
            "count": 1,
            "created_time": "2024-12-10T17:30:21.43085Z",
            "yes_price": 22,
            "no_price": 78,
            "taker_side": "no"
        },
        {
            "trade_id": "dcc804cc-14b7-43c8-8743-0602380efa48",
            "ticker": "KXHIGHCHI-24DEC11-B30.5",
            "count": 9,
            "created_time": "2024-12-10T16:16:10.709189Z",
            "yes_price": 22,
            "no_price": 78,
            "taker_side": "no"
        },
        {
            "trade_id": "dae9c8b5-fce5-4b6f-ac2f-02bcc52cd08f",
            "ticker": "KXHIGHCHI-24DEC11-B30.5",
            "count": 38,
            "created_time": "2024-12-10T15:05:00.884243Z",
            "yes_price": 15,
            "no_price": 85,
            "taker_side": "no"
        }
    ],
    "KXHIGHCHI-24DEC11-B32.5": [
        {
            "trade_id": "81c30a9e-1781-46d5-af82-78c50acbaaeb",
            "ticker": "KXHIGHCHI-24DEC11-B32.5",
            "count": 34,
            "created_time": "2024-12-12T04:38:34.006025Z",
            "yes_price": 99,
            "no_price": 1,
            "taker_side": "no"
        },
        {
            "trade_id": "eac6aee4-de3b-42a0-8e3d-70eaf6a50bdb",
            "ticker": "KXHIGHCHI-24DEC11-B32.5",
            "count": 3,
            "created_time": "2024-12-12T04:30:52.749237Z",
            "yes_price": 99,
            "no_price": 1,
            "taker_side": "no"
        },
        {
            "trade_id": "8c0c0cf0-b0d5-46c8-8e09-ad985a41ef23",
            "ticker": "KXHIGHCHI-24DEC11-B32.5",
            "count": 16,
            "created_time": "2024-12-12T04:16:29.982927Z",
            "yes_price": 99,
            "no_price": 1,
            "taker_side": "no"
        },
        {
            "trade_id": "e2a829cf-278b-4234-8c3a-ff7b35aa0a77",
            "ticker": "KXHIGHCHI-24DEC11-B32.5",
            "count": 467,
            "created_time": "2024-12-12T01:56:57.212516Z",
            "yes_price": 99,
            "no_price": 1,
            "taker_side": "no"
        },
        {
            "trade_id": "a91613ee-a403-4003-9e9e-2f29b913eec4",
            "ticker": "KXHIGHCHI-24DEC11-B32.5",
            "count": 93,
            "created_time": "2024-12-12T00:37:09.126828Z",
            "yes_price": 99,
            "no_price": 1,
            "taker_side": "no"
        },
        {
            "trade_id": "d58efbc4-6acf-4a47-8dc0-70810d8f2b58",
            "ticker": "KXHIGHCHI-24DEC11-B32.5",
            "count": 105,
            "created_time": "2024-12-11T23:44:49.143591Z",
            "yes_price": 99,
            "no_price": 1,
            "taker_side": "no"
        },
        {
            "trade_id": "c435921e-ab1a-4b3b-9b3b-2396089ff962",
            "ticker": "KXHIGHCHI-24DEC11-B32.5",
            "count": 16,
            "created_time": "2024-12-11T23:33:47.537873Z",
            "yes_price": 99,
            "no_price": 1,
            "taker_side": "no"
        },
        {
            "trade_id": "d2c12749-d0b0-49d4-8169-82b509a2fa2f",
            "ticker": "KXHIGHCHI-24DEC11-B32.5",
            "count": 2385,
            "created_time": "2024-12-11T23:17:51.576432Z",
            "yes_price": 99,
            "no_price": 1,
            "taker_side": "no"
        },
        {
            "trade_id": "59b77965-488c-4125-a777-9a0df90bf2d9",
            "ticker": "KXHIGHCHI-24DEC11-B32.5",
            "count": 2950,
            "created_time": "2024-12-11T23:17:51.576432Z",
            "yes_price": 99,
            "no_price": 1,
            "taker_side": "no"
        },
        {
            "trade_id": "26e55e5d-591d-4bf3-ac9f-e2ea49e785ff",
            "ticker": "KXHIGHCHI-24DEC11-B32.5",
            "count": 10,
            "created_time": "2024-12-11T23:17:01.856078Z",
            "yes_price": 99,
            "no_price": 1,
            "taker_side": "no"
        },
        {
            "trade_id": "eb906373-8442-4dba-bdcb-f356c2fe785b",
            "ticker": "KXHIGHCHI-24DEC11-B32.5",
            "count": 257,
            "created_time": "2024-12-11T23:16:23.887282Z",
            "yes_price": 99,
            "no_price": 1,
            "taker_side": "no"
        },
        {
            "trade_id": "c49570ad-8b45-4f2d-a1da-23716582264c",
            "ticker": "KXHIGHCHI-24DEC11-B32.5",
            "count": 324,
            "created_time": "2024-12-11T22:52:33.181085Z",
            "yes_price": 99,
            "no_price": 1,
            "taker_side": "no"
        },
        {
            "trade_id": "58508dda-4044-46d5-9701-bec120786635",
            "ticker": "KXHIGHCHI-24DEC11-B32.5",
            "count": 187,
            "created_time": "2024-12-11T22:45:22.766987Z",
            "yes_price": 99,
            "no_price": 1,
            "taker_side": "no"
        },
        {
            "trade_id": "c051fce4-7a1d-49c3-8054-a8bdec1bfa8f",
            "ticker": "KXHIGHCHI-24DEC11-B32.5",
            "count": 16,
            "created_time": "2024-12-11T22:31:27.897333Z",
            "yes_price": 99,
            "no_price": 1,
            "taker_side": "no"
        },
        {
            "trade_id": "e19bdec2-1258-4d6a-ad6e-98fe398fe6b7",
            "ticker": "KXHIGHCHI-24DEC11-B32.5",
            "count": 98,
            "created_time": "2024-12-11T22:31:12.330505Z",
            "yes_price": 99,
            "no_price": 1,
            "taker_side": "no"
        },
        {
            "trade_id": "b306d9aa-a408-4fa3-b6cc-dc8dd842d7c3",
            "ticker": "KXHIGHCHI-24DEC11-B32.5",
            "count": 1126,
            "created_time": "2024-12-11T22:30:53.841723Z",
            "yes_price": 99,
            "no_price": 1,
            "taker_side": "no"
        },
        {
            "trade_id": "54d37e33-9437-481b-beff-7ad2ba8a21a4",
            "ticker": "KXHIGHCHI-24DEC11-B32.5",
            "count": 32,
            "created_time": "2024-12-11T22:28:37.81949Z",
            "yes_price": 99,
            "no_price": 1,
            "taker_side": "no"
        },
        {
            "trade_id": "a9a80597-1b94-4086-8b72-7d2831acff9c",
            "ticker": "KXHIGHCHI-24DEC11-B32.5",
            "count": 15,
            "created_time": "2024-12-11T22:17:59.675448Z",
            "yes_price": 99,
            "no_price": 1,
            "taker_side": "yes"
        },
        {
            "trade_id": "a1fd1d58-9372-47ba-8959-ca86982d8d32",
            "ticker": "KXHIGHCHI-24DEC11-B32.5",
            "count": 2850,
            "created_time": "2024-12-11T22:17:59.675448Z",
            "yes_price": 99,
            "no_price": 1,
            "taker_side": "yes"
        },
        {
            "trade_id": "40a327bf-e3a2-431c-aee6-56daca93f79b",
            "ticker": "KXHIGHCHI-24DEC11-B32.5",
            "count": 200,
            "created_time": "2024-12-11T22:17:59.675448Z",
            "yes_price": 99,
            "no_price": 1,
            "taker_side": "yes"
        },
        {
            "trade_id": "d08541f5-0930-4207-968c-49c505744f0c",
            "ticker": "KXHIGHCHI-24DEC11-B32.5",
            "count": 48,
            "created_time": "2024-12-11T22:11:05.005186Z",
            "yes_price": 98,
            "no_price": 2,
            "taker_side": "no"
        },
        {
            "trade_id": "e7cf152e-957f-4d45-9467-9142becd080d",
            "ticker": "KXHIGHCHI-24DEC11-B32.5",
            "count": 2807,
            "created_time": "2024-12-11T22:08:33.460391Z",
            "yes_price": 99,
            "no_price": 1,
            "taker_side": "yes"
        },
        {
            "trade_id": "35e2ca14-b1f5-48af-8943-ac2ec25cb41b",
            "ticker": "KXHIGHCHI-24DEC11-B32.5",
            "count": 143,
            "created_time": "2024-12-11T22:07:28.688439Z",
            "yes_price": 99,
            "no_price": 1,
            "taker_side": "yes"
        },
        {
            "trade_id": "d528e964-2c8c-4fe3-8793-93d4cb79e4e4",
            "ticker": "KXHIGHCHI-24DEC11-B32.5",
            "count": 46,
            "created_time": "2024-12-11T22:05:08.09746Z",
            "yes_price": 98,
            "no_price": 2,
            "taker_side": "no"
        },
        {
            "trade_id": "958d6dd9-3807-4944-b80b-06281bf89ab5",
            "ticker": "KXHIGHCHI-24DEC11-B32.5",
            "count": 147,
            "created_time": "2024-12-11T22:01:52.928765Z",
            "yes_price": 98,
            "no_price": 2,
            "taker_side": "no"
        },
        {
            "trade_id": "cb30a097-00d3-45b9-ac14-9edb2722f230",
            "ticker": "KXHIGHCHI-24DEC11-B32.5",
            "count": 50,
            "created_time": "2024-12-11T22:01:05.841766Z",
            "yes_price": 99,
            "no_price": 1,
            "taker_side": "yes"
        },
        {
            "trade_id": "00ec2063-e3b1-4465-a993-569b03751dc1",
            "ticker": "KXHIGHCHI-24DEC11-B32.5",
            "count": 3000,
            "created_time": "2024-12-11T22:01:05.841766Z",
            "yes_price": 99,
            "no_price": 1,
            "taker_side": "yes"
        },
        {
            "trade_id": "e62e00ef-1738-49d0-978c-3a4634ada25d",
            "ticker": "KXHIGHCHI-24DEC11-B32.5",
            "count": 3000,
            "created_time": "2024-12-11T21:58:34.946446Z",
            "yes_price": 99,
            "no_price": 1,
            "taker_side": "yes"
        },
        {
            "trade_id": "60e9df27-018d-491f-a213-bb457742bd24",
            "ticker": "KXHIGHCHI-24DEC11-B32.5",
            "count": 600,
            "created_time": "2024-12-11T21:58:34.946446Z",
            "yes_price": 99,
            "no_price": 1,
            "taker_side": "yes"
        },
        {
            "trade_id": "0937b099-5f6c-4709-8e34-438eed916b96",
            "ticker": "KXHIGHCHI-24DEC11-B32.5",
            "count": 871,
            "created_time": "2024-12-11T21:58:34.946446Z",
            "yes_price": 99,
            "no_price": 1,
            "taker_side": "yes"
        },
        {
            "trade_id": "fe6ccc67-3d3a-4b2a-a98d-fde8dc549f1c",
            "ticker": "KXHIGHCHI-24DEC11-B32.5",
            "count": 1000,
            "created_time": "2024-12-11T21:54:39.718814Z",
            "yes_price": 98,
            "no_price": 2,
            "taker_side": "yes"
        },
        {
            "trade_id": "b110753e-9765-430f-a869-fc155a0a9d45",
            "ticker": "KXHIGHCHI-24DEC11-B32.5",
            "count": 1000,
            "created_time": "2024-12-11T21:54:27.170858Z",
            "yes_price": 98,
            "no_price": 2,
            "taker_side": "no"
        },
        {
            "trade_id": "1c78de43-2615-45df-87d8-0fafd9c6067a",
            "ticker": "KXHIGHCHI-24DEC11-B32.5",
            "count": 100,
            "created_time": "2024-12-11T21:51:34.991534Z",
            "yes_price": 99,
            "no_price": 1,
            "taker_side": "yes"
        },
        {
            "trade_id": "c9d14936-0001-485b-a329-f5902e912483",
            "ticker": "KXHIGHCHI-24DEC11-B32.5",
            "count": 8,
            "created_time": "2024-12-11T21:48:34.503255Z",
            "yes_price": 97,
            "no_price": 3,
            "taker_side": "no"
        },
        {
            "trade_id": "98244e9a-d9c5-4e3f-883a-8b48d475f99c",
            "ticker": "KXHIGHCHI-24DEC11-B32.5",
            "count": 1949,
            "created_time": "2024-12-11T21:47:55.786159Z",
            "yes_price": 98,
            "no_price": 2,
            "taker_side": "yes"
        },
        {
            "trade_id": "1fbacf2f-c540-4ccd-b2dd-4edcc2575e02",
            "ticker": "KXHIGHCHI-24DEC11-B32.5",
            "count": 31,
            "created_time": "2024-12-11T21:47:12.074165Z",
            "yes_price": 97,
            "no_price": 3,
            "taker_side": "no"
        },
        {
            "trade_id": "b20e3c88-5d93-4a91-b964-15d2b9ae3d65",
            "ticker": "KXHIGHCHI-24DEC11-B32.5",
            "count": 67,
            "created_time": "2024-12-11T21:46:53.641773Z",
            "yes_price": 98,
            "no_price": 2,
            "taker_side": "yes"
        },
        {
            "trade_id": "47faa288-db05-4854-8b97-8ba668c00774",
            "ticker": "KXHIGHCHI-24DEC11-B32.5",
            "count": 500,
            "created_time": "2024-12-11T21:45:56.424262Z",
            "yes_price": 98,
            "no_price": 2,
            "taker_side": "yes"
        },
        {
            "trade_id": "1e7b6733-e479-4ea2-99c7-bd6f7f50e068",
            "ticker": "KXHIGHCHI-24DEC11-B32.5",
            "count": 484,
            "created_time": "2024-12-11T21:44:57.449086Z",
            "yes_price": 98,
            "no_price": 2,
            "taker_side": "no"
        },
        {
            "trade_id": "9a721983-ff30-4faa-80c6-f9415a5e5bce",
            "ticker": "KXHIGHCHI-24DEC11-B32.5",
            "count": 16,
            "created_time": "2024-12-11T21:44:31.114889Z",
            "yes_price": 98,
            "no_price": 2,
            "taker_side": "no"
        },
        {
            "trade_id": "3a7e23ab-14a4-4beb-b8e6-529b530da078",
            "ticker": "KXHIGHCHI-24DEC11-B32.5",
            "count": 500,
            "created_time": "2024-12-11T21:39:38.501096Z",
            "yes_price": 98,
            "no_price": 2,
            "taker_side": "no"
        },
        {
            "trade_id": "283370c4-982c-48cb-9162-c1b66c7224b2",
            "ticker": "KXHIGHCHI-24DEC11-B32.5",
            "count": 65,
            "created_time": "2024-12-11T21:34:04.760676Z",
            "yes_price": 98,
            "no_price": 2,
            "taker_side": "yes"
        },
        {
            "trade_id": "13ca74be-3285-456e-99fa-0ac9c0e3de02",
            "ticker": "KXHIGHCHI-24DEC11-B32.5",
            "count": 126,
            "created_time": "2024-12-11T21:33:55.46119Z",
            "yes_price": 98,
            "no_price": 2,
            "taker_side": "no"
        },
        {
            "trade_id": "bc1050de-c034-4515-998e-934e3ef35efb",
            "ticker": "KXHIGHCHI-24DEC11-B32.5",
            "count": 65,
            "created_time": "2024-12-11T21:33:52.950862Z",
            "yes_price": 98,
            "no_price": 2,
            "taker_side": "no"
        },
        {
            "trade_id": "c810ec53-85d9-4c4b-85a4-9fe90e345adf",
            "ticker": "KXHIGHCHI-24DEC11-B32.5",
            "count": 147,
            "created_time": "2024-12-11T21:31:48.15186Z",
            "yes_price": 98,
            "no_price": 2,
            "taker_side": "no"
        },
        {
            "trade_id": "29d1b682-ed06-4cd3-a041-43cdb685eaae",
            "ticker": "KXHIGHCHI-24DEC11-B32.5",
            "count": 32,
            "created_time": "2024-12-11T21:31:28.494405Z",
            "yes_price": 99,
            "no_price": 1,
            "taker_side": "yes"
        },
        {
            "trade_id": "f6305d1e-0ace-4632-8fee-498ab5981790",
            "ticker": "KXHIGHCHI-24DEC11-B32.5",
            "count": 1000,
            "created_time": "2024-12-11T21:31:27.472833Z",
            "yes_price": 99,
            "no_price": 1,
            "taker_side": "yes"
        },
        {
            "trade_id": "a453a356-cbd9-4f5a-92c0-750b683645b6",
            "ticker": "KXHIGHCHI-24DEC11-B32.5",
            "count": 1000,
            "created_time": "2024-12-11T21:31:27.193339Z",
            "yes_price": 99,
            "no_price": 1,
            "taker_side": "yes"
        },
        {
            "trade_id": "cd8ef77d-f3dd-449e-8a24-b4e370e66cbf",
            "ticker": "KXHIGHCHI-24DEC11-B32.5",
            "count": 968,
            "created_time": "2024-12-11T21:31:26.770167Z",
            "yes_price": 99,
            "no_price": 1,
            "taker_side": "yes"
        },
        {
            "trade_id": "898b9d16-a3c1-4fe2-b432-3f3de58ac401",
            "ticker": "KXHIGHCHI-24DEC11-B32.5",
            "count": 32,
            "created_time": "2024-12-11T21:31:26.770167Z",
            "yes_price": 99,
            "no_price": 1,
            "taker_side": "yes"
        },
        {
            "trade_id": "dc680ac0-db42-4b45-9c3c-762abe08dcf3",
            "ticker": "KXHIGHCHI-24DEC11-B32.5",
            "count": 78,
            "created_time": "2024-12-11T21:31:06.210343Z",
            "yes_price": 98,
            "no_price": 2,
            "taker_side": "no"
        },
        {
            "trade_id": "a2301a93-0d07-4344-9413-a127ba7e0dd0",
            "ticker": "KXHIGHCHI-24DEC11-B32.5",
            "count": 35,
            "created_time": "2024-12-11T21:29:00.209394Z",
            "yes_price": 99,
            "no_price": 1,
            "taker_side": "no"
        },
        {
            "trade_id": "d745d1cb-96d4-4797-8887-5c3c6e901f69",
            "ticker": "KXHIGHCHI-24DEC11-B32.5",
            "count": 200,
            "created_time": "2024-12-11T21:27:50.01607Z",
            "yes_price": 99,
            "no_price": 1,
            "taker_side": "no"
        },
        {
            "trade_id": "bc94b925-86da-48d4-a585-809fc2356b0d",
            "ticker": "KXHIGHCHI-24DEC11-B32.5",
            "count": 106,
            "created_time": "2024-12-11T21:27:30.928171Z",
            "yes_price": 99,
            "no_price": 1,
            "taker_side": "no"
        },
        {
            "trade_id": "ab62c4bf-41ad-4f24-b9a6-46680ffbadea",
            "ticker": "KXHIGHCHI-24DEC11-B32.5",
            "count": 5,
            "created_time": "2024-12-11T21:27:19.280107Z",
            "yes_price": 99,
            "no_price": 1,
            "taker_side": "no"
        },
        {
            "trade_id": "d625a999-004e-41fd-affe-af0ffffa0965",
            "ticker": "KXHIGHCHI-24DEC11-B32.5",
            "count": 20,
            "created_time": "2024-12-11T21:27:14.051294Z",
            "yes_price": 99,
            "no_price": 1,
            "taker_side": "no"
        },
        {
            "trade_id": "4df846d4-f246-40d3-949f-f04ae3505d5f",
            "ticker": "KXHIGHCHI-24DEC11-B32.5",
            "count": 70,
            "created_time": "2024-12-11T21:27:05.652461Z",
            "yes_price": 99,
            "no_price": 1,
            "taker_side": "no"
        },
        {
            "trade_id": "cba93b95-a4ad-4727-91e7-da68722ec4fa",
            "ticker": "KXHIGHCHI-24DEC11-B32.5",
            "count": 12,
            "created_time": "2024-12-11T21:26:42.979001Z",
            "yes_price": 99,
            "no_price": 1,
            "taker_side": "no"
        },
        {
            "trade_id": "a77de9ec-5a79-4d84-9d88-74ec8ae9a056",
            "ticker": "KXHIGHCHI-24DEC11-B32.5",
            "count": 71,
            "created_time": "2024-12-11T21:26:09.354651Z",
            "yes_price": 99,
            "no_price": 1,
            "taker_side": "no"
        },
        {
            "trade_id": "156c8faa-0f06-4f11-95d1-cac4a85d6185",
            "ticker": "KXHIGHCHI-24DEC11-B32.5",
            "count": 84,
            "created_time": "2024-12-11T21:26:09.354651Z",
            "yes_price": 98,
            "no_price": 2,
            "taker_side": "no"
        },
        {
            "trade_id": "085e08a4-dc21-4766-8b73-42872fcbaa3b",
            "ticker": "KXHIGHCHI-24DEC11-B32.5",
            "count": 63,
            "created_time": "2024-12-11T21:26:09.354651Z",
            "yes_price": 98,
            "no_price": 2,
            "taker_side": "no"
        },
        {
            "trade_id": "f3a5ff1a-d84d-4c1f-a6ca-b435fa53002f",
            "ticker": "KXHIGHCHI-24DEC11-B32.5",
            "count": 300,
            "created_time": "2024-12-11T21:25:41.962749Z",
            "yes_price": 99,
            "no_price": 1,
            "taker_side": "no"
        },
        {
            "trade_id": "f81220b4-3164-4ca8-9ab9-b6732da440ba",
            "ticker": "KXHIGHCHI-24DEC11-B32.5",
            "count": 47,
            "created_time": "2024-12-11T21:25:22.356976Z",
            "yes_price": 99,
            "no_price": 1,
