{
    "KXHIGHCHI-24NOV18-T53": [
        {
            "trade_id": "f469ffbf-9ce7-4ae1-8dd2-a2a800193953",
            "ticker": "KXHIGHCHI-24NOV18-T53",
            "count": 1,
            "created_time": "2024-11-19T00:19:03.808286Z",
            "yes_price": 1,
            "no_price": 99,
            "taker_side": "yes"
        },
        {
            "trade_id": "cb020533-3285-467a-8b07-a571609bb6a8",
            "ticker": "KXHIGHCHI-24NOV18-T53",
            "count": 1,
            "created_time": "2024-11-19T00:16:48.200116Z",
            "yes_price": 1,
            "no_price": 99,
            "taker_side": "yes"
        },
        {
            "trade_id": "bb0fc696-d00a-4af2-87a6-67c0166713f4",
            "ticker": "KXHIGHCHI-24NOV18-T53",
            "count": 500,
            "created_time": "2024-11-18T07:25:29.879837Z",
            "yes_price": 1,
            "no_price": 99,
            "taker_side": "yes"
        },
        {
            "trade_id": "6e043929-7041-4a91-bc03-c9ee7ec79d6e",
            "ticker": "KXHIGHCHI-24NOV18-T53",
            "count": 4175,
            "created_time": "2024-11-18T07:25:29.879837Z",
            "yes_price": 1,
            "no_price": 99,
            "taker_side": "yes"
        },
        {
            "trade_id": "9b941b3e-e9ce-41bf-835d-378f31b01735",
            "ticker": "KXHIGHCHI-24NOV18-T53",
            "count": 100,
            "created_time": "2024-11-18T06:15:08.206512Z",
            "yes_price": 1,
            "no_price": 99,
            "taker_side": "yes"
        },
        {
            "trade_id": "6ac54603-83d0-40ba-a961-ee4b88f8afe6",
            "ticker": "KXHIGHCHI-24NOV18-T53",
            "count": 120,
            "created_time": "2024-11-17T15:56:08.162974Z",
            "yes_price": 1,
            "no_price": 99,
            "taker_side": "no"
        }
    ],
    "KXHIGHCHI-24NOV18-B53.5": [
        {
            "trade_id": "67d21e57-2a0c-46a6-9bba-2dd875d5383f",
            "ticker": "KXHIGHCHI-24NOV18-B53.5",
            "count": 1,
            "created_time": "2024-11-18T17:48:23.858031Z",
            "yes_price": 1,
            "no_price": 99,
            "taker_side": "yes"
        },
        {
            "trade_id": "fc61060f-6749-41de-b6b2-8133ae23db2f",
            "ticker": "KXHIGHCHI-24NOV18-B53.5",
            "count": 20,
            "created_time": "2024-11-18T06:13:36.306887Z",
            "yes_price": 1,
            "no_price": 99,
            "taker_side": "yes"
        },
        {
            "trade_id": "0e71762d-6824-4631-83c4-b0735687fbfc",
            "ticker": "KXHIGHCHI-24NOV18-B53.5",
            "count": 380,
            "created_time": "2024-11-18T06:13:36.306887Z",
            "yes_price": 1,
            "no_price": 99,
            "taker_side": "yes"
        },
        {
            "trade_id": "9887e0a9-b0e5-4d9a-b2ad-d2c33ba277d2",
            "ticker": "KXHIGHCHI-24NOV18-B53.5",
            "count": 49,
            "created_time": "2024-11-17T17:23:47.141639Z",
            "yes_price": 1,
            "no_price": 99,
            "taker_side": "no"
        },
        {
            "trade_id": "75967aff-8c0e-4a15-9c32-9c3b7706dc46",
            "ticker": "KXHIGHCHI-24NOV18-B53.5",
            "count": 28,
            "created_time": "2024-11-17T17:22:44.513363Z",
            "yes_price": 1,
            "no_price": 99,
            "taker_side": "no"
        },
        {
            "trade_id": "9b596ba2-de8f-49d9-91d5-a420acbcbb0e",
            "ticker": "KXHIGHCHI-24NOV18-B53.5",
            "count": 20,
            "created_time": "2024-11-17T17:22:23.17607Z",
            "yes_price": 1,
            "no_price": 99,
            "taker_side": "no"
        },
        {
            "trade_id": "50723d11-2944-41f6-9360-bbdfbc015206",
            "ticker": "KXHIGHCHI-24NOV18-B53.5",
            "count": 4,
            "created_time": "2024-11-17T17:22:23.17607Z",
            "yes_price": 1,
            "no_price": 99,
            "taker_side": "no"
        },
        {
            "trade_id": "2dbbfcb7-ab17-40b4-be1c-bf9449586aab",
            "ticker": "KXHIGHCHI-24NOV18-B53.5",
            "count": 76,
            "created_time": "2024-11-17T17:22:23.17607Z",
            "yes_price": 1,
            "no_price": 99,
            "taker_side": "no"
        },
        {
            "trade_id": "3260598e-be20-4652-bd7c-edcafc0293e2",
            "ticker": "KXHIGHCHI-24NOV18-B53.5",
            "count": 100,
            "created_time": "2024-11-17T16:31:56.847423Z",
            "yes_price": 1,
            "no_price": 99,
            "taker_side": "no"
        },
        {
            "trade_id": "9dfc140e-2902-4a5d-977f-7b01bfc63923",
            "ticker": "KXHIGHCHI-24NOV18-B53.5",
            "count": 11,
            "created_time": "2024-11-17T15:01:32.127967Z",
            "yes_price": 10,
            "no_price": 90,
            "taker_side": "yes"
        }
    ],
    "KXHIGHCHI-24NOV18-B55.5": [
        {
            "trade_id": "46541de7-6fa9-4e51-8af1-47ede11ceb69",
            "ticker": "KXHIGHCHI-24NOV18-B55.5",
            "count": 4675,
            "created_time": "2024-11-19T02:43:10.780681Z",
            "yes_price": 1,
            "no_price": 99,
            "taker_side": "yes"
        },
        {
            "trade_id": "b3a06f63-2e31-4b11-ba0e-4dffd6f8ae88",
            "ticker": "KXHIGHCHI-24NOV18-B55.5",
            "count": 250,
            "created_time": "2024-11-18T19:44:29.526676Z",
            "yes_price": 1,
            "no_price": 99,
            "taker_side": "yes"
        },
        {
            "trade_id": "a83dcbd2-bdea-4eb8-a2c3-68ebe475f11e",
            "ticker": "KXHIGHCHI-24NOV18-B55.5",
            "count": 1554,
            "created_time": "2024-11-18T19:44:29.526676Z",
            "yes_price": 1,
            "no_price": 99,
            "taker_side": "yes"
        },
        {
            "trade_id": "4361e88f-409b-4eb9-b987-30b956af28eb",
            "ticker": "KXHIGHCHI-24NOV18-B55.5",
            "count": 250,
            "created_time": "2024-11-18T19:44:29.526676Z",
            "yes_price": 1,
            "no_price": 99,
            "taker_side": "yes"
        },
        {
            "trade_id": "336aa1ec-1e39-461f-a0e8-cae8681bdbbc",
            "ticker": "KXHIGHCHI-24NOV18-B55.5",
            "count": 1383,
            "created_time": "2024-11-18T19:44:29.526676Z",
            "yes_price": 1,
            "no_price": 99,
            "taker_side": "yes"
        },
        {
            "trade_id": "1b5c6c0c-1864-4447-b1ad-9d602e2db144",
            "ticker": "KXHIGHCHI-24NOV18-B55.5",
            "count": 150,
            "created_time": "2024-11-18T19:44:29.526676Z",
            "yes_price": 1,
            "no_price": 99,
            "taker_side": "yes"
        },
        {
            "trade_id": "03782ebb-d3c5-47d6-b8ae-878b68ed6fc2",
            "ticker": "KXHIGHCHI-24NOV18-B55.5",
            "count": 150,
            "created_time": "2024-11-18T19:44:29.526676Z",
            "yes_price": 1,
            "no_price": 99,
            "taker_side": "yes"
        },
        {
            "trade_id": "694d5929-1b85-4bac-946b-e293260c1430",
            "ticker": "KXHIGHCHI-24NOV18-B55.5",
            "count": 91,
            "created_time": "2024-11-18T17:47:21.945198Z",
            "yes_price": 1,
            "no_price": 99,
            "taker_side": "yes"
        },
        {
            "trade_id": "7aac386a-5103-41f2-b6f3-cab3d2c0323c",
            "ticker": "KXHIGHCHI-24NOV18-B55.5",
            "count": 12,
            "created_time": "2024-11-18T17:29:22.741814Z",
            "yes_price": 1,
            "no_price": 99,
            "taker_side": "yes"
        },
        {
            "trade_id": "6bd24b77-286b-40c2-8009-461fc0fb588a",
            "ticker": "KXHIGHCHI-24NOV18-B55.5",
            "count": 100,
            "created_time": "2024-11-18T16:54:11.464066Z",
            "yes_price": 1,
            "no_price": 99,
            "taker_side": "yes"
        },
        {
            "trade_id": "995041e8-233d-488f-9f02-313b3c2d2a1f",
            "ticker": "KXHIGHCHI-24NOV18-B55.5",
            "count": 37,
            "created_time": "2024-11-18T13:45:02.049159Z",
            "yes_price": 1,
            "no_price": 99,
            "taker_side": "no"
        },
        {
            "trade_id": "82c6adad-e21a-4f5d-a251-63875c7d3a25",
            "ticker": "KXHIGHCHI-24NOV18-B55.5",
            "count": 20,
            "created_time": "2024-11-18T13:45:02.045228Z",
            "yes_price": 1,
            "no_price": 99,
            "taker_side": "no"
        },
        {
            "trade_id": "5627d8cf-da09-40b0-ad02-d8671f513e67",
            "ticker": "KXHIGHCHI-24NOV18-B55.5",
            "count": 16,
            "created_time": "2024-11-18T13:45:02.045228Z",
            "yes_price": 1,
            "no_price": 99,
            "taker_side": "no"
        },
        {
            "trade_id": "00bb7261-af6a-4e72-aa8d-62f8d14772b8",
            "ticker": "KXHIGHCHI-24NOV18-B55.5",
            "count": 1,
            "created_time": "2024-11-18T13:45:02.045228Z",
            "yes_price": 1,
            "no_price": 99,
            "taker_side": "no"
        },
        {
            "trade_id": "5e48cd69-cd5d-4990-a193-b516a987aad6",
            "ticker": "KXHIGHCHI-24NOV18-B55.5",
            "count": 31,
            "created_time": "2024-11-18T13:44:01.373938Z",
            "yes_price": 1,
            "no_price": 99,
            "taker_side": "no"
        },
        {
            "trade_id": "176f774c-ffa6-4abe-8f09-9341aadc27a0",
            "ticker": "KXHIGHCHI-24NOV18-B55.5",
            "count": 62,
            "created_time": "2024-11-18T13:41:27.087269Z",
            "yes_price": 1,
            "no_price": 99,
            "taker_side": "no"
        },
        {
            "trade_id": "55d402d1-dc02-4874-b077-b82d2fc9084f",
            "ticker": "KXHIGHCHI-24NOV18-B55.5",
            "count": 3,
            "created_time": "2024-11-18T13:40:26.354107Z",
            "yes_price": 1,
            "no_price": 99,
            "taker_side": "no"
        },
        {
            "trade_id": "23c18a29-e0d4-432d-b4b7-2aaca89b0517",
            "ticker": "KXHIGHCHI-24NOV18-B55.5",
            "count": 15,
            "created_time": "2024-11-18T13:39:19.915555Z",
            "yes_price": 1,
            "no_price": 99,
            "taker_side": "no"
        },
        {
            "trade_id": "af46911d-24e5-4398-9102-e3d110df4187",
            "ticker": "KXHIGHCHI-24NOV18-B55.5",
            "count": 15,
            "created_time": "2024-11-18T13:35:27.951722Z",
            "yes_price": 1,
            "no_price": 99,
            "taker_side": "no"
        },
        {
            "trade_id": "c26a7843-2403-48fc-bbf0-edf7bcffb8df",
            "ticker": "KXHIGHCHI-24NOV18-B55.5",
            "count": 117,
            "created_time": "2024-11-18T13:34:50.716529Z",
            "yes_price": 1,
            "no_price": 99,
            "taker_side": "no"
        },
        {
            "trade_id": "a734ec7f-5bbf-493d-a121-eea4f430af46",
            "ticker": "KXHIGHCHI-24NOV18-B55.5",
            "count": 63,
            "created_time": "2024-11-18T13:33:18.123111Z",
            "yes_price": 1,
            "no_price": 99,
            "taker_side": "no"
        },
        {
            "trade_id": "a33f4af4-f60a-4977-8a8a-efac04a0358c",
            "ticker": "KXHIGHCHI-24NOV18-B55.5",
            "count": 36,
            "created_time": "2024-11-18T13:31:32.03029Z",
            "yes_price": 1,
            "no_price": 99,
            "taker_side": "no"
        },
        {
            "trade_id": "d83cd42e-22fe-47e0-9bc7-19f0ae787e8b",
            "ticker": "KXHIGHCHI-24NOV18-B55.5",
            "count": 2,
            "created_time": "2024-11-18T13:27:40.436184Z",
            "yes_price": 1,
            "no_price": 99,
            "taker_side": "no"
        },
        {
            "trade_id": "739edc7d-4c61-4c6c-af1b-5497df0b5a35",
            "ticker": "KXHIGHCHI-24NOV18-B55.5",
            "count": 104,
            "created_time": "2024-11-18T13:27:22.317149Z",
            "yes_price": 1,
            "no_price": 99,
            "taker_side": "no"
        },
        {
            "trade_id": "235038c5-c1f4-4cc4-85e0-6fd04dd60323",
            "ticker": "KXHIGHCHI-24NOV18-B55.5",
            "count": 2,
            "created_time": "2024-11-18T13:24:59.9111Z",
            "yes_price": 1,
            "no_price": 99,
            "taker_side": "no"
        },
        {
            "trade_id": "a3333212-a4dd-420f-8546-57d6430f3aa7",
            "ticker": "KXHIGHCHI-24NOV18-B55.5",
            "count": 50,
            "created_time": "2024-11-18T13:18:18.184376Z",
            "yes_price": 1,
            "no_price": 99,
            "taker_side": "no"
        },
        {
            "trade_id": "64a90f4d-7cee-437e-9da7-4e76e183d4f3",
            "ticker": "KXHIGHCHI-24NOV18-B55.5",
            "count": 11,
            "created_time": "2024-11-18T13:12:12.434475Z",
            "yes_price": 1,
            "no_price": 99,
            "taker_side": "no"
        },
        {
            "trade_id": "cba9e9e2-94e9-44e3-b269-bedb3c9728f0",
            "ticker": "KXHIGHCHI-24NOV18-B55.5",
            "count": 21,
            "created_time": "2024-11-18T13:08:34.823096Z",
            "yes_price": 1,
            "no_price": 99,
            "taker_side": "no"
        },
        {
            "trade_id": "029fb500-4e44-4442-82c0-7c7c0db9fe9d",
            "ticker": "KXHIGHCHI-24NOV18-B55.5",
            "count": 87,
            "created_time": "2024-11-18T13:07:50.908355Z",
            "yes_price": 1,
            "no_price": 99,
            "taker_side": "no"
        },
        {
            "trade_id": "f48ac7e1-d7c2-4db0-857b-37593cb5e5f7",
            "ticker": "KXHIGHCHI-24NOV18-B55.5",
            "count": 191,
            "created_time": "2024-11-18T07:59:25.704933Z",
            "yes_price": 4,
            "no_price": 96,
            "taker_side": "yes"
        },
        {
            "trade_id": "2c8ea137-42de-472b-bf47-4fe049cb97d3",
            "ticker": "KXHIGHCHI-24NOV18-B55.5",
            "count": 34,
            "created_time": "2024-11-18T07:59:25.704933Z",
            "yes_price": 5,
            "no_price": 95,
            "taker_side": "yes"
        },
        {
            "trade_id": "bf76728e-0e47-42e2-b0f4-6627272fa9c3",
            "ticker": "KXHIGHCHI-24NOV18-B55.5",
            "count": 4,
            "created_time": "2024-11-18T07:43:31.98019Z",
            "yes_price": 1,
            "no_price": 99,
            "taker_side": "no"
        },
        {
            "trade_id": "6e0e2aa8-033c-4d7b-b74d-de5dd651ef10",
            "ticker": "KXHIGHCHI-24NOV18-B55.5",
            "count": 16,
            "created_time": "2024-11-18T07:43:31.98019Z",
            "yes_price": 1,
            "no_price": 99,
            "taker_side": "no"
        },
        {
            "trade_id": "07334aaf-05b5-4fac-a217-2abce490da2b",
            "ticker": "KXHIGHCHI-24NOV18-B55.5",
            "count": 10,
            "created_time": "2024-11-18T07:43:31.98019Z",
            "yes_price": 3,
            "no_price": 97,
            "taker_side": "no"
        },
        {
            "trade_id": "da8ed570-f2c8-46d1-b150-b6b4719d893a",
            "ticker": "KXHIGHCHI-24NOV18-B55.5",
            "count": 12,
            "created_time": "2024-11-18T07:05:32.388696Z",
            "yes_price": 3,
            "no_price": 97,
            "taker_side": "no"
        },
        {
            "trade_id": "923028ba-603c-4828-afcf-553cc3beb03c",
            "ticker": "KXHIGHCHI-24NOV18-B55.5",
            "count": 9,
            "created_time": "2024-11-18T06:59:23.848535Z",
            "yes_price": 4,
            "no_price": 96,
            "taker_side": "yes"
        },
        {
            "trade_id": "1830caa2-086f-4d4e-a726-c2fdf162ff89",
            "ticker": "KXHIGHCHI-24NOV18-B55.5",
            "count": 29,
            "created_time": "2024-11-18T06:56:17.341498Z",
            "yes_price": 3,
            "no_price": 97,
            "taker_side": "no"
        },
        {
            "trade_id": "99da6a60-1b62-44c3-8517-4252a0d54b2c",
            "ticker": "KXHIGHCHI-24NOV18-B55.5",
            "count": 1,
            "created_time": "2024-11-18T06:50:57.436742Z",
            "yes_price": 3,
            "no_price": 97,
            "taker_side": "no"
        },
        {
            "trade_id": "2275f8ea-60a0-4abf-9563-2d02ef55c3bd",
            "ticker": "KXHIGHCHI-24NOV18-B55.5",
            "count": 16,
            "created_time": "2024-11-18T06:32:11.536092Z",
            "yes_price": 3,
            "no_price": 97,
            "taker_side": "no"
        },
        {
            "trade_id": "075775d0-c1e9-4663-805b-8269ea391e5c",
            "ticker": "KXHIGHCHI-24NOV18-B55.5",
            "count": 4,
            "created_time": "2024-11-18T06:28:47.50086Z",
            "yes_price": 3,
            "no_price": 97,
            "taker_side": "no"
        },
        {
            "trade_id": "1a167003-acaf-4880-b82d-c70f3529f13f",
            "ticker": "KXHIGHCHI-24NOV18-B55.5",
            "count": 100,
            "created_time": "2024-11-18T06:15:37.862647Z",
            "yes_price": 3,
            "no_price": 97,
            "taker_side": "yes"
        },
        {
            "trade_id": "c786565f-d54d-4b48-ac62-7765ea31df14",
            "ticker": "KXHIGHCHI-24NOV18-B55.5",
            "count": 47,
            "created_time": "2024-11-18T06:09:13.606952Z",
            "yes_price": 5,
            "no_price": 95,
            "taker_side": "yes"
        },
        {
            "trade_id": "b3c1ff50-21a8-4254-9f6d-d4725004a679",
            "ticker": "KXHIGHCHI-24NOV18-B55.5",
            "count": 100,
            "created_time": "2024-11-18T06:09:13.606952Z",
            "yes_price": 4,
            "no_price": 96,
            "taker_side": "yes"
        },
        {
            "trade_id": "02e07ba8-e7d7-46b5-806f-d3bbee41f518",
            "ticker": "KXHIGHCHI-24NOV18-B55.5",
            "count": 100,
            "created_time": "2024-11-18T06:09:13.606952Z",
            "yes_price": 3,
            "no_price": 97,
            "taker_side": "yes"
        },
        {
            "trade_id": "697d280f-0d54-491e-a906-6b2710f59216",
            "ticker": "KXHIGHCHI-24NOV18-B55.5",
            "count": 300,
            "created_time": "2024-11-18T06:00:02.887635Z",
            "yes_price": 2,
            "no_price": 98,
            "taker_side": "no"
        },
        {
            "trade_id": "3d663510-60e5-4b61-a254-62229bf9cb06",
            "ticker": "KXHIGHCHI-24NOV18-B55.5",
            "count": 40,
            "created_time": "2024-11-18T05:44:49.841049Z",
            "yes_price": 2,
            "no_price": 98,
            "taker_side": "no"
        },
        {
            "trade_id": "d4dc765e-e0c9-4a10-9a14-971ecf1b6a43",
            "ticker": "KXHIGHCHI-24NOV18-B55.5",
            "count": 30,
            "created_time": "2024-11-18T05:39:53.442602Z",
            "yes_price": 8,
            "no_price": 92,
            "taker_side": "yes"
        },
        {
            "trade_id": "bb07f683-0f21-4da4-8cf2-68268d114f5a",
            "ticker": "KXHIGHCHI-24NOV18-B55.5",
            "count": 21,
            "created_time": "2024-11-18T05:27:42.415511Z",
            "yes_price": 2,
            "no_price": 98,
            "taker_side": "no"
        },
        {
            "trade_id": "6273cedb-d4ab-4e20-adc1-c1fb8d25c4fb",
            "ticker": "KXHIGHCHI-24NOV18-B55.5",
            "count": 30,
            "created_time": "2024-11-18T05:26:13.273988Z",
            "yes_price": 3,
            "no_price": 97,
            "taker_side": "no"
        },
        {
            "trade_id": "f610921f-9fe8-47b7-80c0-63a333ec3bff",
            "ticker": "KXHIGHCHI-24NOV18-B55.5",
            "count": 20,
            "created_time": "2024-11-18T05:19:59.49715Z",
            "yes_price": 4,
            "no_price": 96,
            "taker_side": "no"
        },
        {
            "trade_id": "b16b24be-7197-4b08-ae9b-2215ab7536aa",
            "ticker": "KXHIGHCHI-24NOV18-B55.5",
            "count": 26,
            "created_time": "2024-11-18T05:05:43.799255Z",
            "yes_price": 1,
            "no_price": 99,
            "taker_side": "no"
        },
        {
            "trade_id": "1bde057f-19dd-4c70-81af-56806c1553b8",
            "ticker": "KXHIGHCHI-24NOV18-B55.5",
            "count": 26,
            "created_time": "2024-11-18T05:05:43.649458Z",
            "yes_price": 1,
            "no_price": 99,
            "taker_side": "no"
        },
        {
            "trade_id": "d213c02f-896e-41a2-ad2e-f38928799daa",
            "ticker": "KXHIGHCHI-24NOV18-B55.5",
            "count": 64,
            "created_time": "2024-11-18T05:05:24.611582Z",
            "yes_price": 1,
            "no_price": 99,
            "taker_side": "no"
        },
        {
            "trade_id": "e57d3505-5dcd-4322-8aa5-c917cd7b6b7b",
            "ticker": "KXHIGHCHI-24NOV18-B55.5",
            "count": 9,
            "created_time": "2024-11-18T04:52:31.52418Z",
            "yes_price": 6,
            "no_price": 94,
            "taker_side": "yes"
        },
        {
            "trade_id": "06e20e67-2db9-42de-8b3e-e01c8d115e75",
            "ticker": "KXHIGHCHI-24NOV18-B55.5",
            "count": 50,
            "created_time": "2024-11-18T04:52:31.52418Z",
            "yes_price": 6,
            "no_price": 94,
            "taker_side": "yes"
        },
        {
            "trade_id": "f74d38c0-63f2-4699-ab2e-5ccba5037a27",
            "ticker": "KXHIGHCHI-24NOV18-B55.5",
            "count": 26,
            "created_time": "2024-11-18T04:52:09.243341Z",
            "yes_price": 5,
            "no_price": 95,
            "taker_side": "yes"
        },
        {
            "trade_id": "dc6f31a7-bcf7-414f-8d9e-44594665c7d6",
            "ticker": "KXHIGHCHI-24NOV18-B55.5",
            "count": 14,
            "created_time": "2024-11-18T04:49:16.674124Z",
            "yes_price": 5,
            "no_price": 95,
            "taker_side": "yes"
        },
        {
            "trade_id": "21e7aabe-8d79-4e5b-bc50-dc32c687af41",
            "ticker": "KXHIGHCHI-24NOV18-B55.5",
            "count": 100,
            "created_time": "2024-11-18T04:40:00.53027Z",
            "yes_price": 4,
            "no_price": 96,
            "taker_side": "yes"
        },
        {
            "trade_id": "97909f23-6cde-44a4-8bf2-c39cf8adbc7e",
            "ticker": "KXHIGHCHI-24NOV18-B55.5",
            "count": 10,
            "created_time": "2024-11-18T03:27:02.724646Z",
            "yes_price": 5,
            "no_price": 95,
            "taker_side": "yes"
        },
        {
            "trade_id": "119d7c1e-01b3-421c-948d-2859b97d95ba",
            "ticker": "KXHIGHCHI-24NOV18-B55.5",
            "count": 39,
            "created_time": "2024-11-18T02:43:52.478251Z",
            "yes_price": 2,
            "no_price": 98,
            "taker_side": "no"
        },
        {
            "trade_id": "7d69e501-e510-46e4-9e8c-eaf46a39c801",
            "ticker": "KXHIGHCHI-24NOV18-B55.5",
            "count": 1,
            "created_time": "2024-11-18T02:43:34.691618Z",
            "yes_price": 2,
            "no_price": 98,
            "taker_side": "no"
        },
        {
            "trade_id": "09ae8b0f-8862-4920-90dd-17dd83f62bf9",
            "ticker": "KXHIGHCHI-24NOV18-B55.5",
            "count": 9,
            "created_time": "2024-11-18T02:43:34.691618Z",
            "yes_price": 2,
            "no_price": 98,
            "taker_side": "no"
        },
        {
            "trade_id": "ee3693a0-f7cc-40aa-8c13-ff50b72cd74b",
            "ticker": "KXHIGHCHI-24NOV18-B55.5",
            "count": 16,
            "created_time": "2024-11-18T02:30:06.536025Z",
            "yes_price": 2,
            "no_price": 98,
            "taker_side": "no"
        },
        {
            "trade_id": "554992c6-e381-446d-819c-c52e27d1ae55",
            "ticker": "KXHIGHCHI-24NOV18-B55.5",
            "count": 4,
            "created_time": "2024-11-18T02:30:06.536025Z",
            "yes_price": 2,
            "no_price": 98,
            "taker_side": "no"
        },
        {
            "trade_id": "a5175beb-75cf-4e35-bd5a-e0e999ef3efc",
            "ticker": "KXHIGHCHI-24NOV18-B55.5",
            "count": 38,
            "created_time": "2024-11-18T02:29:46.258395Z",
            "yes_price": 2,
            "no_price": 98,
            "taker_side": "no"
        },
        {
            "trade_id": "8fac788d-5bbe-4f0e-bfb8-b14d673b5a78",
            "ticker": "KXHIGHCHI-24NOV18-B55.5",
            "count": 39,
            "created_time": "2024-11-18T02:28:41.116485Z",
            "yes_price": 2,
            "no_price": 98,
            "taker_side": "no"
        },
        {
            "trade_id": "6ad53145-a6c1-4375-9852-5d78a062c98e",
            "ticker": "KXHIGHCHI-24NOV18-B55.5",
            "count": 22,
            "created_time": "2024-11-18T02:28:30.350411Z",
            "yes_price": 3,
            "no_price": 97,
            "taker_side": "no"
        },
        {
            "trade_id": "a2c27626-7c81-43a6-80df-725e65d3cf90",
            "ticker": "KXHIGHCHI-24NOV18-B55.5",
            "count": 1,
            "created_time": "2024-11-18T01:21:39.602401Z",
            "yes_price": 3,
            "no_price": 97,
            "taker_side": "no"
        },
        {
            "trade_id": "eba24ab9-562d-4f11-98ca-57bb771f498b",
            "ticker": "KXHIGHCHI-24NOV18-B55.5",
            "count": 10,
            "created_time": "2024-11-18T00:47:15.811678Z",
            "yes_price": 3,
            "no_price": 97,
            "taker_side": "no"
        },
        {
            "trade_id": "7f14d2b0-598d-4886-8e72-940c71a9859b",
            "ticker": "KXHIGHCHI-24NOV18-B55.5",
            "count": 10,
            "created_time": "2024-11-17T23:33:05.232598Z",
            "yes_price": 2,
            "no_price": 98,
            "taker_side": "no"
        },
        {
            "trade_id": "bec555d2-f9c5-4381-89dd-a7d58741752c",
            "ticker": "KXHIGHCHI-24NOV18-B55.5",
            "count": 20,
            "created_time": "2024-11-17T23:33:05.228396Z",
            "yes_price": 2,
            "no_price": 98,
            "taker_side": "no"
        },
        {
            "trade_id": "48589751-ab41-427d-aee3-4b5d2b1d2e42",
            "ticker": "KXHIGHCHI-24NOV18-B55.5",
            "count": 20,
            "created_time": "2024-11-17T22:25:30.667512Z",
            "yes_price": 6,
            "no_price": 94,
            "taker_side": "yes"
        },
        {
            "trade_id": "1a3d2ea1-0d4f-4237-b099-6319122d3754",
            "ticker": "KXHIGHCHI-24NOV18-B55.5",
            "count": 210,
            "created_time": "2024-11-17T22:20:55.484848Z",
            "yes_price": 6,
            "no_price": 94,
            "taker_side": "yes"
        },
        {
            "trade_id": "1a44018f-3785-468d-9cf9-9cceb28b40ae",
            "ticker": "KXHIGHCHI-24NOV18-B55.5",
            "count": 150,
            "created_time": "2024-11-17T22:20:06.051598Z",
            "yes_price": 6,
            "no_price": 94,
            "taker_side": "yes"
        },
        {
            "trade_id": "cc45f20b-c3d1-4575-892b-3397a6211e47",
            "ticker": "KXHIGHCHI-24NOV18-B55.5",
            "count": 100,
            "created_time": "2024-11-17T22:19:02.580722Z",
            "yes_price": 5,
            "no_price": 95,
            "taker_side": "yes"
        },
        {
            "trade_id": "5a867812-1a76-40ef-ba43-38d6ccb68fe0",
            "ticker": "KXHIGHCHI-24NOV18-B55.5",
            "count": 3,
            "created_time": "2024-11-17T21:11:33.340617Z",
            "yes_price": 2,
            "no_price": 98,
            "taker_side": "no"
        },
        {
            "trade_id": "6b0b79e1-163f-4123-9b7b-55735262e6de",
            "ticker": "KXHIGHCHI-24NOV18-B55.5",
            "count": 19,
            "created_time": "2024-11-17T20:19:24.170725Z",
            "yes_price": 2,
            "no_price": 98,
            "taker_side": "no"
        },
        {
            "trade_id": "df9dbfe3-9dd7-437e-81f2-e24a0f38aaf2",
            "ticker": "KXHIGHCHI-24NOV18-B55.5",
            "count": 27,
            "created_time": "2024-11-17T17:38:32.747735Z",
            "yes_price": 8,
            "no_price": 92,
            "taker_side": "yes"
        },
        {
            "trade_id": "59e6bf8b-696d-4b05-b262-b3f209abe330",
            "ticker": "KXHIGHCHI-24NOV18-B55.5",
            "count": 36,
            "created_time": "2024-11-17T17:38:32.747735Z",
            "yes_price": 7,
            "no_price": 93,
            "taker_side": "yes"
        },
        {
            "trade_id": "cb20d2ab-0275-45e6-bb7e-936a29574357",
            "ticker": "KXHIGHCHI-24NOV18-B55.5",
            "count": 10,
            "created_time": "2024-11-17T17:24:25.411268Z",
            "yes_price": 2,
            "no_price": 98,
            "taker_side": "no"
        },
        {
            "trade_id": "9875d03e-9377-4fff-897b-571df036a7d2",
            "ticker": "KXHIGHCHI-24NOV18-B55.5",
            "count": 57,
            "created_time": "2024-11-17T17:24:25.405978Z",
            "yes_price": 2,
            "no_price": 98,
            "taker_side": "no"
        },
        {
            "trade_id": "4927c121-2c74-4ee9-9097-2e870cabc564",
            "ticker": "KXHIGHCHI-24NOV18-B55.5",
            "count": 13,
            "created_time": "2024-11-17T17:24:25.405978Z",
            "yes_price": 3,
            "no_price": 97,
            "taker_side": "no"
        },
        {
            "trade_id": "ea38ee9b-2b74-486c-bb61-f4ede1f310f0",
            "ticker": "KXHIGHCHI-24NOV18-B55.5",
            "count": 10,
            "created_time": "2024-11-17T17:24:25.352268Z",
            "yes_price": 3,
            "no_price": 97,
            "taker_side": "no"
        },
        {
            "trade_id": "c37fe477-0646-4869-889b-0d6a25986462",
            "ticker": "KXHIGHCHI-24NOV18-B55.5",
            "count": 49,
            "created_time": "2024-11-17T17:23:47.138591Z",
            "yes_price": 3,
            "no_price": 97,
            "taker_side": "no"
        },
        {
            "trade_id": "c231be3c-1ae2-487b-aa25-da72a7807280",
            "ticker": "KXHIGHCHI-24NOV18-B55.5",
            "count": 28,
            "created_time": "2024-11-17T17:22:44.523802Z",
            "yes_price": 3,
            "no_price": 97,
            "taker_side": "no"
        },
        {
            "trade_id": "b5c62b88-e13b-4440-8adf-891f0da2c2cd",
            "ticker": "KXHIGHCHI-24NOV18-B55.5",
            "count": 100,
            "created_time": "2024-11-17T17:22:23.242697Z",
            "yes_price": 3,
            "no_price": 97,
            "taker_side": "no"
        },
        {
            "trade_id": "efbda010-ec4b-4163-9ff1-ba6245a9e4a8",
            "ticker": "KXHIGHCHI-24NOV18-B55.5",
            "count": 100,
            "created_time": "2024-11-17T16:31:56.843788Z",
            "yes_price": 3,
            "no_price": 97,
            "taker_side": "no"
        },
        {
            "trade_id": "2386a5de-3c71-4437-9b7c-dfc374a1a4d1",
            "ticker": "KXHIGHCHI-24NOV18-B55.5",
            "count": 73,
            "created_time": "2024-11-17T15:35:27.157475Z",
            "yes_price": 9,
            "no_price": 91,
            "taker_side": "yes"
        },
        {
            "trade_id": "15cea021-2a8d-417a-8a00-d28d7b83e9fe",
            "ticker": "KXHIGHCHI-24NOV18-B55.5",
            "count": 100,
            "created_time": "2024-11-17T15:28:53.166491Z",
            "yes_price": 9,
            "no_price": 91,
            "taker_side": "yes"
        },
        {
            "trade_id": "b32dd89d-c8a6-45ae-b720-4292fbfe10c1",
            "ticker": "KXHIGHCHI-24NOV18-B55.5",
            "count": 12,
            "created_time": "2024-11-17T15:04:38.285357Z",
            "yes_price": 20,
            "no_price": 80,
            "taker_side": "yes"
        },
        {
            "trade_id": "324d6634-98cd-45dd-98f9-b00461f58604",
            "ticker": "KXHIGHCHI-24NOV18-B55.5",
            "count": 9,
            "created_time": "2024-11-17T15:04:38.285357Z",
            "yes_price": 79,
            "no_price": 21,
            "taker_side": "yes"
        }
    ],
    "KXHIGHCHI-24NOV18-B57.5": [
        {
            "trade_id": "30e6d082-4aa8-462c-a588-61faf2b442dc",
            "ticker": "KXHIGHCHI-24NOV18-B57.5",
            "count": 2337,
            "created_time": "2024-11-19T04:58:15.081759Z",
            "yes_price": 1,
            "no_price": 99,
            "taker_side": "yes"
        },
        {
            "trade_id": "4830a15b-7eeb-4900-8a6a-374a98d280c6",
            "ticker": "KXHIGHCHI-24NOV18-B57.5",
            "count": 100,
            "created_time": "2024-11-19T04:21:55.111697Z",
            "yes_price": 1,
            "no_price": 99,
            "taker_side": "yes"
        },
        {
            "trade_id": "0ee101b8-f33b-428e-a039-d2269ff3af54",
            "ticker": "KXHIGHCHI-24NOV18-B57.5",
            "count": 801,
            "created_time": "2024-11-19T04:09:08.642819Z",
            "yes_price": 1,
            "no_price": 99,
            "taker_side": "yes"
        },
        {
            "trade_id": "b4d36f6a-1e23-4b64-a214-675e03046dbe",
            "ticker": "KXHIGHCHI-24NOV18-B57.5",
            "count": 2992,
            "created_time": "2024-11-19T03:39:41.010643Z",
            "yes_price": 1,
            "no_price": 99,
            "taker_side": "yes"
        },
        {
            "trade_id": "e98194ce-4ca7-484a-93ca-8b83e0a3054e",
            "ticker": "KXHIGHCHI-24NOV18-B57.5",
            "count": 5000,
            "created_time": "2024-11-19T03:35:02.421397Z",
            "yes_price": 1,
            "no_price": 99,
            "taker_side": "yes"
        },
        {
            "trade_id": "f8d3f4f2-dad3-42e6-8520-efbb125e6bdf",
            "ticker": "KXHIGHCHI-24NOV18-B57.5",
            "count": 1749,
            "created_time": "2024-11-19T03:34:58.126611Z",
            "yes_price": 1,
            "no_price": 99,
            "taker_side": "yes"
        },
        {
            "trade_id": "ac898cfe-ee5e-4e4b-8308-a2e4b1944189",
            "ticker": "KXHIGHCHI-24NOV18-B57.5",
            "count": 1460,
            "created_time": "2024-11-19T03:33:48.25742Z",
            "yes_price": 1,
            "no_price": 99,
            "taker_side": "yes"
        },
        {
            "trade_id": "63c335e0-9a8e-457d-8870-a72a71d8bcf2",
            "ticker": "KXHIGHCHI-24NOV18-B57.5",
            "count": 540,
            "created_time": "2024-11-19T03:33:48.25742Z",
            "yes_price": 1,
            "no_price": 99,
            "taker_side": "yes"
        },
        {
            "trade_id": "bdfef5da-cfdb-43f4-8691-a0959bab0d9b",
            "ticker": "KXHIGHCHI-24NOV18-B57.5",
            "count": 151,
            "created_time": "2024-11-19T03:26:39.793345Z",
            "yes_price": 1,
            "no_price": 99,
            "taker_side": "yes"
        },
        {
            "trade_id": "5b80e721-8d22-400c-a93d-667b5638923f",
            "ticker": "KXHIGHCHI-24NOV18-B57.5",
            "count": 392,
            "created_time": "2024-11-19T03:26:39.793345Z",
            "yes_price": 2,
            "no_price": 98,
            "taker_side": "yes"
        },
        {
            "trade_id": "b67029ab-d02b-4488-a5b1-a023361c3408",
            "ticker": "KXHIGHCHI-24NOV18-B57.5",
            "count": 500,
            "created_time": "2024-11-19T03:19:18.344264Z",
            "yes_price": 1,
            "no_price": 99,
            "taker_side": "yes"
        },
        {
            "trade_id": "b6429c77-1021-408b-ab1c-bfcd00c45212",
            "ticker": "KXHIGHCHI-24NOV18-B57.5",
            "count": 55,
            "created_time": "2024-11-19T03:19:18.344264Z",
            "yes_price": 1,
            "no_price": 99,
            "taker_side": "yes"
        },
        {
            "trade_id": "30daa1b9-c626-404e-a88e-31b17704e7a5",
            "ticker": "KXHIGHCHI-24NOV18-B57.5",
            "count": 33,
            "created_time": "2024-11-19T03:19:18.344264Z",
            "yes_price": 1,
            "no_price": 99,
            "taker_side": "yes"
        },
        {
            "trade_id": "1e9a2e77-2dc1-463c-9658-a9846594ffcc",
            "ticker": "KXHIGHCHI-24NOV18-B57.5",
            "count": 1000,
            "created_time": "2024-11-19T03:19:18.344264Z",
            "yes_price": 1,
            "no_price": 99,
            "taker_side": "yes"
        },
        {
            "trade_id": "9231be33-187b-4abd-b644-69724a863f05",
            "ticker": "KXHIGHCHI-24NOV18-B57.5",
            "count": 445,
            "created_time": "2024-11-19T03:14:49.605902Z",
            "yes_price": 1,
            "no_price": 99,
            "taker_side": "yes"
        },
        {
            "trade_id": "631b6fdd-0f56-48e8-b618-67fe8f38feea",
            "ticker": "KXHIGHCHI-24NOV18-B57.5",
            "count": 500,
            "created_time": "2024-11-19T03:07:25.371768Z",
            "yes_price": 1,
            "no_price": 99,
            "taker_side": "yes"
        },
        {
            "trade_id": "028d489b-ced9-4454-9118-ba7ab512aa0d",
            "ticker": "KXHIGHCHI-24NOV18-B57.5",
            "count": 1560,
            "created_time": "2024-11-19T02:42:38.22073Z",
            "yes_price": 3,
            "no_price": 97,
            "taker_side": "yes"
        },
        {
            "trade_id": "a4045b14-84de-4ef8-ba00-f2f7bbc3c547",
            "ticker": "KXHIGHCHI-24NOV18-B57.5",
            "count": 172,
            "created_time": "2024-11-19T02:37:14.369724Z",
            "yes_price": 2,
            "no_price": 98,
            "taker_side": "no"
        },
        {
            "trade_id": "8721ab2d-fc2b-44a7-a32d-628802305f71",
            "ticker": "KXHIGHCHI-24NOV18-B57.5",
            "count": 9,
            "created_time": "2024-11-19T02:37:08.693385Z",
            "yes_price": 2,
            "no_price": 98,
            "taker_side": "yes"
        },
        {
            "trade_id": "f4dcd975-200c-40d9-abcc-b346ec9e57cb",
            "ticker": "KXHIGHCHI-24NOV18-B57.5",
            "count": 31,
            "created_time": "2024-11-19T02:33:43.573788Z",
            "yes_price": 3,
            "no_price": 97,
            "taker_side": "yes"
        },
        {
            "trade_id": "8a302d51-a436-4a05-9f55-6c433f30c8a9",
            "ticker": "KXHIGHCHI-24NOV18-B57.5",
            "count": 1953,
            "created_time": "2024-11-19T02:32:31.674978Z",
            "yes_price": 2,
            "no_price": 98,
            "taker_side": "yes"
        },
        {
            "trade_id": "49c29490-db82-4554-b1cd-43a7951042f1",
            "ticker": "KXHIGHCHI-24NOV18-B57.5",
            "count": 90,
            "created_time": "2024-11-19T02:32:31.674978Z",
            "yes_price": 2,
            "no_price": 98,
            "taker_side": "yes"
        },
        {
            "trade_id": "31d192b3-54a7-4c81-8c9e-61315269f7c4",
            "ticker": "KXHIGHCHI-24NOV18-B57.5",
            "count": 293,
            "created_time": "2024-11-19T02:32:31.674978Z",
            "yes_price": 2,
            "no_price": 98,
            "taker_side": "yes"
        },
        {
            "trade_id": "5d3cce94-0119-4ed0-93dd-31abcefcefd0",
            "ticker": "KXHIGHCHI-24NOV18-B57.5",
            "count": 200,
            "created_time": "2024-11-19T02:31:09.521331Z",
            "yes_price": 2,
            "no_price": 98,
            "taker_side": "yes"
        },
        {
            "trade_id": "3e8bfe1a-35d6-4520-bcad-bb046093cd1e",
            "ticker": "KXHIGHCHI-24NOV18-B57.5",
            "count": 7,
            "created_time": "2024-11-19T02:21:38.828092Z",
            "yes_price": 2,
            "no_price": 98,
            "taker_side": "yes"
        },
        {
            "trade_id": "e4c4e238-ce03-4852-bc28-87b1a1e327fd",
            "ticker": "KXHIGHCHI-24NOV18-B57.5",
            "count": 400,
            "created_time": "2024-11-19T02:16:58.772755Z",
            "yes_price": 2,
            "no_price": 98,
            "taker_side": "yes"
        },
        {
            "trade_id": "ddce2c21-a0cd-4413-b28b-8c74bb6b81c3",
            "ticker": "KXHIGHCHI-24NOV18-B57.5",
            "count": 1144,
            "created_time": "2024-11-19T02:16:58.772755Z",
            "yes_price": 2,
            "no_price": 98,
            "taker_side": "yes"
        },
        {
            "trade_id": "c500ab75-468e-4aab-815d-66f01b191624",
            "ticker": "KXHIGHCHI-24NOV18-B57.5",
            "count": 26,
            "created_time": "2024-11-19T02:16:58.772755Z",
            "yes_price": 3,
            "no_price": 97,
            "taker_side": "yes"
        },
        {
            "trade_id": "c2a49c21-7cd8-4c61-af88-653486e2d330",
            "ticker": "KXHIGHCHI-24NOV18-B57.5",
            "count": 1000,
            "created_time": "2024-11-19T02:16:58.772755Z",
            "yes_price": 3,
            "no_price": 97,
            "taker_side": "yes"
        },
        {
            "trade_id": "9ec614a5-39d7-41d7-b51a-c0af5c4d955b",
            "ticker": "KXHIGHCHI-24NOV18-B57.5",
            "count": 2734,
            "created_time": "2024-11-19T02:16:58.772755Z",
            "yes_price": 3,
            "no_price": 97,
            "taker_side": "yes"
        },
        {
            "trade_id": "8468634d-b94a-4a70-abae-7b70eea3db18",
            "ticker": "KXHIGHCHI-24NOV18-B57.5",
            "count": 2636,
            "created_time": "2024-11-19T02:16:58.772755Z",
            "yes_price": 2,
            "no_price": 98,
            "taker_side": "yes"
        },
        {
            "trade_id": "5cc10560-8455-4078-b4d4-ea432e5463a3",
            "ticker": "KXHIGHCHI-24NOV18-B57.5",
            "count": 1500,
            "created_time": "2024-11-19T02:16:58.772755Z",
            "yes_price": 3,
            "no_price": 97,
            "taker_side": "yes"
        },
        {
            "trade_id": "59257aed-b7cc-4627-ba28-430d345e10b5",
            "ticker": "KXHIGHCHI-24NOV18-B57.5",
            "count": 75,
            "created_time": "2024-11-19T02:16:58.772755Z",
            "yes_price": 1,
            "no_price": 99,
            "taker_side": "yes"
        },
        {
            "trade_id": "52cc82da-f7aa-4783-ad38-7c321cd483ac",
            "ticker": "KXHIGHCHI-24NOV18-B57.5",
            "count": 1298,
            "created_time": "2024-11-19T02:16:58.772755Z",
            "yes_price": 1,
            "no_price": 99,
            "taker_side": "yes"
        },
        {
            "trade_id": "27950679-b2ab-425c-a0b9-288aef1eecbd",
            "ticker": "KXHIGHCHI-24NOV18-B57.5",
            "count": 500,
            "created_time": "2024-11-19T02:16:58.772755Z",
            "yes_price": 1,
            "no_price": 99,
            "taker_side": "yes"
        },
        {
            "trade_id": "1f54994e-01b9-4bca-ba13-93a7af132ec6",
            "ticker": "KXHIGHCHI-24NOV18-B57.5",
            "count": 85,
            "created_time": "2024-11-19T02:16:58.772755Z",
            "yes_price": 1,
            "no_price": 99,
            "taker_side": "yes"
        },
        {
            "trade_id": "1022e0eb-7217-4eda-8c16-cbc7a4e44c10",
            "ticker": "KXHIGHCHI-24NOV18-B57.5",
            "count": 45,
            "created_time": "2024-11-19T02:15:39.646873Z",
            "yes_price": 1,
            "no_price": 99,
            "taker_side": "yes"
        },
        {
            "trade_id": "5d930ad9-d1da-4e61-a27c-6b660b063622",
            "ticker": "KXHIGHCHI-24NOV18-B57.5",
            "count": 4000,
            "created_time": "2024-11-19T02:14:55.19233Z",
            "yes_price": 1,
            "no_price": 99,
            "taker_side": "yes"
        },
        {
            "trade_id": "4af6f0de-ab30-4da7-a382-7133a0f06afc",
            "ticker": "KXHIGHCHI-24NOV18-B57.5",
            "count": 4193,
            "created_time": "2024-11-19T02:14:55.19233Z",
            "yes_price": 1,
            "no_price": 99,
            "taker_side": "yes"
        },
        {
            "trade_id": "40678b56-9965-4653-98c4-76b817b63d85",
            "ticker": "KXHIGHCHI-24NOV18-B57.5",
            "count": 1157,
            "created_time": "2024-11-19T02:14:55.19233Z",
            "yes_price": 1,
            "no_price": 99,
            "taker_side": "yes"
        },
        {
            "trade_id": "03eeaa25-064f-44f2-96ad-df4bc102a7b8",
            "ticker": "KXHIGHCHI-24NOV18-B57.5",
            "count": 74,
            "created_time": "2024-11-19T02:12:37.465178Z",
            "yes_price": 1,
            "no_price": 99,
            "taker_side": "yes"
        },
        {
            "trade_id": "698be881-829d-4d66-9469-2822dd29a0b6",
            "ticker": "KXHIGHCHI-24NOV18-B57.5",
            "count": 1402,
            "created_time": "2024-11-19T02:11:47.1868Z",
            "yes_price": 1,
            "no_price": 99,
            "taker_side": "yes"
        },
        {
            "trade_id": "6d95d584-4e5f-4271-a5d1-b97d18c806a6",
            "ticker": "KXHIGHCHI-24NOV18-B57.5",
            "count": 935,
            "created_time": "2024-11-19T02:08:32.719771Z",
            "yes_price": 1,
            "no_price": 99,
            "taker_side": "yes"
        },
        {
            "trade_id": "652c3e84-b0a5-4cf2-8882-ce52d7d353c8",
            "ticker": "KXHIGHCHI-24NOV18-B57.5",
            "count": 566,
            "created_time": "2024-11-19T02:08:19.025068Z",
            "yes_price": 1,
            "no_price": 99,
            "taker_side": "yes"
        },
        {
            "trade_id": "2f7051b7-ee5f-43f0-bfea-b6a73bd4ebf3",
            "ticker": "KXHIGHCHI-24NOV18-B57.5",
            "count": 780,
            "created_time": "2024-11-19T01:50:28.95542Z",
            "yes_price": 1,
            "no_price": 99,
            "taker_side": "yes"
        },
        {
            "trade_id": "4069f4d5-c311-4bdd-a03e-dd501b08c251",
            "ticker": "KXHIGHCHI-24NOV18-B57.5",
            "count": 467,
            "created_time": "2024-11-19T01:29:58.334961Z",
            "yes_price": 1,
            "no_price": 99,
            "taker_side": "yes"
        },
        {
            "trade_id": "b137ea5b-fcac-455c-ab72-ea321b1ab2ee",
            "ticker": "KXHIGHCHI-24NOV18-B57.5",
            "count": 1583,
            "created_time": "2024-11-19T01:20:36.762359Z",
            "yes_price": 1,
            "no_price": 99,
            "taker_side": "yes"
        },
        {
            "trade_id": "4da63082-2b52-45fd-9185-d80766d19eca",
            "ticker": "KXHIGHCHI-24NOV18-B57.5",
            "count": 754,
            "created_time": "2024-11-19T01:20:36.762359Z",
            "yes_price": 1,
            "no_price": 99,
            "taker_side": "yes"
        },
        {
            "trade_id": "20383222-040c-4868-8771-8fa134a98d2f",
            "ticker": "KXHIGHCHI-24NOV18-B57.5",
            "count": 73,
            "created_time": "2024-11-19T00:53:34.771114Z",
            "yes_price": 1,
            "no_price": 99,
            "taker_side": "yes"
        },
        {
            "trade_id": "89e5f949-73e0-4f1f-98da-3168900e19c3",
            "ticker": "KXHIGHCHI-24NOV18-B57.5",
            "count": 7,
            "created_time": "2024-11-19T00:47:02.529442Z",
            "yes_price": 1,
            "no_price": 99,
            "taker_side": "yes"
        },
        {
            "trade_id": "4dfd77be-7dc0-4971-b638-7fa6094294e8",
            "ticker": "KXHIGHCHI-24NOV18-B57.5",
            "count": 100,
            "created_time": "2024-11-19T00:38:27.298211Z",
            "yes_price": 1,
            "no_price": 99,
            "taker_side": "yes"
        },
        {
            "trade_id": "9ab7278f-68e9-49da-bc90-b42ba1b8fd41",
            "ticker": "KXHIGHCHI-24NOV18-B57.5",
            "count": 66,
            "created_time": "2024-11-19T00:35:49.353576Z",
            "yes_price": 1,
            "no_price": 99,
            "taker_side": "yes"
        },
        {
            "trade_id": "1dc816a4-4224-485a-8c85-c11e65b14388",
            "ticker": "KXHIGHCHI-24NOV18-B57.5",
            "count": 34,
            "created_time": "2024-11-19T00:35:49.353576Z",
            "yes_price": 1,
            "no_price": 99,
            "taker_side": "yes"
        },
        {
            "trade_id": "70bde7df-eedc-438d-8992-9a6005c431fa",
            "ticker": "KXHIGHCHI-24NOV18-B57.5",
            "count": 5,
            "created_time": "2024-11-19T00:33:30.556995Z",
            "yes_price": 1,
            "no_price": 99,
            "taker_side": "yes"
        },
        {
            "trade_id": "116ed9ec-9787-4b48-827b-b42da3d124a7",
            "ticker": "KXHIGHCHI-24NOV18-B57.5",
            "count": 93,
            "created_time": "2024-11-19T00:28:40.967728Z",
            "yes_price": 1,
            "no_price": 99,
            "taker_side": "yes"
        },
        {
            "trade_id": "61b4c8ea-fe90-4a2e-b480-bc9cb589be4b",
            "ticker": "KXHIGHCHI-24NOV18-B57.5",
            "count": 93,
            "created_time": "2024-11-19T00:24:06.123482Z",
            "yes_price": 1,
            "no_price": 99,
            "taker_side": "yes"
        },
        {
            "trade_id": "3950abd9-0369-4e5d-b886-848fa2a8293a",
            "ticker": "KXHIGHCHI-24NOV18-B57.5",
            "count": 10,
            "created_time": "2024-11-19T00:21:20.395478Z",
            "yes_price": 1,
            "no_price": 99,
            "taker_side": "yes"
        },
        {
            "trade_id": "fed2d3d7-082c-4515-87a5-4093d3c189e3",
            "ticker": "KXHIGHCHI-24NOV18-B57.5",
            "count": 467,
            "created_time": "2024-11-19T00:16:38.054583Z",
            "yes_price": 1,
            "no_price": 99,
            "taker_side": "yes"
        },
        {
            "trade_id": "ed3a2a5a-afab-479b-bc54-49131668ccf0",
            "ticker": "KXHIGHCHI-24NOV18-B57.5",
            "count": 100,
            "created_time": "2024-11-19T00:15:42.926147Z",
            "yes_price": 1,
            "no_price": 99,
            "taker_side": "yes"
        },
        {
            "trade_id": "790decb1-0cee-4e4f-99c3-6e59d8ce219d",
            "ticker": "KXHIGHCHI-24NOV18-B57.5",
            "count": 54,
            "created_time": "2024-11-19T00:15:42.926147Z",
            "yes_price": 1,
            "no_price": 99,
            "taker_side": "yes"
        },
        {
            "trade_id": "4bc0c952-02f4-4048-9d9e-1370e1439203",
            "ticker": "KXHIGHCHI-24NOV18-B57.5",
            "count": 432,
            "created_time": "2024-11-19T00:15:42.926147Z",
            "yes_price": 1,
            "no_price": 99,
            "taker_side": "yes"
        },
        {
            "trade_id": "4ada7b65-77b9-4b75-a748-4861c43fc2f8",
            "ticker": "KXHIGHCHI-24NOV18-B57.5",
            "count": 50,
            "created_time": "2024-11-19T00:15:42.926147Z",
            "yes_price": 1,
            "no_price": 99,
            "taker_side": "yes"
        },
        {
            "trade_id": "3a2eb053-cfaa-43e5-9d1f-ad148360acf3",
            "ticker": "KXHIGHCHI-24NOV18-B57.5",
            "count": 298,
            "created_time": "2024-11-19T00:15:42.926147Z",
            "yes_price": 1,
            "no_price": 99,
            "taker_side": "yes"
        },
        {
            "trade_id": "e922da4d-a766-4bde-a1e0-73f39d35da4f",
            "ticker": "KXHIGHCHI-24NOV18-B57.5",
            "count": 100,
            "created_time": "2024-11-19T00:11:48.72232Z",
            "yes_price": 1,
            "no_price": 99,
            "taker_side": "yes"
        },
        {
            "trade_id": "69963d1b-a6f7-454d-b9c6-5109acfaeb5e",
            "ticker": "KXHIGHCHI-24NOV18-B57.5",
            "count": 600,
            "created_time": "2024-11-19T00:10:06.949746Z",
            "yes_price": 1,
            "no_price": 99,
            "taker_side": "yes"
        },
        {
            "trade_id": "52055fcd-4d3e-4c8f-b329-c2b07aaa34a0",
            "ticker": "KXHIGHCHI-24NOV18-B57.5",
            "count": 2619,
            "created_time": "2024-11-19T00:05:20.000046Z",
            "yes_price": 1,
            "no_price": 99,
            "taker_side": "yes"
        },
        {
            "trade_id": "1e492241-0882-4ef8-926e-8e65ef15cbd6",
            "ticker": "KXHIGHCHI-24NOV18-B57.5",
            "count": 935,
            "created_time": "2024-11-19T00:03:53.251875Z",
            "yes_price": 1,
            "no_price": 99,
            "taker_side": "yes"
        },
        {
            "trade_id": "7cf49b9a-e5a4-473d-a299-b5f98dfab2ac",
            "ticker": "KXHIGHCHI-24NOV18-B57.5",
            "count": 500,
            "created_time": "2024-11-19T00:02:36.069677Z",
            "yes_price": 1,
            "no_price": 99,
            "taker_side": "yes"
        },
        {
            "trade_id": "e5a0b2a4-f4fe-423f-b207-e7d424ef9a80",
            "ticker": "KXHIGHCHI-24NOV18-B57.5",
            "count": 467,
            "created_time": "2024-11-18T23:59:37.672095Z",
            "yes_price": 1,
            "no_price": 99,
            "taker_side": "yes"
        },
        {
            "trade_id": "802fdc63-4654-4dfb-bc19-d3c36a9bcbfd",
            "ticker": "KXHIGHCHI-24NOV18-B57.5",
            "count": 2,
            "created_time": "2024-11-18T23:58:15.974544Z",
            "yes_price": 1,
            "no_price": 99,
            "taker_side": "yes"
        },
        {
            "trade_id": "83651640-0c07-498c-b6b4-f147a7cf1f47",
            "ticker": "KXHIGHCHI-24NOV18-B57.5",
            "count": 1870,
            "created_time": "2024-11-18T23:57:33.270918Z",
            "yes_price": 1,
            "no_price": 99,
            "taker_side": "yes"
        },
        {
            "trade_id": "40042316-d694-4777-a1f8-dcd6f70d37b6",
            "ticker": "KXHIGHCHI-24NOV18-B57.5",
            "count": 2805,
            "created_time": "2024-11-18T23:56:34.150858Z",
            "yes_price": 1,
            "no_price": 99,
            "taker_side": "yes"
        },
        {
            "trade_id": "5612b9db-2d4c-4e62-8425-79637008d2ae",
            "ticker": "KXHIGHCHI-24NOV18-B57.5",
            "count": 100,
            "created_time": "2024-11-18T23:56:07.919419Z",
            "yes_price": 1,
            "no_price": 99,
            "taker_side": "yes"
        },
        {
            "trade_id": "9f1d3d72-11ee-4dd1-a8df-3d4e51a43c13",
            "ticker": "KXHIGHCHI-24NOV18-B57.5",
            "count": 400,
            "created_time": "2024-11-18T23:55:39.880221Z",
            "yes_price": 1,
            "no_price": 99,
            "taker_side": "yes"
        },
        {
            "trade_id": "ba3dbf36-2778-4a30-927a-e544614ae585",
            "ticker": "KXHIGHCHI-24NOV18-B57.5",
            "count": 3606,
            "created_time": "2024-11-18T23:55:33.159413Z",
            "yes_price": 1,
            "no_price": 99,
            "taker_side": "no"
        },
        {
            "trade_id": "e0dd7434-9c79-472d-acb7-398681626c8b",
            "ticker": "KXHIGHCHI-24NOV18-B57.5",
            "count": 30,
            "created_time": "2024-11-18T23:55:26.271401Z",
            "yes_price": 1,
            "no_price": 99,
            "taker_side": "no"
        },
        {
            "trade_id": "a1bc429e-0662-441f-82b8-1566c152016c",
            "ticker": "KXHIGHCHI-24NOV18-B57.5",
            "count": 46,
            "created_time": "2024-11-18T23:53:17.657304Z",
            "yes_price": 2,
            "no_price": 98,
            "taker_side": "yes"
        },
        {
            "trade_id": "35c9ee61-ffd4-49e2-8e32-c209fa212f9a",
            "ticker": "KXHIGHCHI-24NOV18-B57.5",
            "count": 20,
            "created_time": "2024-11-18T23:52:00.417852Z",
            "yes_price": 2,
            "no_price": 98,
            "taker_side": "yes"
        },
        {
            "trade_id": "93c390a8-d265-4e2c-9dad-fb72dac8a935",
            "ticker": "KXHIGHCHI-24NOV18-B57.5",
            "count": 169,
            "created_time": "2024-11-18T23:51:18.702436Z",
            "yes_price": 2,
            "no_price": 98,
            "taker_side": "yes"
        },
        {
            "trade_id": "2b564721-6224-4961-a78b-c2f863b67c11",
            "ticker": "KXHIGHCHI-24NOV18-B57.5",
            "count": 298,
            "created_time": "2024-11-18T23:51:18.702436Z",
            "yes_price": 2,
            "no_price": 98,
            "taker_side": "yes"
        },
        {
            "trade_id": "958b0da8-5efe-49c0-b449-2bd1ee23f45d",
            "ticker": "KXHIGHCHI-24NOV18-B57.5",
            "count": 364,
            "created_time": "2024-11-18T23:50:57.748888Z",
            "yes_price": 1,
            "no_price": 99,
            "taker_side": "no"
        },
        {
            "trade_id": "6b7fd7f8-4e9d-4e50-a60c-954982fa4adb",
            "ticker": "KXHIGHCHI-24NOV18-B57.5",
            "count": 767,
            "created_time": "2024-11-18T23:47:18.511326Z",
            "yes_price": 1,
            "no_price": 99,
            "taker_side": "no"
        },
        {
            "trade_id": "3c1c8dd0-3a13-41b8-b105-55457b1bdd50",
            "ticker": "KXHIGHCHI-24NOV18-B57.5",
            "count": 335,
            "created_time": "2024-11-18T23:47:18.511326Z",
            "yes_price": 1,
            "no_price": 99,
            "taker_side": "no"
        },
        {
            "trade_id": "355bc2e5-62cc-47e7-93ca-6c3bd869826b",
            "ticker": "KXHIGHCHI-24NOV18-B57.5",
            "count": 12,
            "created_time": "2024-11-18T23:47:16.873362Z",
            "yes_price": 1,
            "no_price": 99,
            "taker_side": "no"
        },
        {
            "trade_id": "540ba20b-48e4-4733-8563-8f3d40cac89b",
            "ticker": "KXHIGHCHI-24NOV18-B57.5",
            "count": 2,
            "created_time": "2024-11-18T23:46:49.922807Z",
            "yes_price": 1,
            "no_price": 99,
            "taker_side": "no"
        },
        {
            "trade_id": "60b6c0fa-d9dd-4b3d-a341-83e2f4b1e8e9",
            "ticker": "KXHIGHCHI-24NOV18-B57.5",
            "count": 135,
            "created_time": "2024-11-18T23:45:07.349722Z",
            "yes_price": 1,
            "no_price": 99,
            "taker_side": "no"
        },
        {
            "trade_id": "1a18f53b-ae97-4a98-acd8-f07830ab1bc9",
            "ticker": "KXHIGHCHI-24NOV18-B57.5",
            "count": 5,
            "created_time": "2024-11-18T23:44:41.625043Z",
            "yes_price": 2,
            "no_price": 98,
            "taker_side": "yes"
        },
        {
            "trade_id": "d2d1760e-4c0c-470c-b100-53971ea0c048",
            "ticker": "KXHIGHCHI-24NOV18-B57.5",
            "count": 93,
            "created_time": "2024-11-18T23:43:39.10813Z",
            "yes_price": 2,
            "no_price": 98,
            "taker_side": "yes"
        },
        {
            "trade_id": "e5765288-a817-4b8f-b5a0-31df5746e822",
            "ticker": "KXHIGHCHI-24NOV18-B57.5",
            "count": 233,
            "created_time": "2024-11-18T23:43:32.549099Z",
            "yes_price": 2,
            "no_price": 98,
            "taker_side": "yes"
        },
        {
            "trade_id": "49715954-70f3-488e-9223-caa73d055d49",
            "ticker": "KXHIGHCHI-24NOV18-B57.5",
            "count": 500,
            "created_time": "2024-11-18T23:42:50.453557Z",
            "yes_price": 3,
            "no_price": 97,
            "taker_side": "yes"
        },
        {
            "trade_id": "75a6b2da-517d-4e78-804f-cd1147a4395c",
            "ticker": "KXHIGHCHI-24NOV18-B57.5",
            "count": 3,
            "created_time": "2024-11-18T23:42:45.502331Z",
            "yes_price": 3,
            "no_price": 97,
            "taker_side": "yes"
        },
        {
            "trade_id": "fedd2109-1d50-4ceb-94f2-21be4a68f496",
            "ticker": "KXHIGHCHI-24NOV18-B57.5",
            "count": 158,
            "created_time": "2024-11-18T23:42:42.01212Z",
            "yes_price": 3,
            "no_price": 97,
            "taker_side": "yes"
        },
        {
            "trade_id": "03cf4ffa-f6d4-4b20-aeca-2b109957a4ca",
            "ticker": "KXHIGHCHI-24NOV18-B57.5",
            "count": 20,
            "created_time": "2024-11-18T23:42:32.084548Z",
            "yes_price": 2,
            "no_price": 98,
            "taker_side": "no"
        },
        {
            "trade_id": "7e98306a-2794-42c0-b652-1811f432d6ec",
            "ticker": "KXHIGHCHI-24NOV18-B57.5",
            "count": 62,
            "created_time": "2024-11-18T23:42:27.787398Z",
            "yes_price": 3,
            "no_price": 97,
            "taker_side": "yes"
        },
        {
            "trade_id": "a631ee48-0c80-4cc8-bf35-1b1690f83c93",
            "ticker": "KXHIGHCHI-24NOV18-B57.5",
            "count": 31,
            "created_time": "2024-11-18T23:41:50.312546Z",
            "yes_price": 3,
            "no_price": 97,
            "taker_side": "yes"
        },
        {
            "trade_id": "1681d4ba-b877-4a3d-bac8-7147c6431bf2",
            "ticker": "KXHIGHCHI-24NOV18-B57.5",
            "count": 190,
            "created_time": "2024-11-18T23:40:56.714079Z",
            "yes_price": 2,
            "no_price": 98,
            "taker_side": "no"
        },
        {
            "trade_id": "29ee2d37-cfe4-452b-b42e-741b6d254f93",
            "ticker": "KXHIGHCHI-24NOV18-B57.5",
            "count": 93,
            "created_time": "2024-11-18T23:40:44.520538Z",
            "yes_price": 3,
            "no_price": 97,
            "taker_side": "yes"
        },
        {
            "trade_id": "888f7e0b-f925-4270-9427-7f6f897436a5",
            "ticker": "KXHIGHCHI-24NOV18-B57.5",
            "count": 1022,
            "created_time": "2024-11-18T23:40:35.874033Z",
            "yes_price": 1,
            "no_price": 99,
            "taker_side": "no"
        },
        {
            "trade_id": "ca51c942-a060-4b6d-9d6c-acd0e146aa6e",
            "ticker": "KXHIGHCHI-24NOV18-B57.5",
            "count": 354,
            "created_time": "2024-11-18T23:40:29.560366Z",
            "yes_price": 2,
            "no_price": 98,
            "taker_side": "yes"
        },
        {
            "trade_id": "3abfa1a2-9e68-4958-bfa7-a2ef727ec355",
            "ticker": "KXHIGHCHI-24NOV18-B57.5",
            "count": 3,
            "created_time": "2024-11-18T23:40:29.560366Z",
            "yes_price": 3,
            "no_price": 97,
            "taker_side": "yes"
        },
        {
            "trade_id": "7be372f6-9d6a-41d3-bbe4-3449ee47332e",
            "ticker": "KXHIGHCHI-24NOV18-B57.5",
            "count": 94,
            "created_time": "2024-11-18T23:40:21.282959Z",
            "yes_price": 1,
            "no_price": 99,
            "taker_side": "no"
        },
        {
            "trade_id": "cbc4d963-b14c-4b17-8512-7a15848dd22c",
            "ticker": "KXHIGHCHI-24NOV18-B57.5",
            "count": 94,
            "created_time": "2024-11-18T23:40:21.22271Z",
            "yes_price": 1,
            "no_price": 99,
            "taker_side": "no"
        },
        {
            "trade_id": "fd4ce773-e0f6-4c71-b4f9-8ce1bf0d2ea2",
            "ticker": "KXHIGHCHI-24NOV18-B57.5",
            "count": 94,
            "created_time": "2024-11-18T23:40:21.176157Z",
            "yes_price": 1,
            "no_price": 99,
            "taker_side": "no"
        },
        {
            "trade_id": "d80fae8d-5114-4445-820c-0e8747a38d7d",
            "ticker": "KXHIGHCHI-24NOV18-B57.5",
            "count": 94,
            "created_time": "2024-11-18T23:40:21.126895Z",
            "yes_price": 1,
            "no_price": 99,
            "taker_side": "no"
        },
        {
            "trade_id": "c25be2df-2609-4d31-bc41-ff74b97077c0",
            "ticker": "KXHIGHCHI-24NOV18-B57.5",
            "count": 233,
            "created_time": "2024-11-18T23:39:42.460001Z",
            "yes_price": 2,
            "no_price": 98,
            "taker_side": "yes"
        },
        {
            "trade_id": "73f4e2d3-f728-43c0-8923-fb9aa55c0f92",
            "ticker": "KXHIGHCHI-24NOV18-B57.5",
            "count": 5,
            "created_time": "2024-11-18T23:39:24.485225Z",
            "yes_price": 2,
            "no_price": 98,
            "taker_side": "yes"
        },
        {
            "trade_id": "412fe67a-dc56-42f5-9466-9aa6efd3d278",
            "ticker": "KXHIGHCHI-24NOV18-B57.5",
            "count": 46,
            "created_time": "2024-11-18T23:39:09.266027Z",
            "yes_price": 2,
            "no_price": 98,
            "taker_side": "yes"
        },
        {
            "trade_id": "6d103d76-e697-4d57-b925-8658c2c6696b",
            "ticker": "KXHIGHCHI-24NOV18-B57.5",
            "count": 1000,
            "created_time": "2024-11-18T23:38:43.237323Z",
            "yes_price": 2,
            "no_price": 98,
            "taker_side": "yes"
        },
        {
            "trade_id": "229853f9-ac2b-4b39-ad86-911187e8c166",
            "ticker": "KXHIGHCHI-24NOV18-B57.5",
            "count": 46,
            "created_time": "2024-11-18T23:38:26.318358Z",
            "yes_price": 2,
            "no_price": 98,
            "taker_side": "yes"
        },
        {
            "trade_id": "d92f61d4-7c17-4df7-983f-b69e16b816d6",
            "ticker": "KXHIGHCHI-24NOV18-B57.5",
            "count": 15,
            "created_time": "2024-11-18T23:38:11.734715Z",
            "yes_price": 1,
            "no_price": 99,
            "taker_side": "no"
        },
        {
            "trade_id": "035dca6f-28a8-4a36-9bbb-438fd85b11d6",
            "ticker": "KXHIGHCHI-24NOV18-B57.5",
            "count": 200,
            "created_time": "2024-11-18T23:38:09.791478Z",
            "yes_price": 2,
            "no_price": 98,
            "taker_side": "yes"
        },
        {
            "trade_id": "4d34d386-c275-4259-8bf4-57a4da5510ed",
            "ticker": "KXHIGHCHI-24NOV18-B57.5",
            "count": 26,
            "created_time": "2024-11-18T23:37:51.23122Z",
            "yes_price": 1,
            "no_price": 99,
            "taker_side": "no"
        },
        {
            "trade_id": "be787234-781c-4ae6-a074-ad8eeba4d11a",
            "ticker": "KXHIGHCHI-24NOV18-B57.5",
            "count": 29,
            "created_time": "2024-11-18T23:37:32.265094Z",
            "yes_price": 1,
            "no_price": 99,
            "taker_side": "no"
        },
        {
            "trade_id": "570e4540-a8b8-4959-a03e-8e112e28abd0",
            "ticker": "KXHIGHCHI-24NOV18-B57.5",
            "count": 1034,
            "created_time": "2024-11-18T23:37:22.991148Z",
            "yes_price": 1,
            "no_price": 99,
            "taker_side": "no"
        },
        {
            "trade_id": "74a065c7-098b-4581-95df-54be6488d4a1",
            "ticker": "KXHIGHCHI-24NOV18-B57.5",
            "count": 70,
            "created_time": "2024-11-18T23:37:14.083212Z",
            "yes_price": 2,
            "no_price": 98,
            "taker_side": "yes"
        },
        {
            "trade_id": "276c0184-1093-4ea2-b053-9467a86f6548",
            "ticker": "KXHIGHCHI-24NOV18-B57.5",
            "count": 1,
            "created_time": "2024-11-18T23:37:13.616599Z",
            "yes_price": 1,
            "no_price": 99,
            "taker_side": "no"
        },
        {
            "trade_id": "3ccfbc89-4149-4c68-aec1-c799a2fba9a9",
            "ticker": "KXHIGHCHI-24NOV18-B57.5",
            "count": 46,
            "created_time": "2024-11-18T23:36:56.774301Z",
            "yes_price": 2,
            "no_price": 98,
            "taker_side": "yes"
        },
        {
            "trade_id": "eb2beeda-c3bc-4403-b210-b7c3d88dc4ba",
            "ticker": "KXHIGHCHI-24NOV18-B57.5",
            "count": 24,
            "created_time": "2024-11-18T23:36:11.090194Z",
            "yes_price": 2,
            "no_price": 98,
            "taker_side": "no"
        },
        {
            "trade_id": "8e11227d-3457-4352-9981-07a08d8b684b",
            "ticker": "KXHIGHCHI-24NOV18-B57.5",
            "count": 312,
            "created_time": "2024-11-18T23:36:08.012038Z",
            "yes_price": 3,
            "no_price": 97,
            "taker_side": "yes"
        },
        {
            "trade_id": "189757bd-53b7-4991-b083-4879f990af32",
            "ticker": "KXHIGHCHI-24NOV18-B57.5",
            "count": 312,
            "created_time": "2024-11-18T23:36:06.50944Z",
            "yes_price": 3,
            "no_price": 97,
            "taker_side": "yes"
        },
        {
            "trade_id": "2a2d3bdc-547c-4f5d-a853-d04924a17396",
            "ticker": "KXHIGHCHI-24NOV18-B57.5",
            "count": 468,
            "created_time": "2024-11-18T23:35:50.971104Z",
            "yes_price": 4,
            "no_price": 96,
            "taker_side": "yes"
        },
        {
            "trade_id": "737c0525-4d77-4102-afe7-967619e5919a",
            "ticker": "KXHIGHCHI-24NOV18-B57.5",
            "count": 914,
            "created_time": "2024-11-18T23:35:49.074724Z",
            "yes_price": 2,
            "no_price": 98,
            "taker_side": "no"
        },
        {
            "trade_id": "67a5d98b-065d-43c5-ab49-05f6676e7218",
            "ticker": "KXHIGHCHI-24NOV18-B57.5",
            "count": 24,
            "created_time": "2024-11-18T23:35:49.074724Z",
            "yes_price": 3,
            "no_price": 97,
            "taker_side": "no"
        },
        {
            "trade_id": "b92738aa-1905-408d-a6c6-55ed0acca410",
            "ticker": "KXHIGHCHI-24NOV18-B57.5",
            "count": 476,
            "created_time": "2024-11-18T23:35:47.604183Z",
            "yes_price": 3,
            "no_price": 97,
            "taker_side": "yes"
        },
        {
            "trade_id": "34e06e27-7865-4a89-a4bd-de87e7144297",
            "ticker": "KXHIGHCHI-24NOV18-B57.5",
            "count": 24,
            "created_time": "2024-11-18T23:35:46.419922Z",
            "yes_price": 3,
            "no_price": 97,
            "taker_side": "yes"
        },
        {
            "trade_id": "8e2d40e1-a79c-486f-81d7-2d4a15f32212",
            "ticker": "KXHIGHCHI-24NOV18-B57.5",
            "count": 10,
            "created_time": "2024-11-18T23:35:45.861903Z",
            "yes_price": 2,
            "no_price": 98,
            "taker_side": "no"
        },
        {
            "trade_id": "545968e4-4518-4afd-aa0c-705343110394",
            "ticker": "KXHIGHCHI-24NOV18-B57.5",
            "count": 15,
            "created_time": "2024-11-18T23:35:35.975737Z",
            "yes_price": 2,
            "no_price": 98,
            "taker_side": "no"
        },
        {
            "trade_id": "dd25c468-972d-4994-b09c-8e799d28f99c",
            "ticker": "KXHIGHCHI-24NOV18-B57.5",
            "count": 500,
            "created_time": "2024-11-18T23:35:22.757442Z",
            "yes_price": 3,
            "no_price": 97,
            "taker_side": "yes"
        },
        {
            "trade_id": "c9a95044-7af6-4437-820f-386e3ea5a29b",
            "ticker": "KXHIGHCHI-24NOV18-B57.5",
            "count": 500,
            "created_time": "2024-11-18T23:35:22.757442Z",
            "yes_price": 3,
            "no_price": 97,
            "taker_side": "yes"
        },
        {
            "trade_id": "7d2f11d0-2ae3-4f3e-8bb8-299d1d8b5647",
            "ticker": "KXHIGHCHI-24NOV18-B57.5",
            "count": 117,
            "created_time": "2024-11-18T23:35:22.757442Z",
            "yes_price": 3,
            "no_price": 97,
            "taker_side": "yes"
        },
        {
            "trade_id": "1d3cb1d4-c632-4bde-a2ba-5a67e36688cc",
            "ticker": "KXHIGHCHI-24NOV18-B57.5",
            "count": 883,
            "created_time": "2024-11-18T23:35:22.757442Z",
            "yes_price": 3,
            "no_price": 97,
            "taker_side": "yes"
        },
        {
            "trade_id": "dbc80b02-6a61-4238-84e5-ccfeafd8e52d",
            "ticker": "KXHIGHCHI-24NOV18-B57.5",
            "count": 117,
            "created_time": "2024-11-18T23:34:28.574452Z",
            "yes_price": 3,
            "no_price": 97,
            "taker_side": "yes"
        },
        {
            "trade_id": "d7ccd42f-42b6-4d3e-8ff5-9f02461d9a84",
            "ticker": "KXHIGHCHI-24NOV18-B57.5",
            "count": 2,
            "created_time": "2024-11-18T23:34:20.548483Z",
            "yes_price": 2,
            "no_price": 98,
            "taker_side": "no"
        },
        {
            "trade_id": "3481a829-d992-4ae1-b8d7-0520f4a2490b",
            "ticker": "KXHIGHCHI-24NOV18-B57.5",
            "count": 35,
            "created_time": "2024-11-18T23:33:59.527903Z",
            "yes_price": 2,
            "no_price": 98,
            "taker_side": "no"
        },
        {
            "trade_id": "f5d813b2-cb0b-4a33-a2c4-92d989d94b70",
            "ticker": "KXHIGHCHI-24NOV18-B57.5",
            "count": 35,
            "created_time": "2024-11-18T23:33:59.112588Z",
            "yes_price": 3,
            "no_price": 97,
            "taker_side": "yes"
        },
        {
            "trade_id": "d515fc9f-7e54-44b6-855b-3ac01d4f9c32",
            "ticker": "KXHIGHCHI-24NOV18-B57.5",
            "count": 19,
            "created_time": "2024-11-18T23:33:59.112588Z",
            "yes_price": 3,
            "no_price": 97,
            "taker_side": "yes"
        },
        {
            "trade_id": "bea277be-5f18-415c-bc0a-7999d8454f8c",
            "ticker": "KXHIGHCHI-24NOV18-B57.5",
            "count": 46,
            "created_time": "2024-11-18T23:33:59.112588Z",
            "yes_price": 3,
            "no_price": 97,
            "taker_side": "yes"
        },
        {
            "trade_id": "41b69d6a-d088-45b1-beae-a3b0402b2f7a",
            "ticker": "KXHIGHCHI-24NOV18-B57.5",
            "count": 42,
            "created_time": "2024-11-18T23:33:19.918554Z",
            "yes_price": 2,
            "no_price": 98,
            "taker_side": "no"
        },
        {
            "trade_id": "3761a6de-81ab-45b7-af78-8764b1997f0b",
            "ticker": "KXHIGHCHI-24NOV18-B57.5",
            "count": 158,
            "created_time": "2024-11-18T23:33:18.957224Z",
            "yes_price": 2,
            "no_price": 98,
            "taker_side": "no"
        },
        {
            "trade_id": "d6545805-bd9d-4858-a273-eabef4ace47b",
            "ticker": "KXHIGHCHI-24NOV18-B57.5",
            "count": 250,
            "created_time": "2024-11-18T23:33:04.901777Z",
            "yes_price": 3,
            "no_price": 97,
            "taker_side": "yes"
        },
        {
            "trade_id": "6867e8a5-6db1-45ae-adc7-8516d54643a9",
            "ticker": "KXHIGHCHI-24NOV18-B57.5",
            "count": 36,
            "created_time": "2024-11-18T23:32:59.360097Z",
            "yes_price": 1,
            "no_price": 99,
            "taker_side": "no"
        },
        {
            "trade_id": "3eea142c-786d-4fb3-b9e4-2a805c5e437e",
            "ticker": "KXHIGHCHI-24NOV18-B57.5",
            "count": 579,
            "created_time": "2024-11-18T23:32:50.992926Z",
            "yes_price": 3,
            "no_price": 97,
            "taker_side": "yes"
        },
        {
            "trade_id": "1841708d-ca8e-4b01-8a30-79c57fed262d",
            "ticker": "KXHIGHCHI-24NOV18-B57.5",
            "count": 66,
            "created_time": "2024-11-18T23:32:50.992926Z",
            "yes_price": 2,
            "no_price": 98,
            "taker_side": "yes"
        },
        {
            "trade_id": "ec5966db-83dd-4b05-8a2f-33913a9dd5ed",
            "ticker": "KXHIGHCHI-24NOV18-B57.5",
            "count": 4000,
            "created_time": "2024-11-18T23:32:47.604554Z",
            "yes_price": 1,
            "no_price": 99,
            "taker_side": "no"
        },
        {
            "trade_id": "a7c4003c-2a07-45a9-bb3c-56bfc5711d19",
            "ticker": "KXHIGHCHI-24NOV18-B57.5",
            "count": 166,
            "created_time": "2024-11-18T23:32:40.941094Z",
            "yes_price": 1,
            "no_price": 99,
            "taker_side": "no"
        },
        {
            "trade_id": "fde11425-74fc-4f8b-9936-af871df82a25",
            "ticker": "KXHIGHCHI-24NOV18-B57.5",
            "count": 1000,
            "created_time": "2024-11-18T23:32:36.3863Z",
            "yes_price": 2,
            "no_price": 98,
            "taker_side": "yes"
        },
        {
            "trade_id": "42bb69f1-ba0b-4cf9-9770-35e906d2ed10",
            "ticker": "KXHIGHCHI-24NOV18-B57.5",
            "count": 1433,
            "created_time": "2024-11-18T23:32:36.3863Z",
            "yes_price": 2,
            "no_price": 98,
            "taker_side": "yes"
        },
        {
            "trade_id": "32462bf5-f040-4283-b827-ac27c447684d",
            "ticker": "KXHIGHCHI-24NOV18-B57.5",
            "count": 44,
            "created_time": "2024-11-18T23:32:36.3863Z",
            "yes_price": 2,
            "no_price": 98,
            "taker_side": "yes"
        },
        {
            "trade_id": "fe143eb5-2edb-4c50-b2ca-77ef0cb38356",
            "ticker": "KXHIGHCHI-24NOV18-B57.5",
            "count": 249,
            "created_time": "2024-11-18T23:32:32.625603Z",
            "yes_price": 1,
            "no_price": 99,
            "taker_side": "no"
        },
        {
            "trade_id": "240d5cd9-c865-4b14-9883-f2fde37d8a38",
            "ticker": "KXHIGHCHI-24NOV18-B57.5",
            "count": 249,
            "created_time": "2024-11-18T23:32:32.591054Z",
            "yes_price": 1,
            "no_price": 99,
            "taker_side": "no"
        },
        {
            "trade_id": "181fbbcc-f97b-4ff4-8ec4-06d00dfbbd16",
            "ticker": "KXHIGHCHI-24NOV18-B57.5",
            "count": 249,
            "created_time": "2024-11-18T23:32:32.562172Z",
            "yes_price": 1,
            "no_price": 99,
            "taker_side": "no"
        },
        {
            "trade_id": "5cdfe029-e7a0-405f-aadd-fa3854cab6a7",
            "ticker": "KXHIGHCHI-24NOV18-B57.5",
            "count": 249,
            "created_time": "2024-11-18T23:32:32.443243Z",
            "yes_price": 1,
            "no_price": 99,
            "taker_side": "no"
        },
        {
            "trade_id": "1c065533-754b-4c58-bec6-056a59bb8eac",
            "ticker": "KXHIGHCHI-24NOV18-B57.5",
            "count": 7,
            "created_time": "2024-11-18T23:32:23.121873Z",
            "yes_price": 1,
            "no_price": 99,
            "taker_side": "no"
        },
        {
            "trade_id": "9efa08e6-6344-4e29-a3c8-0d48c9f148d2",
            "ticker": "KXHIGHCHI-24NOV18-B57.5",
            "count": 1376,
            "created_time": "2024-11-18T23:32:08.558557Z",
            "yes_price": 1,
            "no_price": 99,
            "taker_side": "no"
        },
        {
            "trade_id": "6b61fbcc-30a7-4028-ad59-442e1a4a120c",
            "ticker": "KXHIGHCHI-24NOV18-B57.5",
            "count": 120,
            "created_time": "2024-11-18T23:32:08.558557Z",
            "yes_price": 1,
            "no_price": 99,
            "taker_side": "no"
        },
        {
            "trade_id": "09c935b2-667c-42d6-a808-90c541914274",
            "ticker": "KXHIGHCHI-24NOV18-B57.5",
            "count": 161,
            "created_time": "2024-11-18T23:32:08.558557Z",
            "yes_price": 1,
            "no_price": 99,
            "taker_side": "no"
        },
        {
            "trade_id": "2da70c13-f768-4d42-95f8-00c3f4aba32f",
            "ticker": "KXHIGHCHI-24NOV18-B57.5",
            "count": 233,
            "created_time": "2024-11-18T23:31:56.068444Z",
            "yes_price": 2,
            "no_price": 98,
            "taker_side": "yes"
        },
        {
            "trade_id": "f70ad1dc-8963-4988-8b3f-c556de5e7c19",
            "ticker": "KXHIGHCHI-24NOV18-B57.5",
            "count": 23,
            "created_time": "2024-11-18T23:31:52.439582Z",
            "yes_price": 2,
            "no_price": 98,
            "taker_side": "yes"
        },
        {
            "trade_id": "89c74490-e776-4f52-8aef-7ecb597f09c1",
            "ticker": "KXHIGHCHI-24NOV18-B57.5",
            "count": 655,
            "created_time": "2024-11-18T23:31:28.591415Z",
            "yes_price": 2,
            "no_price": 98,
            "taker_side": "yes"
        },
        {
            "trade_id": "5db74ad4-20fc-4e70-8ca0-24d5c10fb93c",
            "ticker": "KXHIGHCHI-24NOV18-B57.5",
            "count": 467,
            "created_time": "2024-11-18T23:31:20.893153Z",
            "yes_price": 2,
            "no_price": 98,
            "taker_side": "yes"
        },
        {
            "trade_id": "8c9a1e35-bce2-40ca-ae27-525e8883a183",
            "ticker": "KXHIGHCHI-24NOV18-B57.5",
            "count": 1169,
            "created_time": "2024-11-18T23:31:08.919532Z",
            "yes_price": 2,
            "no_price": 98,
            "taker_side": "yes"
        },
        {
            "trade_id": "067e97e7-e9ed-4663-9fe1-ff3d1d3af396",
            "ticker": "KXHIGHCHI-24NOV18-B57.5",
            "count": 20,
            "created_time": "2024-11-18T23:31:06.871423Z",
            "yes_price": 2,
            "no_price": 98,
            "taker_side": "yes"
        },
        {
            "trade_id": "16b11ab9-da5a-4faf-91e3-24f45bb15a72",
            "ticker": "KXHIGHCHI-24NOV18-B57.5",
            "count": 1000,
            "created_time": "2024-11-18T23:30:59.186479Z",
            "yes_price": 2,
            "no_price": 98,
            "taker_side": "no"
        },
        {
            "trade_id": "04d7ce67-307a-494f-adc2-c8e781751a39",
            "ticker": "KXHIGHCHI-24NOV18-B57.5",
            "count": 100,
            "created_time": "2024-11-18T23:30:57.001841Z",
            "yes_price": 3,
            "no_price": 97,
            "taker_side": "yes"
        },
        {
            "trade_id": "c5f45ad2-039c-4b70-850f-f521601675af",
            "ticker": "KXHIGHCHI-24NOV18-B57.5",
            "count": 61,
            "created_time": "2024-11-18T23:30:55.824928Z",
            "yes_price": 3,
            "no_price": 97,
            "taker_side": "yes"
        },
        {
            "trade_id": "fd66abfa-5ae7-4c55-a5c8-ce8a88e711ad",
            "ticker": "KXHIGHCHI-24NOV18-B57.5",
            "count": 28,
            "created_time": "2024-11-18T23:30:48.510159Z",
            "yes_price": 2,
            "no_price": 98,
            "taker_side": "no"
        },
        {
            "trade_id": "512778b0-c2df-4f8e-a5f8-97a586383630",
            "ticker": "KXHIGHCHI-24NOV18-B57.5",
            "count": 10,
            "created_time": "2024-11-18T23:30:41.789927Z",
            "yes_price": 3,
            "no_price": 97,
            "taker_side": "yes"
        },
        {
            "trade_id": "d802df1a-c341-430d-b344-edba5b35256c",
            "ticker": "KXHIGHCHI-24NOV18-B57.5",
            "count": 11,
            "created_time": "2024-11-18T23:30:41.010658Z",
            "yes_price": 2,
            "no_price": 98,
            "taker_side": "no"
        },
        {
            "trade_id": "ad251815-d90c-4a3e-a96f-476ee80f33e0",
            "ticker": "KXHIGHCHI-24NOV18-B57.5",
            "count": 401,
            "created_time": "2024-11-18T23:30:36.225828Z",
            "yes_price": 4,
            "no_price": 96,
            "taker_side": "yes"
        },
        {
            "trade_id": "10ac4bd6-3540-4c5d-8b6b-a81d2ff42497",
            "ticker": "KXHIGHCHI-24NOV18-B57.5",
            "count": 3877,
            "created_time": "2024-11-18T23:30:36.225828Z",
            "yes_price": 2,
            "no_price": 98,
            "taker_side": "yes"
        },
        {
            "trade_id": "edca3fa3-8e88-48ba-86dd-dd981f54f253",
            "ticker": "KXHIGHCHI-24NOV18-B57.5",
            "count": 707,
            "created_time": "2024-11-18T23:30:28.778586Z",
            "yes_price": 2,
            "no_price": 98,
            "taker_side": "no"
        },
        {
            "trade_id": "dad9a1de-11e6-4764-9670-7c4bc555ebab",
            "ticker": "KXHIGHCHI-24NOV18-B57.5",
            "count": 56,
            "created_time": "2024-11-18T23:30:28.778586Z",
            "yes_price": 2,
            "no_price": 98,
            "taker_side": "no"
        },
        {
            "trade_id": "aeacd727-ed97-4f40-8fff-bfd1cc90e4bd",
            "ticker": "KXHIGHCHI-24NOV18-B57.5",
            "count": 56,
            "created_time": "2024-11-18T23:30:28.778586Z",
            "yes_price": 2,
            "no_price": 98,
            "taker_side": "no"
        },
        {
            "trade_id": "5e626ac2-8d31-4aeb-8a12-3d72e5c0ce7e",
            "ticker": "KXHIGHCHI-24NOV18-B57.5",
            "count": 200,
            "created_time": "2024-11-18T23:30:28.778586Z",
            "yes_price": 2,
            "no_price": 98,
            "taker_side": "no"
        },
        {
            "trade_id": "22ec9ccc-bc22-4fd6-8919-3346d32c1ce8",
            "ticker": "KXHIGHCHI-24NOV18-B57.5",
            "count": 49,
            "created_time": "2024-11-18T23:30:28.778586Z",
            "yes_price": 2,
            "no_price": 98,
            "taker_side": "no"
        },
        {
            "trade_id": "088e8363-3786-4ff8-ba7d-a0a3e93c7e71",
            "ticker": "KXHIGHCHI-24NOV18-B57.5",
            "count": 55,
            "created_time": "2024-11-18T23:30:28.778586Z",
            "yes_price": 2,
            "no_price": 98,
            "taker_side": "no"
        },
        {
            "trade_id": "3ce436d4-4684-4ad9-aa41-d638aa45020d",
            "ticker": "KXHIGHCHI-24NOV18-B57.5",
            "count": 117,
            "created_time": "2024-11-18T23:30:26.525927Z",
            "yes_price": 4,
            "no_price": 96,
            "taker_side": "yes"
        },
        {
            "trade_id": "b122a7c5-bcf6-4daf-9bab-e452bae85f8a",
            "ticker": "KXHIGHCHI-24NOV18-B57.5",
            "count": 31,
            "created_time": "2024-11-18T23:30:22.640865Z",
            "yes_price": 3,
            "no_price": 97,
            "taker_side": "yes"
        },
        {
            "trade_id": "629f6bd4-fe8a-4e31-a03f-d4719642fd67",
            "ticker": "KXHIGHCHI-24NOV18-B57.5",
            "count": 178,
            "created_time": "2024-11-18T23:30:22.640865Z",
            "yes_price": 4,
            "no_price": 96,
            "taker_side": "yes"
        },
        {
            "trade_id": "2717a7ab-cfe0-427c-ad44-038068463aee",
            "ticker": "KXHIGHCHI-24NOV18-B57.5",
            "count": 43,
            "created_time": "2024-11-18T23:30:22.640865Z",
            "yes_price": 3,
            "no_price": 97,
            "taker_side": "yes"
        },
        {
            "trade_id": "cf722f2f-0577-422f-a533-7f2c07dfa44e",
            "ticker": "KXHIGHCHI-24NOV18-B57.5",
            "count": 2,
            "created_time": "2024-11-18T23:30:20.842902Z",
            "yes_price": 3,
            "no_price": 97,
            "taker_side": "yes"
        },
        {
            "trade_id": "6680331c-efd2-469d-a6e2-94fc086f0004",
            "ticker": "KXHIGHCHI-24NOV18-B57.5",
            "count": 4,
            "created_time": "2024-11-18T23:30:18.614772Z",
            "yes_price": 4,
            "no_price": 96,
            "taker_side": "yes"
        },
        {
            "trade_id": "4144432a-3946-40cf-ada7-8b176d16bef0",
            "ticker": "KXHIGHCHI-24NOV18-B57.5",
            "count": 150,
            "created_time": "2024-11-18T23:30:18.614772Z",
            "yes_price": 3,
            "no_price": 97,
            "taker_side": "yes"
        },
        {
            "trade_id": "f51034ff-6192-4d11-86e8-44c5cc44d853",
            "ticker": "KXHIGHCHI-24NOV18-B57.5",
            "count": 2502,
            "created_time": "2024-11-18T23:30:08.527223Z",
            "yes_price": 4,
            "no_price": 96,
            "taker_side": "yes"
        },
        {
            "trade_id": "a38da2b2-abcc-42c5-b846-ef5db333e6d4",
            "ticker": "KXHIGHCHI-24NOV18-B57.5",
            "count": 4000,
            "created_time": "2024-11-18T23:30:08.527223Z",
            "yes_price": 3,
            "no_price": 97,
            "taker_side": "yes"
        },
        {
            "trade_id": "3b382110-f388-4319-a5ae-2863ff4769d9",
            "ticker": "KXHIGHCHI-24NOV18-B57.5",
            "count": 2336,
            "created_time": "2024-11-18T23:30:08.527223Z",
            "yes_price": 3,
            "no_price": 97,
            "taker_side": "yes"
        },
        {
            "trade_id": "2f0990bc-fb5f-44c2-bc74-3f92b7329569",
            "ticker": "KXHIGHCHI-24NOV18-B57.5",
            "count": 2000,
            "created_time": "2024-11-18T23:30:08.527223Z",
            "yes_price": 4,
            "no_price": 96,
            "taker_side": "yes"
        },
        {
            "trade_id": "173cacf5-cceb-4b79-b29a-901069f8d953",
            "ticker": "KXHIGHCHI-24NOV18-B57.5",
            "count": 150,
            "created_time": "2024-11-18T23:30:08.527223Z",
            "yes_price": 3,
            "no_price": 97,
            "taker_side": "yes"
        },
        {
            "trade_id": "a3944be9-9aab-434e-8c51-b24b7ac743db",
            "ticker": "KXHIGHCHI-24NOV18-B57.5",
            "count": 2167,
            "created_time": "2024-11-18T23:29:54.823491Z",
            "yes_price": 3,
            "no_price": 97,
            "taker_side": "yes"
        },
        {
            "trade_id": "9f426923-99a6-4d20-af11-27f45ae06612",
            "ticker": "KXHIGHCHI-24NOV18-B57.5",
            "count": 1477,
            "created_time": "2024-11-18T23:29:54.823491Z",
            "yes_price": 3,
            "no_price": 97,
            "taker_side": "yes"
        },
        {
            "trade_id": "476895dc-6dfa-46d0-9277-2adea98af182",
            "ticker": "KXHIGHCHI-24NOV18-B57.5",
            "count": 150,
            "created_time": "2024-11-18T23:29:54.823491Z",
            "yes_price": 3,
            "no_price": 97,
            "taker_side": "yes"
        },
        {
            "trade_id": "f94101ae-ed33-474d-9e9d-2b19283fa8f7",
            "ticker": "KXHIGHCHI-24NOV18-B57.5",
            "count": 43,
            "created_time": "2024-11-18T23:29:40.014983Z",
            "yes_price": 2,
            "no_price": 98,
            "taker_side": "yes"
        },
        {
            "trade_id": "6f2eadff-b72a-492f-9d53-cd0d3ff367c2",
            "ticker": "KXHIGHCHI-24NOV18-B57.5",
            "count": 312,
            "created_time": "2024-11-18T23:29:30.792452Z",
            "yes_price": 3,
            "no_price": 97,
            "taker_side": "yes"
        },
        {
            "trade_id": "ca656b50-8587-461e-9936-58d370b39f61",
            "ticker": "KXHIGHCHI-24NOV18-B57.5",
            "count": 4780,
            "created_time": "2024-11-18T23:29:28.858997Z",
            "yes_price": 2,
            "no_price": 98,
            "taker_side": "yes"
        },
        {
            "trade_id": "12d94018-febb-4e4a-9687-8d3a3c905de7",
            "ticker": "KXHIGHCHI-24NOV18-B57.5",
            "count": 935,
            "created_time": "2024-11-18T23:29:18.475529Z",
            "yes_price": 2,
            "no_price": 98,
            "taker_side": "yes"
        },
        {
            "trade_id": "8b4036f0-79cd-4b5c-8e3f-02795526c66b",
            "ticker": "KXHIGHCHI-24NOV18-B57.5",
            "count": 144,
            "created_time": "2024-11-18T23:29:17.785051Z",
            "yes_price": 2,
            "no_price": 98,
            "taker_side": "yes"
        },
        {
            "trade_id": "3e692a43-df2d-4b07-a92d-09ae79729237",
            "ticker": "KXHIGHCHI-24NOV18-B57.5",
            "count": 1000,
            "created_time": "2024-11-18T23:29:13.028697Z",
            "yes_price": 2,
            "no_price": 98,
            "taker_side": "no"
        },
        {
            "trade_id": "da5fac9d-9cec-471f-bbe8-939b941052ea",
            "ticker": "KXHIGHCHI-24NOV18-B57.5",
            "count": 41,
            "created_time": "2024-11-18T23:29:05.219408Z",
            "yes_price": 3,
            "no_price": 97,
            "taker_side": "yes"
        },
        {
            "trade_id": "cca40e37-1f41-47ee-90a8-7616e5846979",
            "ticker": "KXHIGHCHI-24NOV18-B57.5",
            "count": 42,
            "created_time": "2024-11-18T23:29:05.219408Z",
            "yes_price": 3,
            "no_price": 97,
            "taker_side": "yes"
        },
        {
            "trade_id": "c0b34eea-8618-4f3f-87ff-30ff2efa7768",
            "ticker": "KXHIGHCHI-24NOV18-B57.5",
            "count": 49,
            "created_time": "2024-11-18T23:29:05.219408Z",
            "yes_price": 2,
            "no_price": 98,
            "taker_side": "yes"
        },
        {
            "trade_id": "93e910a3-e733-41dc-b3d0-c541311f244d",
            "ticker": "KXHIGHCHI-24NOV18-B57.5",
            "count": 57,
            "created_time": "2024-11-18T23:29:05.219408Z",
            "yes_price": 3,
            "no_price": 97,
            "taker_side": "yes"
        },
        {
            "trade_id": "88944098-7227-4e2c-b293-691f871e7f35",
            "ticker": "KXHIGHCHI-24NOV18-B57.5",
            "count": 240,
            "created_time": "2024-11-18T23:29:05.219408Z",
            "yes_price": 3,
            "no_price": 97,
            "taker_side": "yes"
        },
        {
            "trade_id": "6167d001-6fb0-49e5-a5a4-20cacd121f46",
            "ticker": "KXHIGHCHI-24NOV18-B57.5",
            "count": 211,
            "created_time": "2024-11-18T23:29:05.219408Z",
            "yes_price": 3,
            "no_price": 97,
            "taker_side": "yes"
        },
        {
            "trade_id": "ee5813b4-a25a-4230-9251-a3e53ba26a44",
            "ticker": "KXHIGHCHI-24NOV18-B57.5",
            "count": 500,
            "created_time": "2024-11-18T23:28:59.183341Z",
            "yes_price": 2,
            "no_price": 98,
            "taker_side": "no"
        },
        {
            "trade_id": "bb2bc15b-4d32-4cc1-a634-092026c0a87a",
            "ticker": "KXHIGHCHI-24NOV18-B57.5",
            "count": 31,
            "created_time": "2024-11-18T23:28:49.314842Z",
            "yes_price": 2,
            "no_price": 98,
            "taker_side": "no"
        },
        {
            "trade_id": "17e50e1d-d63d-4ee4-98bc-6b6aeb02fcf6",
            "ticker": "KXHIGHCHI-24NOV18-B57.5",
            "count": 500,
            "created_time": "2024-11-18T23:28:49.314842Z",
            "yes_price": 2,
            "no_price": 98,
            "taker_side": "no"
        },
        {
            "trade_id": "2064aad0-64a2-4e67-85af-7cedb6335337",
            "ticker": "KXHIGHCHI-24NOV18-B57.5",
            "count": 62,
            "created_time": "2024-11-18T23:28:45.063243Z",
            "yes_price": 3,
            "no_price": 97,
            "taker_side": "yes"
        },
        {
            "trade_id": "f8d685c2-06fe-4890-97fa-b19663cabf19",
            "ticker": "KXHIGHCHI-24NOV18-B57.5",
            "count": 500,
            "created_time": "2024-11-18T23:28:32.631967Z",
            "yes_price": 2,
            "no_price": 98,
            "taker_side": "no"
        },
        {
            "trade_id": "3aadf34b-6ca0-4cb1-b623-e4180f03520b",
            "ticker": "KXHIGHCHI-24NOV18-B57.5",
            "count": 35,
            "created_time": "2024-11-18T23:28:32.631967Z",
            "yes_price": 2,
            "no_price": 98,
            "taker_side": "no"
        },
        {
            "trade_id": "2edac398-fe1c-4dc2-ae44-2bc39961ec2b",
            "ticker": "KXHIGHCHI-24NOV18-B57.5",
            "count": 43,
            "created_time": "2024-11-18T23:28:32.631967Z",
            "yes_price": 2,
            "no_price": 98,
            "taker_side": "no"
        },
        {
            "trade_id": "83d88899-3021-4585-b28f-1291080bd730",
            "ticker": "KXHIGHCHI-24NOV18-B57.5",
            "count": 22,
            "created_time": "2024-11-18T23:28:21.94316Z",
            "yes_price": 3,
            "no_price": 97,
            "taker_side": "yes"
        },
        {
            "trade_id": "285c8f21-1dfc-41ab-8a3e-597ac29e398c",
            "ticker": "KXHIGHCHI-24NOV18-B57.5",
            "count": 156,
            "created_time": "2024-11-18T23:28:18.77319Z",
            "yes_price": 3,
            "no_price": 97,
            "taker_side": "yes"
        },
        {
            "trade_id": "2da5361f-93fb-455f-b7c9-9b78d48d332e",
            "ticker": "KXHIGHCHI-24NOV18-B57.5",
            "count": 20,
            "created_time": "2024-11-18T23:27:54.380903Z",
            "yes_price": 3,
            "no_price": 97,
            "taker_side": "yes"
        },
        {
            "trade_id": "df358bba-ca6a-43e2-89d5-b750f0c7a2b9",
            "ticker": "KXHIGHCHI-24NOV18-B57.5",
            "count": 99,
            "created_time": "2024-11-18T23:27:53.160493Z",
            "yes_price": 3,
            "no_price": 97,
            "taker_side": "no"
        },
        {
            "trade_id": "500a5d86-ae55-41b4-a5f3-8bacf1025604",
            "ticker": "KXHIGHCHI-24NOV18-B57.5",
            "count": 500,
            "created_time": "2024-11-18T23:27:52.443421Z",
            "yes_price": 4,
            "no_price": 96,
            "taker_side": "no"
        },
        {
            "trade_id": "cc883896-c2df-4475-9640-34b99f1a0aa9",
            "ticker": "KXHIGHCHI-24NOV18-B57.5",
            "count": 32,
            "created_time": "2024-11-18T23:27:46.365794Z",
            "yes_price": 5,
            "no_price": 95,
            "taker_side": "no"
        },
        {
            "trade_id": "f4dd4357-554f-4025-8097-31cfab936ad9",
            "ticker": "KXHIGHCHI-24NOV18-B57.5",
            "count": 42,
            "created_time": "2024-11-18T23:27:46.047874Z",
            "yes_price": 6,
            "no_price": 94,
            "taker_side": "no"
        },
        {
            "trade_id": "f468be94-abaf-4343-ab4e-53f83ff8c879",
            "ticker": "KXHIGHCHI-24NOV18-B57.5",
            "count": 32,
            "created_time": "2024-11-18T23:27:46.047874Z",
            "yes_price": 6,
            "no_price": 94,
            "taker_side": "no"
        },
        {
            "trade_id": "de8d5806-c6ff-41c7-9496-c796734e7605",
            "ticker": "KXHIGHCHI-24NOV18-B57.5",
            "count": 500,
            "created_time": "2024-11-18T23:27:46.047874Z",
            "yes_price": 5,
            "no_price": 95,
            "taker_side": "no"
        },
        {
            "trade_id": "b4d1acb7-41e3-4093-b678-f16786dcf637",
