{
    "HIGHCHI-24JAN19-T12": [],
    "HIGHCHI-24JAN19-B12.5": [
        {
            "trade_id": "8062beb3-3fc2-4d00-b576-ae00162380ab",
            "ticker": "HIGHCHI-24JAN19-B12.5",
            "count": 37,
            "created_time": "2024-01-19T18:32:55.096327Z",
            "yes_price": 1,
            "no_price": 99,
            "taker_side": "no"
        },
        {
            "trade_id": "75ef0c05-9fc7-4744-8b18-01c14ea0fcbb",
            "ticker": "HIGHCHI-24JAN19-B12.5",
            "count": 100,
            "created_time": "2024-01-19T18:32:55.096327Z",
            "yes_price": 3,
            "no_price": 97,
            "taker_side": "no"
        },
        {
            "trade_id": "d8d448b4-c383-4ef0-8ba5-6e1b2b42fb4e",
            "ticker": "HIGHCHI-24JAN19-B12.5",
            "count": 50,
            "created_time": "2024-01-19T15:11:53.755617Z",
            "yes_price": 14,
            "no_price": 86,
            "taker_side": "no"
        },
        {
            "trade_id": "cf380cfe-d9fe-4fd7-b8e9-c10b180b92fa",
            "ticker": "HIGHCHI-24JAN19-B12.5",
            "count": 56,
            "created_time": "2024-01-19T15:11:53.755617Z",
            "yes_price": 11,
            "no_price": 89,
            "taker_side": "no"
        },
        {
            "trade_id": "a1f60f30-9857-47a3-ba65-d5c3fc38cca0",
            "ticker": "HIGHCHI-24JAN19-B12.5",
            "count": 56,
            "created_time": "2024-01-19T15:11:53.755617Z",
            "yes_price": 12,
            "no_price": 88,
            "taker_side": "no"
        },
        {
            "trade_id": "db091346-80e2-4a38-9874-1bed17e793b1",
            "ticker": "HIGHCHI-24JAN19-B12.5",
            "count": 56,
            "created_time": "2024-01-19T15:11:20.121259Z",
            "yes_price": 16,
            "no_price": 84,
            "taker_side": "no"
        },
        {
            "trade_id": "cd20812d-4c06-4c54-8559-310746a75b94",
            "ticker": "HIGHCHI-24JAN19-B12.5",
            "count": 12,
            "created_time": "2024-01-19T15:11:20.121259Z",
            "yes_price": 18,
            "no_price": 82,
            "taker_side": "no"
        },
        {
            "trade_id": "9dc1c21a-0773-44f8-9054-c1c06a288ab6",
            "ticker": "HIGHCHI-24JAN19-B12.5",
            "count": 62,
            "created_time": "2024-01-19T15:11:20.121259Z",
            "yes_price": 15,
            "no_price": 85,
            "taker_side": "no"
        },
        {
            "trade_id": "bca5c6fa-fb33-45de-b9ef-59d2d033f591",
            "ticker": "HIGHCHI-24JAN19-B12.5",
            "count": 37,
            "created_time": "2024-01-19T14:33:41.130569Z",
            "yes_price": 18,
            "no_price": 82,
            "taker_side": "no"
        },
        {
            "trade_id": "7b4a869f-7b11-4579-bd1a-9b2c7feba8b6",
            "ticker": "HIGHCHI-24JAN19-B12.5",
            "count": 12,
            "created_time": "2024-01-19T13:07:13.328921Z",
            "yes_price": 19,
            "no_price": 81,
            "taker_side": "no"
        },
        {
            "trade_id": "12ed8596-2911-461a-9578-a928f667ed60",
            "ticker": "HIGHCHI-24JAN19-B12.5",
            "count": 12,
            "created_time": "2024-01-19T13:07:13.328921Z",
            "yes_price": 18,
            "no_price": 82,
            "taker_side": "no"
        },
        {
            "trade_id": "e1c1cbca-5016-44c0-848e-eaed50121754",
            "ticker": "HIGHCHI-24JAN19-B12.5",
            "count": 36,
            "created_time": "2024-01-19T13:06:02.005531Z",
            "yes_price": 21,
            "no_price": 79,
            "taker_side": "no"
        },
        {
            "trade_id": "6f25d61c-4953-4ec1-b595-add40cae8a7f",
            "ticker": "HIGHCHI-24JAN19-B12.5",
            "count": 36,
            "created_time": "2024-01-19T13:06:02.005531Z",
            "yes_price": 23,
            "no_price": 77,
            "taker_side": "no"
        },
        {
            "trade_id": "25470be5-3667-4df8-a530-2664b4d97ae3",
            "ticker": "HIGHCHI-24JAN19-B12.5",
            "count": 14,
            "created_time": "2024-01-19T13:06:02.005531Z",
            "yes_price": 25,
            "no_price": 75,
            "taker_side": "no"
        },
        {
            "trade_id": "7f47904b-4e6e-4ecc-8953-8ec883ebb9fa",
            "ticker": "HIGHCHI-24JAN19-B12.5",
            "count": 36,
            "created_time": "2024-01-19T13:05:52.498924Z",
            "yes_price": 25,
            "no_price": 75,
            "taker_side": "no"
        },
        {
            "trade_id": "421ad8bc-e558-4105-b533-bdf49bc40c6d",
            "ticker": "HIGHCHI-24JAN19-B12.5",
            "count": 36,
            "created_time": "2024-01-19T13:05:52.498924Z",
            "yes_price": 27,
            "no_price": 73,
            "taker_side": "no"
        },
        {
            "trade_id": "eb6c5487-2898-485a-8755-a9cc5a73880f",
            "ticker": "HIGHCHI-24JAN19-B12.5",
            "count": 18,
            "created_time": "2024-01-19T13:05:43.55601Z",
            "yes_price": 33,
            "no_price": 67,
            "taker_side": "no"
        },
        {
            "trade_id": "d4f1f197-59f8-45a4-a8b6-2273059785ce",
            "ticker": "HIGHCHI-24JAN19-B12.5",
            "count": 36,
            "created_time": "2024-01-19T13:05:43.55601Z",
            "yes_price": 28,
            "no_price": 72,
            "taker_side": "no"
        },
        {
            "trade_id": "43909f65-948c-4516-a0be-3e4ecbe001b6",
            "ticker": "HIGHCHI-24JAN19-B12.5",
            "count": 36,
            "created_time": "2024-01-19T13:05:43.55601Z",
            "yes_price": 31,
            "no_price": 69,
            "taker_side": "no"
        },
        {
            "trade_id": "e52be368-ef60-428a-9364-8e74650b3083",
            "ticker": "HIGHCHI-24JAN19-B12.5",
            "count": 14,
            "created_time": "2024-01-19T13:05:34.269211Z",
            "yes_price": 38,
            "no_price": 62,
            "taker_side": "no"
        },
        {
            "trade_id": "b92d5c47-0120-4ab6-bfcb-a2f88c006252",
            "ticker": "HIGHCHI-24JAN19-B12.5",
            "count": 36,
            "created_time": "2024-01-19T13:05:34.269211Z",
            "yes_price": 34,
            "no_price": 66,
            "taker_side": "no"
        },
        {
            "trade_id": "a53cb416-0a76-4d61-9c2c-21db7634caf3",
            "ticker": "HIGHCHI-24JAN19-B12.5",
            "count": 36,
            "created_time": "2024-01-19T13:05:34.269211Z",
            "yes_price": 36,
            "no_price": 64,
            "taker_side": "no"
        },
        {
            "trade_id": "f5e2410f-d4d1-4af4-8de3-59e1dbd93042",
            "ticker": "HIGHCHI-24JAN19-B12.5",
            "count": 5,
            "created_time": "2024-01-19T13:04:36.784402Z",
            "yes_price": 10,
            "no_price": 90,
            "taker_side": "yes"
        }
    ],
    "HIGHCHI-24JAN19-B14.5": [
        {
            "trade_id": "6c795292-bd20-4b3f-a515-fb9cdd66796e",
            "ticker": "HIGHCHI-24JAN19-B14.5",
            "count": 500,
            "created_time": "2024-01-19T19:55:33.683262Z",
            "yes_price": 3,
            "no_price": 97,
            "taker_side": "no"
        },
        {
            "trade_id": "8b2105d8-c5ef-4a09-8618-004805e2521d",
            "ticker": "HIGHCHI-24JAN19-B14.5",
            "count": 1,
            "created_time": "2024-01-19T15:01:49.59852Z",
            "yes_price": 57,
            "no_price": 43,
            "taker_side": "yes"
        },
        {
            "trade_id": "4be67e28-e400-4bf4-8947-0d263485dfe7",
            "ticker": "HIGHCHI-24JAN19-B14.5",
            "count": 1,
            "created_time": "2024-01-19T15:01:49.59852Z",
            "yes_price": 57,
            "no_price": 43,
            "taker_side": "yes"
        },
        {
            "trade_id": "ffd4da80-b1e9-495e-bf76-afda2d3c7c74",
            "ticker": "HIGHCHI-24JAN19-B14.5",
            "count": 1,
            "created_time": "2024-01-19T13:05:57.698032Z",
            "yes_price": 44,
            "no_price": 56,
            "taker_side": "yes"
        },
        {
            "trade_id": "719887c3-dee3-4480-85ad-35a924aa306b",
            "ticker": "HIGHCHI-24JAN19-B14.5",
            "count": 5,
            "created_time": "2024-01-19T13:05:57.698032Z",
            "yes_price": 45,
            "no_price": 55,
            "taker_side": "yes"
        },
        {
            "trade_id": "f10bb9e5-8f6c-4616-9fcf-d896bd9d7f97",
            "ticker": "HIGHCHI-24JAN19-B14.5",
            "count": 16,
            "created_time": "2024-01-19T02:35:47.993416Z",
            "yes_price": 35,
            "no_price": 65,
            "taker_side": "yes"
        },
        {
            "trade_id": "26309a09-0c90-4694-8275-679a6086514b",
            "ticker": "HIGHCHI-24JAN19-B14.5",
            "count": 19,
            "created_time": "2024-01-19T02:35:37.700014Z",
            "yes_price": 34,
            "no_price": 66,
            "taker_side": "yes"
        },
        {
            "trade_id": "2ab93d93-c6f0-4236-9dd3-ea851b77c9da",
            "ticker": "HIGHCHI-24JAN19-B14.5",
            "count": 13,
            "created_time": "2024-01-19T02:35:26.499613Z",
            "yes_price": 33,
            "no_price": 67,
            "taker_side": "yes"
        },
        {
            "trade_id": "d6aa11d2-e633-4636-a4dd-f5a8235ee219",
            "ticker": "HIGHCHI-24JAN19-B14.5",
            "count": 37,
            "created_time": "2024-01-18T19:41:41.923373Z",
            "yes_price": 19,
            "no_price": 81,
            "taker_side": "no"
        },
        {
            "trade_id": "643b4e31-8110-4e47-b753-e6ae7a2a5329",
            "ticker": "HIGHCHI-24JAN19-B14.5",
            "count": 54,
            "created_time": "2024-01-18T19:41:41.923373Z",
            "yes_price": 17,
            "no_price": 83,
            "taker_side": "no"
        },
        {
            "trade_id": "ef44b4f9-e69e-449f-af7b-8b08f5c47979",
            "ticker": "HIGHCHI-24JAN19-B14.5",
            "count": 54,
            "created_time": "2024-01-18T19:41:03.822989Z",
            "yes_price": 20,
            "no_price": 80,
            "taker_side": "no"
        },
        {
            "trade_id": "a58e8e87-ebd8-4a0b-a1c9-aafbf18f7abb",
            "ticker": "HIGHCHI-24JAN19-B14.5",
            "count": 27,
            "created_time": "2024-01-18T19:41:03.822989Z",
            "yes_price": 22,
            "no_price": 78,
            "taker_side": "no"
        },
        {
            "trade_id": "a250f7b6-fb0e-44a7-8b31-612bb2d19117",
            "ticker": "HIGHCHI-24JAN19-B14.5",
            "count": 53,
            "created_time": "2024-01-18T19:41:03.822989Z",
            "yes_price": 19,
            "no_price": 81,
            "taker_side": "no"
        },
        {
            "trade_id": "a2150272-1833-45a7-b5f6-12d2821d54f8",
            "ticker": "HIGHCHI-24JAN19-B14.5",
            "count": 4,
            "created_time": "2024-01-18T19:39:19.702985Z",
            "yes_price": 22,
            "no_price": 78,
            "taker_side": "no"
        },
        {
            "trade_id": "916d5a70-53d5-4b86-8149-85ca47582290",
            "ticker": "HIGHCHI-24JAN19-B14.5",
            "count": 51,
            "created_time": "2024-01-18T19:39:19.702985Z",
            "yes_price": 20,
            "no_price": 80,
            "taker_side": "no"
        },
        {
            "trade_id": "1ae5c0a3-f3dd-4817-b75a-7ebe51411b63",
            "ticker": "HIGHCHI-24JAN19-B14.5",
            "count": 45,
            "created_time": "2024-01-18T19:39:19.702985Z",
            "yes_price": 19,
            "no_price": 81,
            "taker_side": "no"
        }
    ],
    "HIGHCHI-24JAN19-B16.5": [
        {
            "trade_id": "b4ad7ea0-4e71-44bc-bc12-1f18a51cba20",
            "ticker": "HIGHCHI-24JAN19-B16.5",
            "count": 5,
            "created_time": "2024-01-19T19:57:22.846237Z",
            "yes_price": 45,
            "no_price": 55,
            "taker_side": "yes"
        },
        {
            "trade_id": "d43a3750-36ca-41b2-9fdf-b62311ab13d0",
            "ticker": "HIGHCHI-24JAN19-B16.5",
            "count": 12,
            "created_time": "2024-01-19T13:20:35.951689Z",
            "yes_price": 22,
            "no_price": 78,
            "taker_side": "no"
        },
        {
            "trade_id": "d21e0702-89f3-4165-b8de-56141054b130",
            "ticker": "HIGHCHI-24JAN19-B16.5",
            "count": 36,
            "created_time": "2024-01-19T13:20:35.934058Z",
            "yes_price": 22,
            "no_price": 78,
            "taker_side": "no"
        },
        {
            "trade_id": "387ee979-cd34-4db4-8974-cbb8ff29ffb6",
            "ticker": "HIGHCHI-24JAN19-B16.5",
            "count": 40,
            "created_time": "2024-01-19T13:20:35.915274Z",
            "yes_price": 22,
            "no_price": 78,
            "taker_side": "no"
        },
        {
            "trade_id": "855937dc-596d-465f-bc9d-090c91adbaf0",
            "ticker": "HIGHCHI-24JAN19-B16.5",
            "count": 16,
            "created_time": "2024-01-19T02:35:56.086918Z",
            "yes_price": 38,
            "no_price": 62,
            "taker_side": "no"
        },
        {
            "trade_id": "ba0a7f12-1316-492e-9c4c-0fb4ed1f802e",
            "ticker": "HIGHCHI-24JAN19-B16.5",
            "count": 13,
            "created_time": "2024-01-19T01:57:36.585111Z",
            "yes_price": 38,
            "no_price": 62,
            "taker_side": "no"
        },
        {
            "trade_id": "bb5390cb-3ede-40a1-bfe2-2df5a0b85cb2",
            "ticker": "HIGHCHI-24JAN19-B16.5",
            "count": 16,
            "created_time": "2024-01-19T01:56:54.798273Z",
            "yes_price": 38,
            "no_price": 62,
            "taker_side": "no"
        },
        {
            "trade_id": "0a36aa30-6485-49fb-b366-1c3ec23f5591",
            "ticker": "HIGHCHI-24JAN19-B16.5",
            "count": 16,
            "created_time": "2024-01-19T01:56:36.304501Z",
            "yes_price": 39,
            "no_price": 61,
            "taker_side": "no"
        },
        {
            "trade_id": "7aedbd0e-cb33-4dea-abf8-fe5670c2b58f",
            "ticker": "HIGHCHI-24JAN19-B16.5",
            "count": 16,
            "created_time": "2024-01-19T01:56:12.776476Z",
            "yes_price": 39,
            "no_price": 61,
            "taker_side": "no"
        },
        {
            "trade_id": "34b9529d-9934-47b1-a034-ea6f5076725e",
            "ticker": "HIGHCHI-24JAN19-B16.5",
            "count": 32,
            "created_time": "2024-01-19T01:55:42.369883Z",
            "yes_price": 39,
            "no_price": 61,
            "taker_side": "no"
        },
        {
            "trade_id": "7e0637c7-5679-45db-8616-ce00c308b166",
            "ticker": "HIGHCHI-24JAN19-B16.5",
            "count": 32,
            "created_time": "2024-01-18T19:41:54.896377Z",
            "yes_price": 37,
            "no_price": 63,
            "taker_side": "no"
        },
        {
            "trade_id": "93bff3dd-c7d7-455b-a8a2-2e4a62358c8b",
            "ticker": "HIGHCHI-24JAN19-B16.5",
            "count": 27,
            "created_time": "2024-01-18T19:41:25.837409Z",
            "yes_price": 39,
            "no_price": 61,
            "taker_side": "no"
        },
        {
            "trade_id": "90f68386-1ccc-4a74-baf8-b8602dfa69be",
            "ticker": "HIGHCHI-24JAN19-B16.5",
            "count": 54,
            "created_time": "2024-01-18T19:41:25.837409Z",
            "yes_price": 37,
            "no_price": 63,
            "taker_side": "no"
        },
        {
            "trade_id": "8f618d05-9ddb-4d9d-a12a-910bbb94d121",
            "ticker": "HIGHCHI-24JAN19-B16.5",
            "count": 54,
            "created_time": "2024-01-18T19:40:40.718005Z",
            "yes_price": 39,
            "no_price": 61,
            "taker_side": "no"
        },
        {
            "trade_id": "23c55d0b-7c9c-4523-b4da-ddb7c505f162",
            "ticker": "HIGHCHI-24JAN19-B16.5",
            "count": 54,
            "created_time": "2024-01-18T19:40:40.718005Z",
            "yes_price": 37,
            "no_price": 63,
            "taker_side": "no"
        },
        {
            "trade_id": "a3102fc4-b7ea-4a6f-be7a-609559aff19e",
            "ticker": "HIGHCHI-24JAN19-B16.5",
            "count": 53,
            "created_time": "2024-01-18T19:39:38.562803Z",
            "yes_price": 43,
            "no_price": 57,
            "taker_side": "no"
        },
        {
            "trade_id": "3904fff0-5d68-4b61-af6b-91441421ae31",
            "ticker": "HIGHCHI-24JAN19-B16.5",
            "count": 48,
            "created_time": "2024-01-18T19:39:38.562803Z",
            "yes_price": 41,
            "no_price": 59,
            "taker_side": "no"
        }
    ],
    "HIGHCHI-24JAN19-B18.5": [
        {
            "trade_id": "c407d9b2-7923-4270-98ae-59025cca1aa2",
            "ticker": "HIGHCHI-24JAN19-B18.5",
            "count": 88,
            "created_time": "2024-01-19T14:03:33.723532Z",
            "yes_price": 8,
            "no_price": 92,
            "taker_side": "no"
        },
        {
            "trade_id": "06e2d0a4-579d-4977-8f05-52c95b470eab",
            "ticker": "HIGHCHI-24JAN19-B18.5",
            "count": 79,
            "created_time": "2024-01-19T14:03:33.723532Z",
            "yes_price": 9,
            "no_price": 91,
            "taker_side": "no"
        },
        {
            "trade_id": "a585d416-8888-48de-8cda-def52cb9aac0",
            "ticker": "HIGHCHI-24JAN19-B18.5",
            "count": 9,
            "created_time": "2024-01-19T02:36:11.156352Z",
            "yes_price": 17,
            "no_price": 83,
            "taker_side": "no"
        },
        {
            "trade_id": "58f57e4e-39b1-4868-8949-961a120a1c00",
            "ticker": "HIGHCHI-24JAN19-B18.5",
            "count": 26,
            "created_time": "2024-01-19T02:35:20.865435Z",
            "yes_price": 18,
            "no_price": 82,
            "taker_side": "no"
        },
        {
            "trade_id": "13920460-b27f-4ebb-abf7-fb63c7b2263e",
            "ticker": "HIGHCHI-24JAN19-B18.5",
            "count": 6,
            "created_time": "2024-01-19T02:34:59.470865Z",
            "yes_price": 19,
            "no_price": 81,
            "taker_side": "no"
        },
        {
            "trade_id": "050feda4-0e6f-447d-bfd5-9fa2339a886f",
            "ticker": "HIGHCHI-24JAN19-B18.5",
            "count": 24,
            "created_time": "2024-01-19T02:12:12.552008Z",
            "yes_price": 19,
            "no_price": 81,
            "taker_side": "no"
        },
        {
            "trade_id": "8970ec67-81b0-4ac7-9392-a88733ff31b0",
            "ticker": "HIGHCHI-24JAN19-B18.5",
            "count": 17,
            "created_time": "2024-01-19T02:09:28.280706Z",
            "yes_price": 20,
            "no_price": 80,
            "taker_side": "no"
        },
        {
            "trade_id": "103d4b08-f1c2-4959-8f40-cb87e92edfc8",
            "ticker": "HIGHCHI-24JAN19-B18.5",
            "count": 13,
            "created_time": "2024-01-19T02:09:16.928073Z",
            "yes_price": 21,
            "no_price": 79,
            "taker_side": "no"
        },
        {
            "trade_id": "5d85d72a-c2d2-4d1a-90fa-45998ccae7e9",
            "ticker": "HIGHCHI-24JAN19-B18.5",
            "count": 16,
            "created_time": "2024-01-19T02:04:24.041152Z",
            "yes_price": 21,
            "no_price": 79,
            "taker_side": "no"
        },
        {
            "trade_id": "641a62ca-6541-4ee8-81cf-e5480d82fb34",
            "ticker": "HIGHCHI-24JAN19-B18.5",
            "count": 19,
            "created_time": "2024-01-19T01:57:26.365943Z",
            "yes_price": 21,
            "no_price": 79,
            "taker_side": "no"
        },
        {
            "trade_id": "71e317bd-75f6-40b2-bf72-4b71f7add371",
            "ticker": "HIGHCHI-24JAN19-B18.5",
            "count": 16,
            "created_time": "2024-01-19T01:57:10.181852Z",
            "yes_price": 22,
            "no_price": 78,
            "taker_side": "no"
        },
        {
            "trade_id": "5817ab0b-4d94-4051-bacf-92fb511c811a",
            "ticker": "HIGHCHI-24JAN19-B18.5",
            "count": 32,
            "created_time": "2024-01-19T01:55:53.350731Z",
            "yes_price": 21,
            "no_price": 79,
            "taker_side": "no"
        },
        {
            "trade_id": "5c2bb7c3-e1eb-4a2a-9ea9-ca6345f8fc61",
            "ticker": "HIGHCHI-24JAN19-B18.5",
            "count": 22,
            "created_time": "2024-01-19T01:55:32.596573Z",
            "yes_price": 22,
            "no_price": 78,
            "taker_side": "no"
        },
        {
            "trade_id": "fa049c67-0719-4a36-a6e3-a3151d69ec37",
            "ticker": "HIGHCHI-24JAN19-B18.5",
            "count": 21,
            "created_time": "2024-01-18T19:42:16.66133Z",
            "yes_price": 34,
            "no_price": 66,
            "taker_side": "yes"
        },
        {
            "trade_id": "c2ee861c-877a-461b-9c0f-4fd2a9557232",
            "ticker": "HIGHCHI-24JAN19-B18.5",
            "count": 54,
            "created_time": "2024-01-18T19:42:16.66133Z",
            "yes_price": 36,
            "no_price": 64,
            "taker_side": "yes"
        },
        {
            "trade_id": "f503487d-92cb-48de-8473-5a980c05cb46",
            "ticker": "HIGHCHI-24JAN19-B18.5",
            "count": 32,
            "created_time": "2024-01-18T19:40:12.115088Z",
            "yes_price": 29,
            "no_price": 71,
            "taker_side": "yes"
        },
        {
            "trade_id": "c6db4bdc-8e59-49bc-9fd8-2f10825e73bc",
            "ticker": "HIGHCHI-24JAN19-B18.5",
            "count": 5,
            "created_time": "2024-01-18T19:40:12.115088Z",
            "yes_price": 26,
            "no_price": 74,
            "taker_side": "yes"
        },
        {
            "trade_id": "b9835c48-3ab7-4976-8f2e-b96ee0bb03a2",
            "ticker": "HIGHCHI-24JAN19-B18.5",
            "count": 53,
            "created_time": "2024-01-18T19:40:12.115088Z",
            "yes_price": 31,
            "no_price": 69,
            "taker_side": "yes"
        },
        {
            "trade_id": "54ee200b-38e8-4647-9944-41f9be1b1496",
            "ticker": "HIGHCHI-24JAN19-B18.5",
            "count": 1,
            "created_time": "2024-01-18T19:40:12.115088Z",
            "yes_price": 26,
            "no_price": 74,
            "taker_side": "yes"
        },
        {
            "trade_id": "4fc2e73f-53d7-4bbb-8307-71c1279512df",
            "ticker": "HIGHCHI-24JAN19-B18.5",
            "count": 53,
            "created_time": "2024-01-18T19:40:12.115088Z",
            "yes_price": 33,
            "no_price": 67,
            "taker_side": "yes"
        }
    ],
    "HIGHCHI-24JAN19-T19": []
}