{
    "HIGHCHI-24FEB23-T38": [],
    "HIGHCHI-24FEB23-B38.5": [],
    "HIGHCHI-24FEB23-B40.5": [
        {
            "trade_id": "d633cd2e-c9a6-4f95-9c6b-7877c43f1d9d",
            "ticker": "HIGHCHI-24FEB23-B40.5",
            "count": 25,
            "created_time": "2024-02-22T18:41:46.890615Z",
            "yes_price": 10,
            "no_price": 90,
            "taker_side": "no"
        },
        {
            "trade_id": "ea1904a3-45be-48d8-b9b8-8522bc892998",
            "ticker": "HIGHCHI-24FEB23-B40.5",
            "count": 5,
            "created_time": "2024-02-22T18:04:57.471956Z",
            "yes_price": 24,
            "no_price": 76,
            "taker_side": "yes"
        },
        {
            "trade_id": "66a17cc4-3565-42c9-886a-1b0a21132dee",
            "ticker": "HIGHCHI-24FEB23-B40.5",
            "count": 8,
            "created_time": "2024-02-22T18:04:57.471956Z",
            "yes_price": 24,
            "no_price": 76,
            "taker_side": "yes"
        }
    ],
    "HIGHCHI-24FEB23-B42.5": [],
    "HIGHCHI-24FEB23-B44.5": [
        {
            "trade_id": "f276024e-0a98-46ce-8b4d-bc2ab079081c",
            "ticker": "HIGHCHI-24FEB23-B44.5",
            "count": 155,
            "created_time": "2024-02-23T18:19:33.89683Z",
            "yes_price": 1,
            "no_price": 99,
            "taker_side": "yes"
        },
        {
            "trade_id": "ae250b0c-85b6-4b3e-95e9-8dee2f85f874",
            "ticker": "HIGHCHI-24FEB23-B44.5",
            "count": 5,
            "created_time": "2024-02-23T13:12:26.742589Z",
            "yes_price": 1,
            "no_price": 99,
            "taker_side": "yes"
        },
        {
            "trade_id": "92950b1e-635f-45b5-b06c-4fe4881a5897",
            "ticker": "HIGHCHI-24FEB23-B44.5",
            "count": 68,
            "created_time": "2024-02-22T18:06:45.868411Z",
            "yes_price": 20,
            "no_price": 80,
            "taker_side": "no"
        },
        {
            "trade_id": "1fa738bb-8eec-46ed-88a7-bf7ac091a8b9",
            "ticker": "HIGHCHI-24FEB23-B44.5",
            "count": 20,
            "created_time": "2024-02-22T18:06:45.868411Z",
            "yes_price": 22,
            "no_price": 78,
            "taker_side": "no"
        },
        {
            "trade_id": "0fe30f2c-c0e3-40b7-a355-c862166f61b0",
            "ticker": "HIGHCHI-24FEB23-B44.5",
            "count": 67,
            "created_time": "2024-02-22T18:06:45.868411Z",
            "yes_price": 19,
            "no_price": 81,
            "taker_side": "no"
        },
        {
            "trade_id": "f2d91982-d627-4e01-ac4e-a807e2d4ad98",
            "ticker": "HIGHCHI-24FEB23-B44.5",
            "count": 5,
            "created_time": "2024-02-22T17:49:35.628312Z",
            "yes_price": 22,
            "no_price": 78,
            "taker_side": "no"
        },
        {
            "trade_id": "9ca51984-83ca-41ef-8755-da52ab0978b9",
            "ticker": "HIGHCHI-24FEB23-B44.5",
            "count": 1,
            "created_time": "2024-02-22T17:30:18.635164Z",
            "yes_price": 22,
            "no_price": 78,
            "taker_side": "no"
        }
    ],
    "HIGHCHI-24FEB23-T45": [
        {
            "trade_id": "5ba409a6-12b5-4467-bfee-71d330a5c5bb",
            "ticker": "HIGHCHI-24FEB23-T45",
            "count": 102,
            "created_time": "2024-02-23T18:19:46.21013Z",
            "yes_price": 99,
            "no_price": 1,
            "taker_side": "no"
        },
        {
            "trade_id": "870a7b1c-7c99-48db-8caf-40507bc6e733",
            "ticker": "HIGHCHI-24FEB23-T45",
            "count": 13,
            "created_time": "2024-02-23T13:12:18.385863Z",
            "yes_price": 99,
            "no_price": 1,
            "taker_side": "no"
        },
        {
            "trade_id": "33233bfb-e280-497b-9e6d-76194d0dcd47",
            "ticker": "HIGHCHI-24FEB23-T45",
            "count": 68,
            "created_time": "2024-02-22T18:10:11.546198Z",
            "yes_price": 75,
            "no_price": 25,
            "taker_side": "yes"
        },
        {
            "trade_id": "0753d40b-9f4e-4eb7-b02f-57386a47cabc",
            "ticker": "HIGHCHI-24FEB23-T45",
            "count": 34,
            "created_time": "2024-02-22T18:10:11.546198Z",
            "yes_price": 73,
            "no_price": 27,
            "taker_side": "yes"
        },
        {
            "trade_id": "d72995b3-e70e-4ff2-8ce6-fb37e1fd2fce",
            "ticker": "HIGHCHI-24FEB23-T45",
            "count": 6,
            "created_time": "2024-02-22T18:05:35.961398Z",
            "yes_price": 65,
            "no_price": 35,
            "taker_side": "no"
        },
        {
            "trade_id": "97f71dff-68b1-417e-b41b-8992db09c341",
            "ticker": "HIGHCHI-24FEB23-T45",
            "count": 1,
            "created_time": "2024-02-22T17:30:19.196561Z",
            "yes_price": 72,
            "no_price": 28,
            "taker_side": "yes"
        },
        {
            "trade_id": "8ce1ae8d-fb5a-4972-908e-138d7c0a0aa3",
            "ticker": "HIGHCHI-24FEB23-T45",
            "count": 13,
            "created_time": "2024-02-22T16:47:42.17776Z",
            "yes_price": 70,
            "no_price": 30,
            "taker_side": "yes"
        },
        {
            "trade_id": "82a023f5-992c-445e-8ab5-6e26038c60e2",
            "ticker": "HIGHCHI-24FEB23-T45",
            "count": 5,
            "created_time": "2024-02-22T15:14:31.351666Z",
            "yes_price": 61,
            "no_price": 39,
            "taker_side": "no"
        }
    ]
}