{
    "HIGHCHI-24MAR08-T47": [
        {
            "trade_id": "f24503c3-bc5a-44c3-9c56-4a51c568fa66",
            "ticker": "HIGHCHI-24MAR08-T47",
            "count": 156,
            "created_time": "2024-03-08T22:52:32.834354Z",
            "yes_price": 3,
            "no_price": 97,
            "taker_side": "yes"
        },
        {
            "trade_id": "3ed76706-36e9-4943-a979-b352f29403b1",
            "ticker": "HIGHCHI-24MAR08-T47",
            "count": 312,
            "created_time": "2024-03-08T21:08:33.475174Z",
            "yes_price": 3,
            "no_price": 97,
            "taker_side": "yes"
        },
        {
            "trade_id": "7d857e4e-b30c-4eff-b41f-c2518be111e3",
            "ticker": "HIGHCHI-24MAR08-T47",
            "count": 312,
            "created_time": "2024-03-08T20:50:30.231578Z",
            "yes_price": 3,
            "no_price": 97,
            "taker_side": "yes"
        },
        {
            "trade_id": "09e37efc-d4a5-430d-9b2f-80b11f5c11a8",
            "ticker": "HIGHCHI-24MAR08-T47",
            "count": 93,
            "created_time": "2024-03-08T20:34:42.248605Z",
            "yes_price": 3,
            "no_price": 97,
            "taker_side": "yes"
        },
        {
            "trade_id": "71876283-8131-43af-acad-7bda2bd099c6",
            "ticker": "HIGHCHI-24MAR08-T47",
            "count": 18,
            "created_time": "2024-03-08T19:02:27.265214Z",
            "yes_price": 5,
            "no_price": 95,
            "taker_side": "yes"
        },
        {
            "trade_id": "e4585a1e-9354-4596-82d1-e82473a0a8d7",
            "ticker": "HIGHCHI-24MAR08-T47",
            "count": 2000,
            "created_time": "2024-03-08T18:18:59.365928Z",
            "yes_price": 5,
            "no_price": 95,
            "taker_side": "yes"
        },
        {
            "trade_id": "0155ace9-396d-48aa-9f9f-c041496fcfdd",
            "ticker": "HIGHCHI-24MAR08-T47",
            "count": 198,
            "created_time": "2024-03-08T18:15:32.066913Z",
            "yes_price": 6,
            "no_price": 94,
            "taker_side": "yes"
        },
        {
            "trade_id": "ca0842ab-62df-43da-817d-d99e9c4ed670",
            "ticker": "HIGHCHI-24MAR08-T47",
            "count": 3,
            "created_time": "2024-03-08T14:56:05.66436Z",
            "yes_price": 25,
            "no_price": 75,
            "taker_side": "yes"
        },
        {
            "trade_id": "65aaa7a6-d10b-4def-9c2f-2b27eeffe42e",
            "ticker": "HIGHCHI-24MAR08-T47",
            "count": 27,
            "created_time": "2024-03-08T13:03:45.95834Z",
            "yes_price": 35,
            "no_price": 65,
            "taker_side": "yes"
        },
        {
            "trade_id": "0136fed4-74cc-45b3-b9aa-53ea74bb3f33",
            "ticker": "HIGHCHI-24MAR08-T47",
            "count": 11,
            "created_time": "2024-03-08T13:00:23.398706Z",
            "yes_price": 13,
            "no_price": 87,
            "taker_side": "no"
        },
        {
            "trade_id": "a51377d5-15a5-4836-8c34-a10ef1a98cf2",
            "ticker": "HIGHCHI-24MAR08-T47",
            "count": 11,
            "created_time": "2024-03-08T00:52:27.730526Z",
            "yes_price": 15,
            "no_price": 85,
            "taker_side": "yes"
        },
        {
            "trade_id": "51f7f72d-41d1-4e0b-b9cf-5a71c7abaa8a",
            "ticker": "HIGHCHI-24MAR08-T47",
            "count": 10,
            "created_time": "2024-03-08T00:52:27.730526Z",
            "yes_price": 15,
            "no_price": 85,
            "taker_side": "yes"
        },
        {
            "trade_id": "d7b79a89-28d8-45c7-9d3f-9da178798231",
            "ticker": "HIGHCHI-24MAR08-T47",
            "count": 1,
            "created_time": "2024-03-08T00:52:10.108352Z",
            "yes_price": 15,
            "no_price": 85,
            "taker_side": "no"
        },
        {
            "trade_id": "7992379f-9922-465e-b744-db3ea0f7f1d2",
            "ticker": "HIGHCHI-24MAR08-T47",
            "count": 7,
            "created_time": "2024-03-07T21:47:19.558304Z",
            "yes_price": 9,
            "no_price": 91,
            "taker_side": "yes"
        },
        {
            "trade_id": "50c40d42-2842-4c78-9674-d4185b0f591b",
            "ticker": "HIGHCHI-24MAR08-T47",
            "count": 1,
            "created_time": "2024-03-07T17:30:20.527867Z",
            "yes_price": 8,
            "no_price": 92,
            "taker_side": "yes"
        }
    ],
    "HIGHCHI-24MAR08-B47.5": [
        {
            "trade_id": "9501aa41-4f21-4bd7-8dcb-107aed33b225",
            "ticker": "HIGHCHI-24MAR08-B47.5",
            "count": 4,
            "created_time": "2024-03-09T01:19:15.938848Z",
            "yes_price": 99,
            "no_price": 1,
            "taker_side": "yes"
        },
        {
            "trade_id": "215ba5b1-9e8b-4c20-90b8-c59575013385",
            "ticker": "HIGHCHI-24MAR08-B47.5",
            "count": 108,
            "created_time": "2024-03-09T00:38:37.216402Z",
            "yes_price": 99,
            "no_price": 1,
            "taker_side": "yes"
        },
        {
            "trade_id": "114c1ea0-d2ae-40a2-9975-81fca88ed6fe",
            "ticker": "HIGHCHI-24MAR08-B47.5",
            "count": 1,
            "created_time": "2024-03-08T20:43:52.473166Z",
            "yes_price": 51,
            "no_price": 49,
            "taker_side": "no"
        },
        {
            "trade_id": "101476cc-7bf6-49d8-80e2-ff7c29ad61d7",
            "ticker": "HIGHCHI-24MAR08-B47.5",
            "count": 39,
            "created_time": "2024-03-08T20:43:00.851815Z",
            "yes_price": 51,
            "no_price": 49,
            "taker_side": "no"
        },
        {
            "trade_id": "6415f03d-4a3a-469c-acec-c42042079e6d",
            "ticker": "HIGHCHI-24MAR08-B47.5",
            "count": 125,
            "created_time": "2024-03-08T02:35:30.261212Z",
            "yes_price": 18,
            "no_price": 82,
            "taker_side": "no"
        },
        {
            "trade_id": "51a46c72-52d6-4918-b7bd-a40174412999",
            "ticker": "HIGHCHI-24MAR08-B47.5",
            "count": 54,
            "created_time": "2024-03-08T02:35:30.261212Z",
            "yes_price": 17,
            "no_price": 83,
            "taker_side": "no"
        },
        {
            "trade_id": "18124a45-812c-4faf-9012-cfab07c1e39a",
            "ticker": "HIGHCHI-24MAR08-B47.5",
            "count": 62,
            "created_time": "2024-03-08T02:35:30.261212Z",
            "yes_price": 20,
            "no_price": 80,
            "taker_side": "no"
        },
        {
            "trade_id": "fee34b1a-7b2a-4dd7-b7eb-dddb38340d4c",
            "ticker": "HIGHCHI-24MAR08-B47.5",
            "count": 25,
            "created_time": "2024-03-07T23:22:13.850126Z",
            "yes_price": 22,
            "no_price": 78,
            "taker_side": "yes"
        },
        {
            "trade_id": "1ba56da2-572d-43f0-a00c-f15c1e67ba0c",
            "ticker": "HIGHCHI-24MAR08-B47.5",
            "count": 87,
            "created_time": "2024-03-07T23:21:00.156787Z",
            "yes_price": 22,
            "no_price": 78,
            "taker_side": "yes"
        },
        {
            "trade_id": "de48038c-5274-4de0-b932-1db57fbfc798",
            "ticker": "HIGHCHI-24MAR08-B47.5",
            "count": 37,
            "created_time": "2024-03-07T21:51:37.109466Z",
            "yes_price": 15,
            "no_price": 85,
            "taker_side": "yes"
        },
        {
            "trade_id": "e1fb8a4a-f8fb-4489-9125-3ca01ff06ffe",
            "ticker": "HIGHCHI-24MAR08-B47.5",
            "count": 87,
            "created_time": "2024-03-07T20:33:34.000915Z",
            "yes_price": 17,
            "no_price": 83,
            "taker_side": "yes"
        },
        {
            "trade_id": "fbd78031-ea39-49bc-bc6a-0166d69effe6",
            "ticker": "HIGHCHI-24MAR08-B47.5",
            "count": 100,
            "created_time": "2024-03-07T20:32:29.889061Z",
            "yes_price": 16,
            "no_price": 84,
            "taker_side": "yes"
        },
        {
            "trade_id": "b4891d3e-f3e9-4dfb-8e36-9472354f8a66",
            "ticker": "HIGHCHI-24MAR08-B47.5",
            "count": 100,
            "created_time": "2024-03-07T20:32:23.085618Z",
            "yes_price": 16,
            "no_price": 84,
            "taker_side": "yes"
        },
        {
            "trade_id": "64cad5db-1820-4eaf-9d48-7f9d82b5fe98",
            "ticker": "HIGHCHI-24MAR08-B47.5",
            "count": 112,
            "created_time": "2024-03-07T20:32:01.686424Z",
            "yes_price": 15,
            "no_price": 85,
            "taker_side": "yes"
        },
        {
            "trade_id": "ebb2e40b-1655-42c2-8d52-701118ad29c2",
            "ticker": "HIGHCHI-24MAR08-B47.5",
            "count": 7,
            "created_time": "2024-03-07T20:31:54.853558Z",
            "yes_price": 11,
            "no_price": 89,
            "taker_side": "yes"
        },
        {
            "trade_id": "bdd83024-fc9a-4986-8e39-070b873d6418",
            "ticker": "HIGHCHI-24MAR08-B47.5",
            "count": 112,
            "created_time": "2024-03-07T20:31:54.853558Z",
            "yes_price": 14,
            "no_price": 86,
            "taker_side": "yes"
        },
        {
            "trade_id": "074c047a-a3f2-4750-af95-407b9afd8695",
            "ticker": "HIGHCHI-24MAR08-B47.5",
            "count": 1,
            "created_time": "2024-03-07T17:30:21.224415Z",
            "yes_price": 10,
            "no_price": 90,
            "taker_side": "yes"
        }
    ],
    "HIGHCHI-24MAR08-B49.5": [
        {
            "trade_id": "a27981d5-978b-4a8e-8970-9e701223a26e",
            "ticker": "HIGHCHI-24MAR08-B49.5",
            "count": 9,
            "created_time": "2024-03-08T13:38:21.716053Z",
            "yes_price": 37,
            "no_price": 63,
            "taker_side": "yes"
        },
        {
            "trade_id": "6072b8e6-368e-4ba3-9bd3-ff28b20d151f",
            "ticker": "HIGHCHI-24MAR08-B49.5",
            "count": 17,
            "created_time": "2024-03-08T13:38:21.716053Z",
            "yes_price": 35,
            "no_price": 65,
            "taker_side": "yes"
        },
        {
            "trade_id": "bd3e2b5f-5497-4f32-99f0-f70ecb68721d",
            "ticker": "HIGHCHI-24MAR08-B49.5",
            "count": 61,
            "created_time": "2024-03-08T13:11:32.857362Z",
            "yes_price": 34,
            "no_price": 66,
            "taker_side": "no"
        },
        {
            "trade_id": "bba62985-129f-4bfc-a15a-b1c0679f673e",
            "ticker": "HIGHCHI-24MAR08-B49.5",
            "count": 8,
            "created_time": "2024-03-08T13:11:32.857362Z",
            "yes_price": 25,
            "no_price": 75,
            "taker_side": "no"
        },
        {
            "trade_id": "6e4fcb68-ac1e-4b73-be3d-627ad6b7bb06",
            "ticker": "HIGHCHI-24MAR08-B49.5",
            "count": 98,
            "created_time": "2024-03-08T13:11:32.857362Z",
            "yes_price": 32,
            "no_price": 68,
            "taker_side": "no"
        },
        {
            "trade_id": "22218d3c-4e77-4156-9d22-d5b61e873e42",
            "ticker": "HIGHCHI-24MAR08-B49.5",
            "count": 98,
            "created_time": "2024-03-08T13:11:32.857362Z",
            "yes_price": 30,
            "no_price": 70,
            "taker_side": "no"
        },
        {
            "trade_id": "d2b9b085-7273-4316-9b18-b3f222f8a325",
            "ticker": "HIGHCHI-24MAR08-B49.5",
            "count": 12,
            "created_time": "2024-03-07T23:22:29.996262Z",
            "yes_price": 36,
            "no_price": 64,
            "taker_side": "yes"
        },
        {
            "trade_id": "6cb007e8-2f95-4113-bab2-2ae7d2160c75",
            "ticker": "HIGHCHI-24MAR08-B49.5",
            "count": 50,
            "created_time": "2024-03-07T23:21:39.895231Z",
            "yes_price": 36,
            "no_price": 64,
            "taker_side": "yes"
        },
        {
            "trade_id": "3bd18a3a-d8eb-4bb4-86a5-55e69b1af46a",
            "ticker": "HIGHCHI-24MAR08-B49.5",
            "count": 50,
            "created_time": "2024-03-07T23:21:14.901496Z",
            "yes_price": 35,
            "no_price": 65,
            "taker_side": "yes"
        },
        {
            "trade_id": "8abd4d45-97ae-4e90-ad40-10581a1c3bbf",
            "ticker": "HIGHCHI-24MAR08-B49.5",
            "count": 75,
            "created_time": "2024-03-07T20:33:24.59583Z",
            "yes_price": 28,
            "no_price": 72,
            "taker_side": "yes"
        },
        {
            "trade_id": "f25448fb-6c9f-4c23-a24b-d0ada3029a83",
            "ticker": "HIGHCHI-24MAR08-B49.5",
            "count": 7,
            "created_time": "2024-03-07T20:33:16.458799Z",
            "yes_price": 27,
            "no_price": 73,
            "taker_side": "yes"
        },
        {
            "trade_id": "17020195-d18c-4dec-bc1a-1b3a3d64fc93",
            "ticker": "HIGHCHI-24MAR08-B49.5",
            "count": 75,
            "created_time": "2024-03-07T20:33:16.458799Z",
            "yes_price": 27,
            "no_price": 73,
            "taker_side": "yes"
        },
        {
            "trade_id": "d132968c-9c7a-4e33-acaf-bfac67a2ebe0",
            "ticker": "HIGHCHI-24MAR08-B49.5",
            "count": 75,
            "created_time": "2024-03-07T20:33:09.399392Z",
            "yes_price": 26,
            "no_price": 74,
            "taker_side": "yes"
        },
        {
            "trade_id": "b5c95976-9bb4-4647-8941-39126e64e44b",
            "ticker": "HIGHCHI-24MAR08-B49.5",
            "count": 25,
            "created_time": "2024-03-07T20:33:02.375573Z",
            "yes_price": 25,
            "no_price": 75,
            "taker_side": "yes"
        },
        {
            "trade_id": "1c50a0bf-3994-4d96-ba56-d33c8a0136e3",
            "ticker": "HIGHCHI-24MAR08-B49.5",
            "count": 1,
            "created_time": "2024-03-07T17:30:21.302179Z",
            "yes_price": 6,
            "no_price": 94,
            "taker_side": "no"
        },
        {
            "trade_id": "bf2e095e-afc5-42de-9785-34384dcf883c",
            "ticker": "HIGHCHI-24MAR08-B49.5",
            "count": 1,
            "created_time": "2024-03-07T17:30:20.604443Z",
            "yes_price": 6,
            "no_price": 94,
            "taker_side": "no"
        }
    ],
    "HIGHCHI-24MAR08-B51.5": [
        {
            "trade_id": "092f6738-93b2-42c5-b72a-7fcbfda7aba5",
            "ticker": "HIGHCHI-24MAR08-B51.5",
            "count": 2,
            "created_time": "2024-03-08T02:38:41.438077Z",
            "yes_price": 20,
            "no_price": 80,
            "taker_side": "no"
        },
        {
            "trade_id": "48a433d4-42c4-48f1-a185-d3319d93f388",
            "ticker": "HIGHCHI-24MAR08-B51.5",
            "count": 50,
            "created_time": "2024-03-08T02:15:05.994722Z",
            "yes_price": 20,
            "no_price": 80,
            "taker_side": "no"
        },
        {
            "trade_id": "a563d73e-b680-4164-a729-330f954c898c",
            "ticker": "HIGHCHI-24MAR08-B51.5",
            "count": 93,
            "created_time": "2024-03-07T22:45:40.863348Z",
            "yes_price": 32,
            "no_price": 68,
            "taker_side": "yes"
        },
        {
            "trade_id": "75a74643-a3d1-458b-bded-37f3a5b2a5d3",
            "ticker": "HIGHCHI-24MAR08-B51.5",
            "count": 12,
            "created_time": "2024-03-07T22:45:40.863348Z",
            "yes_price": 30,
            "no_price": 70,
            "taker_side": "yes"
        },
        {
            "trade_id": "6b34b004-43e1-4493-823e-374eb885798f",
            "ticker": "HIGHCHI-24MAR08-B51.5",
            "count": 7,
            "created_time": "2024-03-07T22:45:40.863348Z",
            "yes_price": 30,
            "no_price": 70,
            "taker_side": "yes"
        },
        {
            "trade_id": "994bb145-5ec0-4a98-ad40-d8129d4de883",
            "ticker": "HIGHCHI-24MAR08-B51.5",
            "count": 200,
            "created_time": "2024-03-07T22:45:14.6548Z",
            "yes_price": 29,
            "no_price": 71,
            "taker_side": "yes"
        },
        {
            "trade_id": "38e2e3e8-4a5e-4267-9027-370459b4b098",
            "ticker": "HIGHCHI-24MAR08-B51.5",
            "count": 25,
            "created_time": "2024-03-07T22:28:34.63916Z",
            "yes_price": 24,
            "no_price": 76,
            "taker_side": "no"
        },
        {
            "trade_id": "34e11dee-465b-4745-a363-c8c439317683",
            "ticker": "HIGHCHI-24MAR08-B51.5",
            "count": 50,
            "created_time": "2024-03-07T21:47:37.582205Z",
            "yes_price": 23,
            "no_price": 77,
            "taker_side": "no"
        },
        {
            "trade_id": "c0de9993-3453-4337-be95-46169bcbaddf",
            "ticker": "HIGHCHI-24MAR08-B51.5",
            "count": 25,
            "created_time": "2024-03-07T21:35:07.546824Z",
            "yes_price": 23,
            "no_price": 77,
            "taker_side": "no"
        },
        {
            "trade_id": "5f7570f1-2ecd-4a8b-b3b1-1e474ccb6e61",
            "ticker": "HIGHCHI-24MAR08-B51.5",
            "count": 50,
            "created_time": "2024-03-07T21:33:41.014621Z",
            "yes_price": 23,
            "no_price": 77,
            "taker_side": "no"
        },
        {
            "trade_id": "602a5e62-95c1-4a90-89dd-c68ad155a63a",
            "ticker": "HIGHCHI-24MAR08-B51.5",
            "count": 23,
            "created_time": "2024-03-07T20:59:55.956738Z",
            "yes_price": 23,
            "no_price": 77,
            "taker_side": "no"
        },
        {
            "trade_id": "d2658d65-60de-44ad-8651-26dfd22794b9",
            "ticker": "HIGHCHI-24MAR08-B51.5",
            "count": 125,
            "created_time": "2024-03-07T20:34:05.139855Z",
            "yes_price": 22,
            "no_price": 78,
            "taker_side": "no"
        },
        {
            "trade_id": "bb396a37-a9fd-43a4-8e9a-3ab223f3a894",
            "ticker": "HIGHCHI-24MAR08-B51.5",
            "count": 25,
            "created_time": "2024-03-07T20:34:05.139855Z",
            "yes_price": 24,
            "no_price": 76,
            "taker_side": "no"
        },
        {
            "trade_id": "30515d4f-e972-404d-bf82-f03216a310ab",
            "ticker": "HIGHCHI-24MAR08-B51.5",
            "count": 37,
            "created_time": "2024-03-07T20:33:33.772074Z",
            "yes_price": 26,
            "no_price": 74,
            "taker_side": "no"
        },
        {
            "trade_id": "0911b330-a9ef-4ad1-b76f-374b39d1a1b6",
            "ticker": "HIGHCHI-24MAR08-B51.5",
            "count": 125,
            "created_time": "2024-03-07T20:33:33.772074Z",
            "yes_price": 24,
            "no_price": 76,
            "taker_side": "no"
        },
        {
            "trade_id": "2e120dab-6914-4dec-bf7b-5d475716fd2c",
            "ticker": "HIGHCHI-24MAR08-B51.5",
            "count": 1,
            "created_time": "2024-03-07T17:30:21.300032Z",
            "yes_price": 14,
            "no_price": 86,
            "taker_side": "no"
        },
        {
            "trade_id": "314fdb12-dcde-4b58-a35c-9bbc4bd2fa3e",
            "ticker": "HIGHCHI-24MAR08-B51.5",
            "count": 1,
            "created_time": "2024-03-07T17:30:20.592995Z",
            "yes_price": 14,
            "no_price": 86,
            "taker_side": "no"
        },
        {
            "trade_id": "ec5fd7db-3d93-4c16-8d8c-9a21a24ad056",
            "ticker": "HIGHCHI-24MAR08-B51.5",
            "count": 52,
            "created_time": "2024-03-07T15:18:37.681175Z",
            "yes_price": 19,
            "no_price": 81,
            "taker_side": "yes"
        },
        {
            "trade_id": "4f74ba47-a3c6-4c43-9d1d-1a270d98335f",
            "ticker": "HIGHCHI-24MAR08-B51.5",
            "count": 28,
            "created_time": "2024-03-07T15:18:37.681175Z",
            "yes_price": 17,
            "no_price": 83,
            "taker_side": "yes"
        },
        {
            "trade_id": "45f5a584-7542-4253-8031-cc9c7b0d3ed6",
            "ticker": "HIGHCHI-24MAR08-B51.5",
            "count": 52,
            "created_time": "2024-03-07T15:18:37.681175Z",
            "yes_price": 20,
            "no_price": 80,
            "taker_side": "yes"
        }
    ],
    "HIGHCHI-24MAR08-B53.5": [
        {
            "trade_id": "3d38cccc-af17-4b1c-975f-3a48552784e6",
            "ticker": "HIGHCHI-24MAR08-B53.5",
            "count": 91,
            "created_time": "2024-03-08T15:57:33.069018Z",
            "yes_price": 1,
            "no_price": 99,
            "taker_side": "no"
        },
        {
            "trade_id": "5012caac-fef4-48b4-945d-7743382b9ed7",
            "ticker": "HIGHCHI-24MAR08-B53.5",
            "count": 2,
            "created_time": "2024-03-08T02:39:00.876388Z",
            "yes_price": 9,
            "no_price": 91,
            "taker_side": "no"
        },
        {
            "trade_id": "aa005f48-7526-4464-b5dd-a26ca8060327",
            "ticker": "HIGHCHI-24MAR08-B53.5",
            "count": 7,
            "created_time": "2024-03-08T00:30:30.066903Z",
            "yes_price": 9,
            "no_price": 91,
            "taker_side": "no"
        },
        {
            "trade_id": "c322d0d0-ba66-4d4c-9201-cc9d34767b7b",
            "ticker": "HIGHCHI-24MAR08-B53.5",
            "count": 91,
            "created_time": "2024-03-07T23:59:58.516027Z",
            "yes_price": 12,
            "no_price": 88,
            "taker_side": "no"
        },
        {
            "trade_id": "77ea5472-1f4e-4d88-a21b-3b376e725427",
            "ticker": "HIGHCHI-24MAR08-B53.5",
            "count": 9,
            "created_time": "2024-03-07T23:54:12.380366Z",
            "yes_price": 12,
            "no_price": 88,
            "taker_side": "no"
        },
        {
            "trade_id": "20f5c53b-67d5-4155-abe9-e0b01be562cb",
            "ticker": "HIGHCHI-24MAR08-B53.5",
            "count": 38,
            "created_time": "2024-03-07T23:24:30.600811Z",
            "yes_price": 15,
            "no_price": 85,
            "taker_side": "no"
        },
        {
            "trade_id": "bb4f130f-fcbf-40c7-9fbb-9e0a5bfd9151",
            "ticker": "HIGHCHI-24MAR08-B53.5",
            "count": 150,
            "created_time": "2024-03-07T22:45:53.43235Z",
            "yes_price": 23,
            "no_price": 77,
            "taker_side": "yes"
        },
        {
            "trade_id": "8e046920-662c-49da-8233-7044bec2989f",
            "ticker": "HIGHCHI-24MAR08-B53.5",
            "count": 37,
            "created_time": "2024-03-07T22:45:53.43235Z",
            "yes_price": 20,
            "no_price": 80,
            "taker_side": "yes"
        },
        {
            "trade_id": "4a95279b-5b96-46db-99b1-a94d05a17f65",
            "ticker": "HIGHCHI-24MAR08-B53.5",
            "count": 125,
            "created_time": "2024-03-07T22:45:53.43235Z",
            "yes_price": 22,
            "no_price": 78,
            "taker_side": "yes"
        },
        {
            "trade_id": "c6d02b78-bcb5-4448-b93f-d212029f3798",
            "ticker": "HIGHCHI-24MAR08-B53.5",
            "count": 62,
            "created_time": "2024-03-07T21:50:38.118103Z",
            "yes_price": 19,
            "no_price": 81,
            "taker_side": "no"
        },
        {
            "trade_id": "29cca196-71b6-4a83-8726-ce5ba5c565d5",
            "ticker": "HIGHCHI-24MAR08-B53.5",
            "count": 75,
            "created_time": "2024-03-07T21:44:59.958344Z",
            "yes_price": 19,
            "no_price": 81,
            "taker_side": "no"
        },
        {
            "trade_id": "6e246a19-fdeb-433d-8a7e-d8c5d11800ab",
            "ticker": "HIGHCHI-24MAR08-B53.5",
            "count": 50,
            "created_time": "2024-03-07T21:43:19.961339Z",
            "yes_price": 19,
            "no_price": 81,
            "taker_side": "no"
        },
        {
            "trade_id": "a4f3d823-50d9-452d-aef8-2373b2c4c223",
            "ticker": "HIGHCHI-24MAR08-B53.5",
            "count": 25,
            "created_time": "2024-03-07T21:36:13.762247Z",
            "yes_price": 18,
            "no_price": 82,
            "taker_side": "no"
        },
        {
            "trade_id": "bb9c9199-e38d-49dc-b633-04be82efd71b",
            "ticker": "HIGHCHI-24MAR08-B53.5",
            "count": 12,
            "created_time": "2024-03-07T21:35:44.506661Z",
            "yes_price": 18,
            "no_price": 82,
            "taker_side": "no"
        },
        {
            "trade_id": "24c9d8f4-0922-4111-b4da-1a68f9da955f",
            "ticker": "HIGHCHI-24MAR08-B53.5",
            "count": 12,
            "created_time": "2024-03-07T21:34:31.093939Z",
            "yes_price": 18,
            "no_price": 82,
            "taker_side": "no"
        },
        {
            "trade_id": "66985f67-4a88-4b74-ab85-68a94a117d0c",
            "ticker": "HIGHCHI-24MAR08-B53.5",
            "count": 12,
            "created_time": "2024-03-07T21:34:01.621562Z",
            "yes_price": 18,
            "no_price": 82,
            "taker_side": "no"
        },
        {
            "trade_id": "645fd10e-a018-4050-91df-d7a53db1dfe6",
            "ticker": "HIGHCHI-24MAR08-B53.5",
            "count": 62,
            "created_time": "2024-03-07T21:33:30.904917Z",
            "yes_price": 18,
            "no_price": 82,
            "taker_side": "no"
        },
        {
            "trade_id": "7a99d0d9-947c-4539-9115-2257d6ec4c65",
            "ticker": "HIGHCHI-24MAR08-B53.5",
            "count": 112,
            "created_time": "2024-03-07T20:35:56.408397Z",
            "yes_price": 15,
            "no_price": 85,
            "taker_side": "no"
        },
        {
            "trade_id": "e196a5f7-1068-4a30-b690-e58e0d416825",
            "ticker": "HIGHCHI-24MAR08-B53.5",
            "count": 33,
            "created_time": "2024-03-07T20:35:44.078887Z",
            "yes_price": 16,
            "no_price": 84,
            "taker_side": "no"
        },
        {
            "trade_id": "4ec4b98c-9beb-4b78-933e-e9c6bcfb1146",
            "ticker": "HIGHCHI-24MAR08-B53.5",
            "count": 29,
            "created_time": "2024-03-07T20:35:28.665682Z",
            "yes_price": 17,
            "no_price": 83,
            "taker_side": "no"
        },
        {
            "trade_id": "33dc6e45-9509-4b00-8aba-d16d1dcc1049",
            "ticker": "HIGHCHI-24MAR08-B53.5",
            "count": 75,
            "created_time": "2024-03-07T20:34:14.72068Z",
            "yes_price": 18,
            "no_price": 82,
            "taker_side": "no"
        },
        {
            "trade_id": "c1366838-7f03-473d-ba4b-9f97952adde0",
            "ticker": "HIGHCHI-24MAR08-B53.5",
            "count": 25,
            "created_time": "2024-03-07T20:33:43.333127Z",
            "yes_price": 22,
            "no_price": 78,
            "taker_side": "no"
        },
        {
            "trade_id": "38a45a17-1ba2-4a77-97bc-0054ac5afdba",
            "ticker": "HIGHCHI-24MAR08-B53.5",
            "count": 100,
            "created_time": "2024-03-07T20:33:43.333127Z",
            "yes_price": 19,
            "no_price": 81,
            "taker_side": "no"
        },
        {
            "trade_id": "6a2cc49e-d2ed-4686-9dfa-58cd3868632e",
            "ticker": "HIGHCHI-24MAR08-B53.5",
            "count": 25,
            "created_time": "2024-03-07T20:33:20.267796Z",
            "yes_price": 22,
            "no_price": 78,
            "taker_side": "no"
        },
        {
            "trade_id": "da4e5c6c-b0c0-4909-b804-fc98247670d5",
            "ticker": "HIGHCHI-24MAR08-B53.5",
            "count": 9,
            "created_time": "2024-03-07T20:32:18.002046Z",
            "yes_price": 23,
            "no_price": 77,
            "taker_side": "yes"
        },
        {
            "trade_id": "c099ab64-f9bb-483b-8ae9-6512aef72df6",
            "ticker": "HIGHCHI-24MAR08-B53.5",
            "count": 1,
            "created_time": "2024-03-07T20:32:05.39226Z",
            "yes_price": 23,
            "no_price": 77,
            "taker_side": "no"
        },
        {
            "trade_id": "5e2110b4-5bc7-47c7-a530-ee0096cbfd99",
            "ticker": "HIGHCHI-24MAR08-B53.5",
            "count": 12,
            "created_time": "2024-03-07T20:31:57.658341Z",
            "yes_price": 23,
            "no_price": 77,
            "taker_side": "no"
        },
        {
            "trade_id": "5115ae6e-6ec4-451d-b977-7d350ee3a6df",
            "ticker": "HIGHCHI-24MAR08-B53.5",
            "count": 37,
            "created_time": "2024-03-07T20:28:29.619954Z",
            "yes_price": 23,
            "no_price": 77,
            "taker_side": "no"
        },
        {
            "trade_id": "a21421b8-3ff4-4aef-bfea-c1e210484b65",
            "ticker": "HIGHCHI-24MAR08-B53.5",
            "count": 22,
            "created_time": "2024-03-07T20:24:54.841916Z",
            "yes_price": 24,
            "no_price": 76,
            "taker_side": "no"
        },
        {
            "trade_id": "a386b4d3-f4c6-4f88-8fa4-1c22ecbcea3e",
            "ticker": "HIGHCHI-24MAR08-B53.5",
            "count": 25,
            "created_time": "2024-03-07T20:24:48.869402Z",
            "yes_price": 24,
            "no_price": 76,
            "taker_side": "no"
        },
        {
            "trade_id": "5b639a75-79d9-4f10-8b8c-a67bead4b8fc",
            "ticker": "HIGHCHI-24MAR08-B53.5",
            "count": 1,
            "created_time": "2024-03-07T17:30:22.885511Z",
            "yes_price": 24,
            "no_price": 76,
            "taker_side": "no"
        },
        {
            "trade_id": "bd604f9f-aaaa-483e-b162-6c9fc36e55a2",
            "ticker": "HIGHCHI-24MAR08-B53.5",
            "count": 1,
            "created_time": "2024-03-07T17:30:21.287079Z",
            "yes_price": 24,
            "no_price": 76,
            "taker_side": "no"
        },
        {
            "trade_id": "8833720e-0444-48c5-ad0a-a6d2a6ad070d",
            "ticker": "HIGHCHI-24MAR08-B53.5",
            "count": 1,
            "created_time": "2024-03-07T17:30:20.591208Z",
            "yes_price": 24,
            "no_price": 76,
            "taker_side": "no"
        }
    ],
    "HIGHCHI-24MAR08-T54": [
        {
            "trade_id": "c623cf37-ae77-4e2b-b9cd-f5904050af5c",
            "ticker": "HIGHCHI-24MAR08-T54",
            "count": 50,
            "created_time": "2024-03-07T21:51:52.405792Z",
            "yes_price": 11,
            "no_price": 89,
            "taker_side": "no"
        },
        {
            "trade_id": "de190bac-4739-4567-8d2d-6a8d884e8c98",
            "ticker": "HIGHCHI-24MAR08-T54",
            "count": 100,
            "created_time": "2024-03-07T21:44:23.878288Z",
            "yes_price": 10,
            "no_price": 90,
            "taker_side": "yes"
        },
        {
            "trade_id": "c00f5f9b-f18f-4bc3-a960-a648deee5b67",
            "ticker": "HIGHCHI-24MAR08-T54",
            "count": 100,
            "created_time": "2024-03-07T21:40:35.757702Z",
            "yes_price": 10,
            "no_price": 90,
            "taker_side": "yes"
        },
        {
            "trade_id": "025653f1-1cb2-4740-9861-0f1e41495feb",
            "ticker": "HIGHCHI-24MAR08-T54",
            "count": 125,
            "created_time": "2024-03-07T21:36:03.866511Z",
            "yes_price": 8,
            "no_price": 92,
            "taker_side": "no"
        },
        {
            "trade_id": "1f7c1987-ce0b-4312-9950-4a0522e31e38",
            "ticker": "HIGHCHI-24MAR08-T54",
            "count": 25,
            "created_time": "2024-03-07T21:35:33.24024Z",
            "yes_price": 9,
            "no_price": 91,
            "taker_side": "no"
        },
        {
            "trade_id": "9101720e-0518-4beb-ab40-a721ea4e64d9",
            "ticker": "HIGHCHI-24MAR08-T54",
            "count": 125,
            "created_time": "2024-03-07T21:34:19.292581Z",
            "yes_price": 9,
            "no_price": 91,
            "taker_side": "no"
        },
        {
            "trade_id": "477ff9a2-326c-4dd5-bc1b-9431ba373c0b",
            "ticker": "HIGHCHI-24MAR08-T54",
            "count": 12,
            "created_time": "2024-03-07T21:33:47.310628Z",
            "yes_price": 10,
            "no_price": 90,
            "taker_side": "no"
        },
        {
            "trade_id": "159addf1-c558-4018-a2f9-b31d08aebe04",
            "ticker": "HIGHCHI-24MAR08-T54",
            "count": 62,
            "created_time": "2024-03-07T21:33:14.346266Z",
            "yes_price": 10,
            "no_price": 90,
            "taker_side": "no"
        },
        {
            "trade_id": "d32dfc61-384d-4a5b-ae9c-4db1da1f7db6",
            "ticker": "HIGHCHI-24MAR08-T54",
            "count": 30,
            "created_time": "2024-03-07T20:16:35.162761Z",
            "yes_price": 16,
            "no_price": 84,
            "taker_side": "no"
        },
        {
            "trade_id": "19d0f7c2-73b4-4c4b-8512-65928a68de19",
            "ticker": "HIGHCHI-24MAR08-T54",
            "count": 3,
            "created_time": "2024-03-07T19:31:56.133849Z",
            "yes_price": 19,
            "no_price": 81,
            "taker_side": "yes"
        },
        {
            "trade_id": "a9636d10-4334-4c39-99c4-59df4745c343",
            "ticker": "HIGHCHI-24MAR08-T54",
            "count": 30,
            "created_time": "2024-03-07T17:32:31.556873Z",
            "yes_price": 51,
            "no_price": 49,
            "taker_side": "yes"
        },
        {
            "trade_id": "c3563ef6-a626-42bb-b938-30dd1928aef4",
            "ticker": "HIGHCHI-24MAR08-T54",
            "count": 1,
            "created_time": "2024-03-07T17:30:21.289154Z",
            "yes_price": 50,
            "no_price": 50,
            "taker_side": "no"
        },
        {
            "trade_id": "d0a7831a-7abc-4439-b95f-d044c745c12d",
            "ticker": "HIGHCHI-24MAR08-T54",
            "count": 1,
            "created_time": "2024-03-07T17:30:20.594475Z",
            "yes_price": 50,
            "no_price": 50,
            "taker_side": "no"
        },
        {
            "trade_id": "b7341a9b-2e0d-4122-8d11-5f7be6102b44",
            "ticker": "HIGHCHI-24MAR08-T54",
            "count": 34,
            "created_time": "2024-03-07T16:55:25.239912Z",
            "yes_price": 54,
            "no_price": 46,
            "taker_side": "no"
        },
        {
            "trade_id": "2f476f1f-a3d5-4ab9-bbed-18c1f9f67ff0",
            "ticker": "HIGHCHI-24MAR08-T54",
            "count": 16,
            "created_time": "2024-03-07T16:54:45.586767Z",
            "yes_price": 55,
            "no_price": 45,
            "taker_side": "no"
        },
        {
            "trade_id": "f76771dc-a298-4e5f-8dcf-aebc42c5ec80",
            "ticker": "HIGHCHI-24MAR08-T54",
            "count": 3,
            "created_time": "2024-03-07T16:27:03.932677Z",
            "yes_price": 55,
            "no_price": 45,
            "taker_side": "no"
        },
        {
            "trade_id": "924cf400-8605-496a-9546-acd6178ffeb2",
            "ticker": "HIGHCHI-24MAR08-T54",
            "count": 7,
            "created_time": "2024-03-07T15:14:37.771461Z",
            "yes_price": 51,
            "no_price": 49,
            "taker_side": "no"
        }
    ]
}