{
    "HIGHCHI-24OCT02-T68": [
        {
            "trade_id": "f830133e-9f60-486f-ba46-00322c97fc65",
            "ticker": "HIGHCHI-24OCT02-T68",
            "count": 125,
            "created_time": "2024-10-02T13:09:50.480984Z",
            "yes_price": 1,
            "no_price": 99,
            "taker_side": "no"
        },
        {
            "trade_id": "15951463-3222-49d1-82bb-a3f32a7e785a",
            "ticker": "HIGHCHI-24OCT02-T68",
            "count": 30,
            "created_time": "2024-10-02T03:05:34.412497Z",
            "yes_price": 1,
            "no_price": 99,
            "taker_side": "no"
        },
        {
            "trade_id": "777795cf-6f03-4f49-acd5-5636b49c7d75",
            "ticker": "HIGHCHI-24OCT02-T68",
            "count": 3,
            "created_time": "2024-10-02T03:04:03.725574Z",
            "yes_price": 1,
            "no_price": 99,
            "taker_side": "no"
        },
        {
            "trade_id": "108ef451-9fcf-4074-bc7f-985231a52840",
            "ticker": "HIGHCHI-24OCT02-T68",
            "count": 20,
            "created_time": "2024-10-02T03:04:03.725574Z",
            "yes_price": 1,
            "no_price": 99,
            "taker_side": "no"
        },
        {
            "trade_id": "2522b358-62c7-457d-8a69-89511ca5faff",
            "ticker": "HIGHCHI-24OCT02-T68",
            "count": 30,
            "created_time": "2024-10-02T03:02:45.007522Z",
            "yes_price": 1,
            "no_price": 99,
            "taker_side": "no"
        }
    ],
    "HIGHCHI-24OCT02-B68.5": [
        {
            "trade_id": "f3dd6181-290b-4dfe-96b9-2eba2fa68d9c",
            "ticker": "HIGHCHI-24OCT02-B68.5",
            "count": 3,
            "created_time": "2024-10-02T18:55:49.427489Z",
            "yes_price": 1,
            "no_price": 99,
            "taker_side": "no"
        },
        {
            "trade_id": "34662b4d-beb2-4e18-819c-93e94408476d",
            "ticker": "HIGHCHI-24OCT02-B68.5",
            "count": 23,
            "created_time": "2024-10-02T17:42:56.871453Z",
            "yes_price": 1,
            "no_price": 99,
            "taker_side": "no"
        },
        {
            "trade_id": "64e66c46-dcc6-41ae-a48a-6942c16b406a",
            "ticker": "HIGHCHI-24OCT02-B68.5",
            "count": 199,
            "created_time": "2024-10-02T17:32:42.567351Z",
            "yes_price": 7,
            "no_price": 93,
            "taker_side": "yes"
        },
        {
            "trade_id": "56aefde2-24c2-4906-915b-2f8f8cd453bc",
            "ticker": "HIGHCHI-24OCT02-B68.5",
            "count": 1000,
            "created_time": "2024-10-02T17:32:42.567351Z",
            "yes_price": 6,
            "no_price": 94,
            "taker_side": "yes"
        },
        {
            "trade_id": "a1b6e1d9-441e-4499-b467-599c79159310",
            "ticker": "HIGHCHI-24OCT02-B68.5",
            "count": 50,
            "created_time": "2024-10-02T17:07:30.155694Z",
            "yes_price": 1,
            "no_price": 99,
            "taker_side": "no"
        },
        {
            "trade_id": "20645db7-514b-4cec-b09c-5204d7ade776",
            "ticker": "HIGHCHI-24OCT02-B68.5",
            "count": 30,
            "created_time": "2024-10-02T03:05:34.432803Z",
            "yes_price": 2,
            "no_price": 98,
            "taker_side": "no"
        },
        {
            "trade_id": "0a2105d8-383d-4113-8df2-334b58988a84",
            "ticker": "HIGHCHI-24OCT02-B68.5",
            "count": 23,
            "created_time": "2024-10-02T03:04:03.705984Z",
            "yes_price": 2,
            "no_price": 98,
            "taker_side": "no"
        },
        {
            "trade_id": "b882c150-d5b5-4f06-a791-475c9858e214",
            "ticker": "HIGHCHI-24OCT02-B68.5",
            "count": 30,
            "created_time": "2024-10-02T03:02:45.00353Z",
            "yes_price": 2,
            "no_price": 98,
            "taker_side": "no"
        }
    ],
    "HIGHCHI-24OCT02-B70.5": [
        {
            "trade_id": "e3e79367-4287-4cf5-ae9a-1889eba3bb02",
            "ticker": "HIGHCHI-24OCT02-B70.5",
            "count": 10,
            "created_time": "2024-10-02T23:47:19.536781Z",
            "yes_price": 2,
            "no_price": 98,
            "taker_side": "no"
        },
        {
            "trade_id": "178667b6-6ddf-4566-8603-04c084aca6db",
            "ticker": "HIGHCHI-24OCT02-B70.5",
            "count": 99,
            "created_time": "2024-10-02T22:57:24.049563Z",
            "yes_price": 1,
            "no_price": 99,
            "taker_side": "no"
        },
        {
            "trade_id": "7effedb7-eb44-462a-b665-edac64d6a38e",
            "ticker": "HIGHCHI-24OCT02-B70.5",
            "count": 1,
            "created_time": "2024-10-02T22:56:09.923373Z",
            "yes_price": 1,
            "no_price": 99,
            "taker_side": "no"
        },
        {
            "trade_id": "d48bf8ed-ff81-490b-8cba-9038d3002154",
            "ticker": "HIGHCHI-24OCT02-B70.5",
            "count": 500,
            "created_time": "2024-10-02T22:35:53.674724Z",
            "yes_price": 5,
            "no_price": 95,
            "taker_side": "no"
        },
        {
            "trade_id": "ad38c9a4-a5a2-409f-8933-50a19b2cd5c9",
            "ticker": "HIGHCHI-24OCT02-B70.5",
            "count": 50,
            "created_time": "2024-10-02T22:35:43.842306Z",
            "yes_price": 13,
            "no_price": 87,
            "taker_side": "no"
        },
        {
            "trade_id": "66f7a4d8-e201-4218-987d-4c9c0a684e2b",
            "ticker": "HIGHCHI-24OCT02-B70.5",
            "count": 55,
            "created_time": "2024-10-02T22:34:52.175031Z",
            "yes_price": 3,
            "no_price": 97,
            "taker_side": "no"
        },
        {
            "trade_id": "0d843846-0929-422a-8671-a3c70e60bf55",
            "ticker": "HIGHCHI-24OCT02-B70.5",
            "count": 50,
            "created_time": "2024-10-02T22:31:35.783933Z",
            "yes_price": 19,
            "no_price": 81,
            "taker_side": "yes"
        },
        {
            "trade_id": "4231f536-bbcb-4e35-b582-275f018032a8",
            "ticker": "HIGHCHI-24OCT02-B70.5",
            "count": 250,
            "created_time": "2024-10-02T22:31:16.904806Z",
            "yes_price": 19,
            "no_price": 81,
            "taker_side": "yes"
        },
        {
            "trade_id": "81137b0c-ae29-470f-aa0a-458e7eaa7151",
            "ticker": "HIGHCHI-24OCT02-B70.5",
            "count": 154,
            "created_time": "2024-10-02T22:30:08.134529Z",
            "yes_price": 3,
            "no_price": 97,
            "taker_side": "no"
        },
        {
            "trade_id": "bc3fb24d-f953-4fc3-9ff5-7917dbd01027",
            "ticker": "HIGHCHI-24OCT02-B70.5",
            "count": 75,
            "created_time": "2024-10-02T22:27:18.166604Z",
            "yes_price": 25,
            "no_price": 75,
            "taker_side": "yes"
        },
        {
            "trade_id": "42636b09-0c63-4d68-8fab-6d2133d7c8a8",
            "ticker": "HIGHCHI-24OCT02-B70.5",
            "count": 326,
            "created_time": "2024-10-02T22:27:18.166604Z",
            "yes_price": 23,
            "no_price": 77,
            "taker_side": "yes"
        },
        {
            "trade_id": "9cf4cdea-399d-4736-aac6-58b77fb17af3",
            "ticker": "HIGHCHI-24OCT02-B70.5",
            "count": 173,
            "created_time": "2024-10-02T22:27:06.199984Z",
            "yes_price": 23,
            "no_price": 77,
            "taker_side": "yes"
        },
        {
            "trade_id": "17e95d2b-3e81-423f-b361-12d6be9b2482",
            "ticker": "HIGHCHI-24OCT02-B70.5",
            "count": 250,
            "created_time": "2024-10-02T22:27:06.199984Z",
            "yes_price": 22,
            "no_price": 78,
            "taker_side": "yes"
        },
        {
            "trade_id": "0a7cef0f-18bb-4f54-b629-20210dc94913",
            "ticker": "HIGHCHI-24OCT02-B70.5",
            "count": 1,
            "created_time": "2024-10-02T22:24:56.438557Z",
            "yes_price": 23,
            "no_price": 77,
            "taker_side": "yes"
        },
        {
            "trade_id": "9008b5dd-f153-4e9d-b8f2-3ccba0eb631a",
            "ticker": "HIGHCHI-24OCT02-B70.5",
            "count": 2,
            "created_time": "2024-10-02T22:19:38.790899Z",
            "yes_price": 65,
            "no_price": 35,
            "taker_side": "yes"
        },
        {
            "trade_id": "76233112-baac-4140-bca6-725245aad541",
            "ticker": "HIGHCHI-24OCT02-B70.5",
            "count": 228,
            "created_time": "2024-10-02T22:18:31.39543Z",
            "yes_price": 3,
            "no_price": 97,
            "taker_side": "yes"
        },
        {
            "trade_id": "e48d5c09-f805-4539-b261-9668c468c4aa",
            "ticker": "HIGHCHI-24OCT02-B70.5",
            "count": 30,
            "created_time": "2024-10-02T22:18:10.032653Z",
            "yes_price": 3,
            "no_price": 97,
            "taker_side": "yes"
        },
        {
            "trade_id": "928afec0-1928-4516-9d0a-ea1865c001d4",
            "ticker": "HIGHCHI-24OCT02-B70.5",
            "count": 22,
            "created_time": "2024-10-02T22:15:52.237284Z",
            "yes_price": 90,
            "no_price": 10,
            "taker_side": "yes"
        },
        {
            "trade_id": "520825c3-36a0-46f0-8b10-4f8ed4e0e2b8",
            "ticker": "HIGHCHI-24OCT02-B70.5",
            "count": 10,
            "created_time": "2024-10-02T22:04:52.778982Z",
            "yes_price": 95,
            "no_price": 5,
            "taker_side": "yes"
        },
        {
            "trade_id": "7c2c3d09-90a2-490a-8a82-921b3ace1c72",
            "ticker": "HIGHCHI-24OCT02-B70.5",
            "count": 355,
            "created_time": "2024-10-02T21:55:43.696544Z",
            "yes_price": 96,
            "no_price": 4,
            "taker_side": "yes"
        },
        {
            "trade_id": "0d841f5a-3158-459e-b62b-820353bc22bf",
            "ticker": "HIGHCHI-24OCT02-B70.5",
            "count": 29,
            "created_time": "2024-10-02T21:55:43.696544Z",
            "yes_price": 97,
            "no_price": 3,
            "taker_side": "yes"
        },
        {
            "trade_id": "7b23efde-4bfd-4c85-af4e-cc4fb55fd6f0",
            "ticker": "HIGHCHI-24OCT02-B70.5",
            "count": 153,
            "created_time": "2024-10-02T21:55:20.390868Z",
            "yes_price": 97,
            "no_price": 3,
            "taker_side": "yes"
        },
        {
            "trade_id": "1f40a6c0-2c45-4a8d-a668-0d5318083ac9",
            "ticker": "HIGHCHI-24OCT02-B70.5",
            "count": 500,
            "created_time": "2024-10-02T21:55:20.390868Z",
            "yes_price": 75,
            "no_price": 25,
            "taker_side": "yes"
        },
        {
            "trade_id": "1ad10d9a-5665-4d7e-ad1c-50d03b045c52",
            "ticker": "HIGHCHI-24OCT02-B70.5",
            "count": 295,
            "created_time": "2024-10-02T21:55:20.390868Z",
            "yes_price": 55,
            "no_price": 45,
            "taker_side": "yes"
        },
        {
            "trade_id": "14d326ab-a239-40bf-8e2b-8b53ac670682",
            "ticker": "HIGHCHI-24OCT02-B70.5",
            "count": 5,
            "created_time": "2024-10-02T21:40:55.45069Z",
            "yes_price": 55,
            "no_price": 45,
            "taker_side": "yes"
        },
        {
            "trade_id": "5be7caaf-3539-4d3c-a248-6bad8dc14c74",
            "ticker": "HIGHCHI-24OCT02-B70.5",
            "count": 10,
            "created_time": "2024-10-02T21:40:12.029361Z",
            "yes_price": 6,
            "no_price": 94,
            "taker_side": "yes"
        },
        {
            "trade_id": "93a20671-7aff-4020-a4d9-103750b8ac01",
            "ticker": "HIGHCHI-24OCT02-B70.5",
            "count": 193,
            "created_time": "2024-10-02T20:26:59.808945Z",
            "yes_price": 7,
            "no_price": 93,
            "taker_side": "no"
        },
        {
            "trade_id": "e57494d8-afe7-47db-831f-b61ae9bbdd81",
            "ticker": "HIGHCHI-24OCT02-B70.5",
            "count": 200,
            "created_time": "2024-10-02T20:24:43.018466Z",
            "yes_price": 18,
            "no_price": 82,
            "taker_side": "no"
        },
        {
            "trade_id": "9a198690-5f25-48cb-8990-a48c6cc15e4d",
            "ticker": "HIGHCHI-24OCT02-B70.5",
            "count": 50,
            "created_time": "2024-10-02T20:24:43.018466Z",
            "yes_price": 1,
            "no_price": 99,
            "taker_side": "no"
        },
        {
            "trade_id": "6a209284-b93c-4d00-bcf1-9a029b6334e5",
            "ticker": "HIGHCHI-24OCT02-B70.5",
            "count": 500,
            "created_time": "2024-10-02T20:24:43.018466Z",
            "yes_price": 8,
            "no_price": 92,
            "taker_side": "no"
        },
        {
            "trade_id": "07248ab3-01d9-464e-a7e4-8d99a595f650",
            "ticker": "HIGHCHI-24OCT02-B70.5",
            "count": 5,
            "created_time": "2024-10-02T20:24:43.018466Z",
            "yes_price": 17,
            "no_price": 83,
            "taker_side": "no"
        },
        {
            "trade_id": "62961ce1-208b-478a-894b-8646181997c7",
            "ticker": "HIGHCHI-24OCT02-B70.5",
            "count": 3,
            "created_time": "2024-10-02T20:24:21.657355Z",
            "yes_price": 25,
            "no_price": 75,
            "taker_side": "no"
        },
        {
            "trade_id": "5128806f-8209-44a5-ab0b-24b51adef576",
            "ticker": "HIGHCHI-24OCT02-B70.5",
            "count": 194,
            "created_time": "2024-10-02T20:24:21.657355Z",
            "yes_price": 25,
            "no_price": 75,
            "taker_side": "no"
        },
        {
            "trade_id": "26b61116-c8af-4a77-bdfc-b0012194c8c5",
            "ticker": "HIGHCHI-24OCT02-B70.5",
            "count": 6,
            "created_time": "2024-10-02T20:23:10.631964Z",
            "yes_price": 25,
            "no_price": 75,
            "taker_side": "no"
        },
        {
            "trade_id": "fb0b474f-f8ad-4e4b-b057-1cc5a5d747a8",
            "ticker": "HIGHCHI-24OCT02-B70.5",
            "count": 20,
            "created_time": "2024-10-02T20:03:52.73719Z",
            "yes_price": 98,
            "no_price": 2,
            "taker_side": "yes"
        },
        {
            "trade_id": "ecf687bb-a10e-406f-8dbd-16dbedd3a8d8",
            "ticker": "HIGHCHI-24OCT02-B70.5",
            "count": 2,
            "created_time": "2024-10-02T20:03:52.73719Z",
            "yes_price": 66,
            "no_price": 34,
            "taker_side": "yes"
        },
        {
            "trade_id": "c1fe8497-1dcf-4487-a321-6b7754a10e2f",
            "ticker": "HIGHCHI-24OCT02-B70.5",
            "count": 25,
            "created_time": "2024-10-02T20:03:52.73719Z",
            "yes_price": 96,
            "no_price": 4,
            "taker_side": "yes"
        },
        {
            "trade_id": "a0922941-6cd4-48ec-9762-53b84e5bc727",
            "ticker": "HIGHCHI-24OCT02-B70.5",
            "count": 20,
            "created_time": "2024-10-02T20:03:52.73719Z",
            "yes_price": 97,
            "no_price": 3,
            "taker_side": "yes"
        },
        {
            "trade_id": "80e9b5e0-3a49-42f0-a615-4d048db6c540",
            "ticker": "HIGHCHI-24OCT02-B70.5",
            "count": 1,
            "created_time": "2024-10-02T20:03:52.73719Z",
            "yes_price": 98,
            "no_price": 2,
            "taker_side": "yes"
        },
        {
            "trade_id": "57ce8929-1cba-4f5a-b33f-88920375a895",
            "ticker": "HIGHCHI-24OCT02-B70.5",
            "count": 2,
            "created_time": "2024-10-02T20:03:52.73719Z",
            "yes_price": 67,
            "no_price": 33,
            "taker_side": "yes"
        },
        {
            "trade_id": "4572f980-c488-48e9-8b6b-bbd95eb474bc",
            "ticker": "HIGHCHI-24OCT02-B70.5",
            "count": 25,
            "created_time": "2024-10-02T20:03:52.73719Z",
            "yes_price": 97,
            "no_price": 3,
            "taker_side": "yes"
        },
        {
            "trade_id": "a6ba6666-a6ed-489f-adcf-331261cb955e",
            "ticker": "HIGHCHI-24OCT02-B70.5",
            "count": 3,
            "created_time": "2024-10-02T19:54:42.982329Z",
            "yes_price": 66,
            "no_price": 34,
            "taker_side": "yes"
        },
        {
            "trade_id": "a07731d0-9b29-4a33-b30d-0e0a93946e2d",
            "ticker": "HIGHCHI-24OCT02-B70.5",
            "count": 1,
            "created_time": "2024-10-02T19:54:42.982329Z",
            "yes_price": 67,
            "no_price": 33,
            "taker_side": "yes"
        },
        {
            "trade_id": "dd530f3a-cb1d-4ea2-9cf1-4318ccdead5b",
            "ticker": "HIGHCHI-24OCT02-B70.5",
            "count": 3,
            "created_time": "2024-10-02T18:59:12.435975Z",
            "yes_price": 25,
            "no_price": 75,
            "taker_side": "no"
        },
        {
            "trade_id": "9ac18406-9c11-4ec7-9ed6-667d8a77306e",
            "ticker": "HIGHCHI-24OCT02-B70.5",
            "count": 90,
            "created_time": "2024-10-02T18:02:04.957842Z",
            "yes_price": 26,
            "no_price": 74,
            "taker_side": "no"
        },
        {
            "trade_id": "dfb5543f-3aa7-449e-a287-9b50a3e652a1",
            "ticker": "HIGHCHI-24OCT02-B70.5",
            "count": 23,
            "created_time": "2024-10-02T17:42:56.901058Z",
            "yes_price": 25,
            "no_price": 75,
            "taker_side": "no"
        },
        {
            "trade_id": "51e3c2bb-6134-48f8-9f5c-d80393691db6",
            "ticker": "HIGHCHI-24OCT02-B70.5",
            "count": 36,
            "created_time": "2024-10-02T17:31:17.128014Z",
            "yes_price": 25,
            "no_price": 75,
            "taker_side": "no"
        },
        {
            "trade_id": "a11199d2-e54d-4f08-80c7-4ed13c51ed28",
            "ticker": "HIGHCHI-24OCT02-B70.5",
            "count": 280,
            "created_time": "2024-10-02T16:20:41.210558Z",
            "yes_price": 24,
            "no_price": 76,
            "taker_side": "yes"
        },
        {
            "trade_id": "7dcd8860-a00b-4ddd-bfa6-56da0bef4e5d",
            "ticker": "HIGHCHI-24OCT02-B70.5",
            "count": 39,
            "created_time": "2024-10-02T15:21:56.083382Z",
            "yes_price": 24,
            "no_price": 76,
            "taker_side": "yes"
        },
        {
            "trade_id": "5361cfa0-017b-4493-b0d3-23337fbe6bbe",
            "ticker": "HIGHCHI-24OCT02-B70.5",
            "count": 1,
            "created_time": "2024-10-02T14:57:56.743267Z",
            "yes_price": 21,
            "no_price": 79,
            "taker_side": "yes"
        },
        {
            "trade_id": "c22ae3ce-b9d4-4d4c-a84f-8f6eef1e0b68",
            "ticker": "HIGHCHI-24OCT02-B70.5",
            "count": 1,
            "created_time": "2024-10-02T14:53:22.938775Z",
            "yes_price": 22,
            "no_price": 78,
            "taker_side": "yes"
        },
        {
            "trade_id": "6548ad33-1246-4efd-a8e5-be38db8c4295",
            "ticker": "HIGHCHI-24OCT02-B70.5",
            "count": 18,
            "created_time": "2024-10-02T14:45:05.21821Z",
            "yes_price": 21,
            "no_price": 79,
            "taker_side": "yes"
        },
        {
            "trade_id": "67d17a0a-fc89-4e22-8758-3b4081516f92",
            "ticker": "HIGHCHI-24OCT02-B70.5",
            "count": 11,
            "created_time": "2024-10-02T14:22:10.467416Z",
            "yes_price": 24,
            "no_price": 76,
            "taker_side": "yes"
        },
        {
            "trade_id": "7f86d3ef-4617-4e73-b374-531390d593eb",
            "ticker": "HIGHCHI-24OCT02-B70.5",
            "count": 15,
            "created_time": "2024-10-02T13:58:15.40009Z",
            "yes_price": 24,
            "no_price": 76,
            "taker_side": "yes"
        },
        {
            "trade_id": "3d42584f-2dc4-4a9c-b674-c56a2328d78b",
            "ticker": "HIGHCHI-24OCT02-B70.5",
            "count": 18,
            "created_time": "2024-10-02T12:37:31.8648Z",
            "yes_price": 24,
            "no_price": 76,
            "taker_side": "yes"
        },
        {
            "trade_id": "8e72829a-d2b8-4582-8d01-4a585927cd16",
            "ticker": "HIGHCHI-24OCT02-B70.5",
            "count": 18,
            "created_time": "2024-10-02T12:36:10.07956Z",
            "yes_price": 24,
            "no_price": 76,
            "taker_side": "yes"
        },
        {
            "trade_id": "d14a46b1-0001-4758-ac0f-b8b249ed0678",
            "ticker": "HIGHCHI-24OCT02-B70.5",
            "count": 18,
            "created_time": "2024-10-02T12:35:27.549343Z",
            "yes_price": 24,
            "no_price": 76,
            "taker_side": "yes"
        },
        {
            "trade_id": "36e16ca5-8df4-460d-88e1-b8a0a99948c2",
            "ticker": "HIGHCHI-24OCT02-B70.5",
            "count": 36,
            "created_time": "2024-10-02T12:31:56.687296Z",
            "yes_price": 24,
            "no_price": 76,
            "taker_side": "yes"
        },
        {
            "trade_id": "816914b2-0cc3-4109-a0ee-4e8d4236bd2e",
            "ticker": "HIGHCHI-24OCT02-B70.5",
            "count": 39,
            "created_time": "2024-10-02T12:26:17.831115Z",
            "yes_price": 24,
            "no_price": 76,
            "taker_side": "yes"
        },
        {
            "trade_id": "3e02ea8b-2b25-48c3-be4c-9edb42d85ac9",
            "ticker": "HIGHCHI-24OCT02-B70.5",
            "count": 124,
            "created_time": "2024-10-02T12:21:27.132769Z",
            "yes_price": 18,
            "no_price": 82,
            "taker_side": "no"
        },
        {
            "trade_id": "eb31c88b-63b9-4b48-a98a-6fe89001271e",
            "ticker": "HIGHCHI-24OCT02-B70.5",
            "count": 126,
            "created_time": "2024-10-02T12:02:00.528404Z",
            "yes_price": 22,
            "no_price": 78,
            "taker_side": "yes"
        },
        {
            "trade_id": "d3bf5146-b87c-4927-9a8f-e97a55d2b6d5",
            "ticker": "HIGHCHI-24OCT02-B70.5",
            "count": 150,
            "created_time": "2024-10-02T03:47:40.520158Z",
            "yes_price": 17,
            "no_price": 83,
            "taker_side": "yes"
        },
        {
            "trade_id": "c80ce82b-a3d8-42c7-a6d1-4e9be0b23f38",
            "ticker": "HIGHCHI-24OCT02-B70.5",
            "count": 60,
            "created_time": "2024-10-02T03:47:40.520158Z",
            "yes_price": 14,
            "no_price": 86,
            "taker_side": "yes"
        },
        {
            "trade_id": "21cd28f8-9824-4ed7-b857-5128a93f5e19",
            "ticker": "HIGHCHI-24OCT02-B70.5",
            "count": 150,
            "created_time": "2024-10-02T03:47:40.520158Z",
            "yes_price": 16,
            "no_price": 84,
            "taker_side": "yes"
        },
        {
            "trade_id": "51cad33c-a554-4c99-819a-44c5f039b46d",
            "ticker": "HIGHCHI-24OCT02-B70.5",
            "count": 105,
            "created_time": "2024-10-02T03:05:57.61617Z",
            "yes_price": 16,
            "no_price": 84,
            "taker_side": "no"
        },
        {
            "trade_id": "5cea87a5-bbc6-4b66-8c05-399328975043",
            "ticker": "HIGHCHI-24OCT02-B70.5",
            "count": 30,
            "created_time": "2024-10-02T03:05:34.424576Z",
            "yes_price": 17,
            "no_price": 83,
            "taker_side": "no"
        },
        {
            "trade_id": "a00b6519-57d4-4d54-83ec-12be02acc6b6",
            "ticker": "HIGHCHI-24OCT02-B70.5",
            "count": 23,
            "created_time": "2024-10-02T03:04:03.716605Z",
            "yes_price": 19,
            "no_price": 81,
            "taker_side": "no"
        },
        {
            "trade_id": "20eab707-5755-4eb3-b31b-e08e4d084130",
            "ticker": "HIGHCHI-24OCT02-B70.5",
            "count": 30,
            "created_time": "2024-10-02T03:02:45.013334Z",
            "yes_price": 20,
            "no_price": 80,
            "taker_side": "no"
        },
        {
            "trade_id": "a3a6f637-893f-40f4-b9f2-eef29d2a2427",
            "ticker": "HIGHCHI-24OCT02-B70.5",
            "count": 125,
            "created_time": "2024-10-02T02:56:30.555411Z",
            "yes_price": 23,
            "no_price": 77,
            "taker_side": "no"
        },
        {
            "trade_id": "f067b0d3-6e8a-4c03-8572-8a6b559634a6",
            "ticker": "HIGHCHI-24OCT02-B70.5",
            "count": 75,
            "created_time": "2024-10-02T01:45:34.491418Z",
            "yes_price": 28,
            "no_price": 72,
            "taker_side": "yes"
        },
        {
            "trade_id": "34bb62ea-73e9-44a4-b074-c42a4cda8c0f",
            "ticker": "HIGHCHI-24OCT02-B70.5",
            "count": 75,
            "created_time": "2024-10-02T01:45:28.746553Z",
            "yes_price": 28,
            "no_price": 72,
            "taker_side": "no"
        },
        {
            "trade_id": "b2dd6ff4-184e-4b6d-a4cd-c059d282eb36",
            "ticker": "HIGHCHI-24OCT02-B70.5",
            "count": 150,
            "created_time": "2024-10-02T01:45:09.345522Z",
            "yes_price": 30,
            "no_price": 70,
            "taker_side": "no"
        },
        {
            "trade_id": "c7e026c3-ce1b-4b03-b5b5-b555d07775d6",
            "ticker": "HIGHCHI-24OCT02-B70.5",
            "count": 132,
            "created_time": "2024-10-02T01:45:04.127422Z",
            "yes_price": 32,
            "no_price": 68,
            "taker_side": "no"
        },
        {
            "trade_id": "4b471c08-70ef-487e-8602-e2c9386be5d2",
            "ticker": "HIGHCHI-24OCT02-B70.5",
            "count": 60,
            "created_time": "2024-10-02T01:45:04.127422Z",
            "yes_price": 32,
            "no_price": 68,
            "taker_side": "no"
        },
        {
            "trade_id": "dc7d51d1-1137-4761-af23-c8f046fa5b18",
            "ticker": "HIGHCHI-24OCT02-B70.5",
            "count": 105,
            "created_time": "2024-10-01T23:31:18.669963Z",
            "yes_price": 38,
            "no_price": 62,
            "taker_side": "yes"
        },
        {
            "trade_id": "bdf105b7-89d8-4327-803d-bd6f4f023d8a",
            "ticker": "HIGHCHI-24OCT02-B70.5",
            "count": 45,
            "created_time": "2024-10-01T23:31:18.669963Z",
            "yes_price": 36,
            "no_price": 64,
            "taker_side": "yes"
        },
        {
            "trade_id": "81d46805-dca3-4196-b3ac-cf91c6786217",
            "ticker": "HIGHCHI-24OCT02-B70.5",
            "count": 60,
            "created_time": "2024-10-01T23:08:40.937461Z",
            "yes_price": 35,
            "no_price": 65,
            "taker_side": "no"
        },
        {
            "trade_id": "b7e5dff4-d823-4a11-9a3d-986f8f6376f2",
            "ticker": "HIGHCHI-24OCT02-B70.5",
            "count": 30,
            "created_time": "2024-10-01T17:56:56.871002Z",
            "yes_price": 37,
            "no_price": 63,
            "taker_side": "no"
        },
        {
            "trade_id": "73fabfcb-1aee-4499-8b56-b4aa20dcfdcd",
            "ticker": "HIGHCHI-24OCT02-B70.5",
            "count": 29,
            "created_time": "2024-10-01T17:56:56.871002Z",
            "yes_price": 35,
            "no_price": 65,
            "taker_side": "no"
        },
        {
            "trade_id": "d6b20575-dca2-44d1-b538-55ef9efdba4a",
            "ticker": "HIGHCHI-24OCT02-B70.5",
            "count": 10,
            "created_time": "2024-10-01T17:10:52.245367Z",
            "yes_price": 31,
            "no_price": 69,
            "taker_side": "yes"
        },
        {
            "trade_id": "4b639358-7197-4be8-b759-642295cf468c",
            "ticker": "HIGHCHI-24OCT02-B70.5",
            "count": 150,
            "created_time": "2024-10-01T17:10:52.245367Z",
            "yes_price": 32,
            "no_price": 68,
            "taker_side": "yes"
        },
        {
            "trade_id": "2e189306-6cb5-4155-8784-a6eefde82a2d",
            "ticker": "HIGHCHI-24OCT02-B70.5",
            "count": 60,
            "created_time": "2024-10-01T17:10:52.245367Z",
            "yes_price": 30,
            "no_price": 70,
            "taker_side": "yes"
        }
    ],
    "HIGHCHI-24OCT02-B72.5": [
        {
            "trade_id": "87177f4b-6026-4363-b2b4-3403be36b002",
            "ticker": "HIGHCHI-24OCT02-B72.5",
            "count": 9,
            "created_time": "2024-10-03T00:38:33.763633Z",
            "yes_price": 97,
            "no_price": 3,
            "taker_side": "no"
        },
        {
            "trade_id": "d63fabe7-9821-461d-a166-2ed5f3c0658a",
            "ticker": "HIGHCHI-24OCT02-B72.5",
            "count": 49,
            "created_time": "2024-10-02T23:54:46.427141Z",
            "yes_price": 99,
            "no_price": 1,
            "taker_side": "yes"
        },
        {
            "trade_id": "60f3c976-ae02-4e07-a1d5-2fab83355fc7",
            "ticker": "HIGHCHI-24OCT02-B72.5",
            "count": 90,
            "created_time": "2024-10-02T23:54:46.427141Z",
            "yes_price": 99,
            "no_price": 1,
            "taker_side": "yes"
        },
        {
            "trade_id": "7f18dda9-969b-4c0e-b590-455f1a89f18d",
            "ticker": "HIGHCHI-24OCT02-B72.5",
            "count": 25,
            "created_time": "2024-10-02T23:41:24.686183Z",
            "yes_price": 98,
            "no_price": 2,
            "taker_side": "yes"
        },
        {
            "trade_id": "3468d8c1-e36e-4949-b0ed-39b3f2cf8f33",
            "ticker": "HIGHCHI-24OCT02-B72.5",
            "count": 1,
            "created_time": "2024-10-02T23:06:31.469532Z",
            "yes_price": 99,
            "no_price": 1,
            "taker_side": "yes"
        },
        {
            "trade_id": "77e21f21-2085-4456-814e-6f1e8ef91910",
            "ticker": "HIGHCHI-24OCT02-B72.5",
            "count": 100,
            "created_time": "2024-10-02T22:30:44.62662Z",
            "yes_price": 51,
            "no_price": 49,
            "taker_side": "no"
        },
        {
            "trade_id": "42a8b9f0-fc26-4839-9de9-460ca552aa0c",
            "ticker": "HIGHCHI-24OCT02-B72.5",
            "count": 50,
            "created_time": "2024-10-02T22:25:44.9729Z",
            "yes_price": 46,
            "no_price": 54,
            "taker_side": "no"
        },
        {
            "trade_id": "04a0dcf6-c8be-4ec4-a833-67df78490440",
            "ticker": "HIGHCHI-24OCT02-B72.5",
            "count": 25,
            "created_time": "2024-10-02T22:24:29.686322Z",
            "yes_price": 45,
            "no_price": 55,
            "taker_side": "no"
        },
        {
            "trade_id": "444278b8-4a3f-45ba-9a17-5d15c7b10de8",
            "ticker": "HIGHCHI-24OCT02-B72.5",
            "count": 20,
            "created_time": "2024-10-02T22:19:16.356451Z",
            "yes_price": 98,
            "no_price": 2,
            "taker_side": "yes"
        },
        {
            "trade_id": "bb25fa77-b6f3-4147-93f5-88cce88d1d7c",
            "ticker": "HIGHCHI-24OCT02-B72.5",
            "count": 355,
            "created_time": "2024-10-02T21:55:43.783157Z",
            "yes_price": 7,
            "no_price": 93,
            "taker_side": "no"
        },
        {
            "trade_id": "9b9b51f5-ca2c-4749-9440-69fb3769a73c",
            "ticker": "HIGHCHI-24OCT02-B72.5",
            "count": 484,
            "created_time": "2024-10-02T21:55:29.889877Z",
            "yes_price": 25,
            "no_price": 75,
            "taker_side": "no"
        },
        {
            "trade_id": "6cc5b10f-7c34-46c8-8d0d-7e7c72d6ba02",
            "ticker": "HIGHCHI-24OCT02-B72.5",
            "count": 70,
            "created_time": "2024-10-02T21:55:29.889877Z",
            "yes_price": 7,
            "no_price": 93,
            "taker_side": "no"
        },
        {
            "trade_id": "a2edf013-f88f-4089-9ea1-f7fdfb334561",
            "ticker": "HIGHCHI-24OCT02-B72.5",
            "count": 16,
            "created_time": "2024-10-02T21:41:51.674294Z",
            "yes_price": 25,
            "no_price": 75,
            "taker_side": "no"
        },
        {
            "trade_id": "4dc34297-c6e5-4f39-978f-dfdb2ff3d414",
            "ticker": "HIGHCHI-24OCT02-B72.5",
            "count": 25,
            "created_time": "2024-10-02T21:38:39.010522Z",
            "yes_price": 97,
            "no_price": 3,
            "taker_side": "yes"
        },
        {
            "trade_id": "965bd6c8-b90c-486d-a267-6c7f25b8992c",
            "ticker": "HIGHCHI-24OCT02-B72.5",
            "count": 21,
            "created_time": "2024-10-02T20:50:48.647078Z",
            "yes_price": 88,
            "no_price": 12,
            "taker_side": "yes"
        },
        {
            "trade_id": "d6fd561c-2b17-411c-a90d-dc0d9255468a",
            "ticker": "HIGHCHI-24OCT02-B72.5",
            "count": 40,
            "created_time": "2024-10-02T20:50:40.267085Z",
            "yes_price": 87,
            "no_price": 13,
            "taker_side": "yes"
        },
        {
            "trade_id": "c1cae61f-c956-47ab-adf2-8e369f4c1da7",
            "ticker": "HIGHCHI-24OCT02-B72.5",
            "count": 197,
            "created_time": "2024-10-02T20:24:21.594956Z",
            "yes_price": 80,
            "no_price": 20,
            "taker_side": "yes"
        },
        {
            "trade_id": "b1d0ebc9-7946-4f36-aa07-949b115e83e6",
            "ticker": "HIGHCHI-24OCT02-B72.5",
            "count": 354,
            "created_time": "2024-10-02T20:24:21.594956Z",
            "yes_price": 95,
            "no_price": 5,
            "taker_side": "yes"
        },
        {
            "trade_id": "050a165c-f750-456f-8ef4-e79eb4f67a43",
            "ticker": "HIGHCHI-24OCT02-B72.5",
            "count": 3,
            "created_time": "2024-10-02T20:24:21.594956Z",
            "yes_price": 81,
            "no_price": 19,
            "taker_side": "yes"
        },
        {
            "trade_id": "8b4821e8-cd2e-4e08-b733-8ec3e55206b3",
            "ticker": "HIGHCHI-24OCT02-B72.5",
            "count": 20,
            "created_time": "2024-10-02T20:20:03.577038Z",
            "yes_price": 20,
            "no_price": 80,
            "taker_side": "yes"
        },
        {
            "trade_id": "3990678a-6af8-4722-89c2-7869f1703817",
            "ticker": "HIGHCHI-24OCT02-B72.5",
            "count": 75,
            "created_time": "2024-10-02T20:18:47.486269Z",
            "yes_price": 7,
            "no_price": 93,
            "taker_side": "no"
        },
        {
            "trade_id": "ca287328-0368-4615-9f43-7d353f40e2c0",
            "ticker": "HIGHCHI-24OCT02-B72.5",
            "count": 3,
            "created_time": "2024-10-02T20:05:19.975597Z",
            "yes_price": 33,
            "no_price": 67,
            "taker_side": "no"
        },
        {
            "trade_id": "96ebf84a-b128-4706-9aa7-d068f07b8bbc",
            "ticker": "HIGHCHI-24OCT02-B72.5",
            "count": 100,
            "created_time": "2024-10-02T20:01:51.157386Z",
            "yes_price": 33,
            "no_price": 67,
            "taker_side": "no"
        },
        {
            "trade_id": "3ea37f05-5b32-4c7b-b6a7-c2f1f40a7356",
            "ticker": "HIGHCHI-24OCT02-B72.5",
            "count": 10,
            "created_time": "2024-10-02T19:20:25.850668Z",
            "yes_price": 35,
            "no_price": 65,
            "taker_side": "yes"
        },
        {
            "trade_id": "5412d118-3b55-4f05-b2c3-796410c8fc19",
            "ticker": "HIGHCHI-24OCT02-B72.5",
            "count": 23,
            "created_time": "2024-10-02T17:42:56.785976Z",
            "yes_price": 83,
            "no_price": 17,
            "taker_side": "yes"
        },
        {
            "trade_id": "185d31b5-f367-4684-a74e-e83125425163",
            "ticker": "HIGHCHI-24OCT02-B72.5",
            "count": 72,
            "created_time": "2024-10-02T15:17:44.628433Z",
            "yes_price": 52,
            "no_price": 48,
            "taker_side": "no"
        },
        {
            "trade_id": "ceeb5a86-f745-4b7c-b780-3266919722ae",
            "ticker": "HIGHCHI-24OCT02-B72.5",
            "count": 165,
            "created_time": "2024-10-02T15:17:38.808862Z",
            "yes_price": 53,
            "no_price": 47,
            "taker_side": "no"
        },
        {
            "trade_id": "f39a4c69-9817-430a-ade6-a6a37c52bac9",
            "ticker": "HIGHCHI-24OCT02-B72.5",
            "count": 1,
            "created_time": "2024-10-02T15:07:40.056711Z",
            "yes_price": 59,
            "no_price": 41,
            "taker_side": "yes"
        },
        {
            "trade_id": "ab5eaccf-1b6e-47b8-849a-694e4d84f2a0",
            "ticker": "HIGHCHI-24OCT02-B72.5",
            "count": 1,
            "created_time": "2024-10-02T15:07:01.392723Z",
            "yes_price": 59,
            "no_price": 41,
            "taker_side": "yes"
        },
        {
            "trade_id": "30b48f22-d130-423b-9df0-52a219a5271a",
            "ticker": "HIGHCHI-24OCT02-B72.5",
            "count": 1,
            "created_time": "2024-10-02T14:53:17.675064Z",
            "yes_price": 59,
            "no_price": 41,
            "taker_side": "yes"
        },
        {
            "trade_id": "023943e5-e6e9-4b63-be88-bfd131016375",
            "ticker": "HIGHCHI-24OCT02-B72.5",
            "count": 1,
            "created_time": "2024-10-02T14:53:17.648233Z",
            "yes_price": 59,
            "no_price": 41,
            "taker_side": "yes"
        },
        {
            "trade_id": "267de0d0-e60b-4462-9790-b8232f0de2c7",
            "ticker": "HIGHCHI-24OCT02-B72.5",
            "count": 150,
            "created_time": "2024-10-02T14:50:17.207257Z",
            "yes_price": 54,
            "no_price": 46,
            "taker_side": "no"
        },
        {
            "trade_id": "f97228ef-37e6-477e-81e2-0379549962a3",
            "ticker": "HIGHCHI-24OCT02-B72.5",
            "count": 10,
            "created_time": "2024-10-02T14:36:55.0202Z",
            "yes_price": 59,
            "no_price": 41,
            "taker_side": "yes"
        },
        {
            "trade_id": "7eb0f67c-50f7-4001-b4a6-29d4185c3dbd",
            "ticker": "HIGHCHI-24OCT02-B72.5",
            "count": 350,
            "created_time": "2024-10-02T14:34:34.006132Z",
            "yes_price": 54,
            "no_price": 46,
            "taker_side": "no"
        },
        {
            "trade_id": "7cf1faf6-2ec1-4688-98ae-273eceeb7810",
            "ticker": "HIGHCHI-24OCT02-B72.5",
            "count": 10,
            "created_time": "2024-10-02T13:55:51.836437Z",
            "yes_price": 53,
            "no_price": 47,
            "taker_side": "no"
        },
        {
            "trade_id": "b1b332cd-bb7b-4f90-ba07-f9ff4171743b",
            "ticker": "HIGHCHI-24OCT02-B72.5",
            "count": 18,
            "created_time": "2024-10-02T13:10:19.470773Z",
            "yes_price": 58,
            "no_price": 42,
            "taker_side": "yes"
        },
        {
            "trade_id": "31925e99-cc9c-4a21-a0a6-a7de3c623815",
            "ticker": "HIGHCHI-24OCT02-B72.5",
            "count": 8,
            "created_time": "2024-10-02T13:10:19.470773Z",
            "yes_price": 60,
            "no_price": 40,
            "taker_side": "yes"
        },
        {
            "trade_id": "8f80294e-fdd4-4835-8cdb-59b7e79f81b3",
            "ticker": "HIGHCHI-24OCT02-B72.5",
            "count": 18,
            "created_time": "2024-10-02T12:37:40.569984Z",
            "yes_price": 58,
            "no_price": 42,
            "taker_side": "yes"
        },
        {
            "trade_id": "14ac48e1-181a-474a-941d-8a4e654dae5a",
            "ticker": "HIGHCHI-24OCT02-B72.5",
            "count": 18,
            "created_time": "2024-10-02T12:36:18.295926Z",
            "yes_price": 58,
            "no_price": 42,
            "taker_side": "yes"
        },
        {
            "trade_id": "12fda896-a314-4784-8938-8b9b3f91230a",
            "ticker": "HIGHCHI-24OCT02-B72.5",
            "count": 18,
            "created_time": "2024-10-02T12:35:37.417812Z",
            "yes_price": 58,
            "no_price": 42,
            "taker_side": "yes"
        },
        {
            "trade_id": "e2a516e4-222c-4036-900a-e24939ca534e",
            "ticker": "HIGHCHI-24OCT02-B72.5",
            "count": 36,
            "created_time": "2024-10-02T12:31:44.360977Z",
            "yes_price": 57,
            "no_price": 43,
            "taker_side": "yes"
        },
        {
            "trade_id": "acc4c80f-6f6c-4770-a11a-3e53f90604d1",
            "ticker": "HIGHCHI-24OCT02-B72.5",
            "count": 15,
            "created_time": "2024-10-02T03:56:35.264646Z",
            "yes_price": 58,
            "no_price": 42,
            "taker_side": "yes"
        },
        {
            "trade_id": "a172ee6b-1f63-4cf8-968f-36679a5add91",
            "ticker": "HIGHCHI-24OCT02-B72.5",
            "count": 21,
            "created_time": "2024-10-02T03:10:24.99831Z",
            "yes_price": 55,
            "no_price": 45,
            "taker_side": "no"
        },
        {
            "trade_id": "c1c8cfa0-3fad-4295-b1e4-3361d0b32782",
            "ticker": "HIGHCHI-24OCT02-B72.5",
            "count": 30,
            "created_time": "2024-10-02T03:05:34.274357Z",
            "yes_price": 56,
            "no_price": 44,
            "taker_side": "yes"
        },
        {
            "trade_id": "32df7b09-430e-4c3f-a0c7-ecad2fe8a365",
            "ticker": "HIGHCHI-24OCT02-B72.5",
            "count": 75,
            "created_time": "2024-10-02T03:05:34.274357Z",
            "yes_price": 56,
            "no_price": 44,
            "taker_side": "yes"
        },
        {
            "trade_id": "08228bf6-119b-4f27-a194-e5ec686680f7",
            "ticker": "HIGHCHI-24OCT02-B72.5",
            "count": 60,
            "created_time": "2024-10-02T03:05:12.112801Z",
            "yes_price": 55,
            "no_price": 45,
            "taker_side": "yes"
        },
        {
            "trade_id": "a04f5109-a071-4f1d-82fb-3724216424c6",
            "ticker": "HIGHCHI-24OCT02-B72.5",
            "count": 75,
            "created_time": "2024-10-02T03:04:51.74324Z",
            "yes_price": 54,
            "no_price": 46,
            "taker_side": "yes"
        },
        {
            "trade_id": "19c37839-d880-4d82-8b4b-c8a2fbc6589e",
            "ticker": "HIGHCHI-24OCT02-B72.5",
            "count": 60,
            "created_time": "2024-10-02T03:04:33.085827Z",
            "yes_price": 53,
            "no_price": 47,
            "taker_side": "no"
        },
        {
            "trade_id": "c217f5c9-df5d-4ebe-a778-0104dbfbd8f0",
            "ticker": "HIGHCHI-24OCT02-B72.5",
            "count": 30,
            "created_time": "2024-10-02T03:04:16.671844Z",
            "yes_price": 53,
            "no_price": 47,
            "taker_side": "no"
        },
        {
            "trade_id": "e9737eab-63ae-43ce-9d07-94340bc69a0f",
            "ticker": "HIGHCHI-24OCT02-B72.5",
            "count": 75,
            "created_time": "2024-10-02T03:04:03.569422Z",
            "yes_price": 53,
            "no_price": 47,
            "taker_side": "yes"
        },
        {
            "trade_id": "02c399e2-ce4c-479e-a70a-cfa92272ab24",
            "ticker": "HIGHCHI-24OCT02-B72.5",
            "count": 23,
            "created_time": "2024-10-02T03:04:03.569422Z",
            "yes_price": 53,
            "no_price": 47,
            "taker_side": "yes"
        },
        {
            "trade_id": "a9274b13-fcc9-4803-a785-716b6c285106",
            "ticker": "HIGHCHI-24OCT02-B72.5",
            "count": 15,
            "created_time": "2024-10-02T03:02:54.853156Z",
            "yes_price": 52,
            "no_price": 48,
            "taker_side": "no"
        },
        {
            "trade_id": "8199e73c-27d6-448d-bfaa-2a0144ebaa94",
            "ticker": "HIGHCHI-24OCT02-B72.5",
            "count": 30,
            "created_time": "2024-10-02T03:02:45.007002Z",
            "yes_price": 52,
            "no_price": 48,
            "taker_side": "no"
        },
        {
            "trade_id": "22522dea-144c-45c0-bb42-94bb2673ed08",
            "ticker": "HIGHCHI-24OCT02-B72.5",
            "count": 15,
            "created_time": "2024-10-02T03:02:15.596504Z",
            "yes_price": 52,
            "no_price": 48,
            "taker_side": "no"
        },
        {
            "trade_id": "f0f21a6f-dd03-4f68-bc2d-b1d52a2ef8ed",
            "ticker": "HIGHCHI-24OCT02-B72.5",
            "count": 75,
            "created_time": "2024-10-02T03:01:55.289189Z",
            "yes_price": 52,
            "no_price": 48,
            "taker_side": "yes"
        },
        {
            "trade_id": "31db5956-3279-45fe-9950-3056f0f8ff70",
            "ticker": "HIGHCHI-24OCT02-B72.5",
            "count": 20,
            "created_time": "2024-10-02T02:30:51.541652Z",
            "yes_price": 52,
            "no_price": 48,
            "taker_side": "yes"
        },
        {
            "trade_id": "576cc406-300f-4014-b3c1-f6d9c25c35d2",
            "ticker": "HIGHCHI-24OCT02-B72.5",
            "count": 75,
            "created_time": "2024-10-02T02:22:40.810843Z",
            "yes_price": 51,
            "no_price": 49,
            "taker_side": "yes"
        },
        {
            "trade_id": "d66a286c-8a08-4274-97c9-edd90ee96709",
            "ticker": "HIGHCHI-24OCT02-B72.5",
            "count": 30,
            "created_time": "2024-10-02T02:10:37.026164Z",
            "yes_price": 51,
            "no_price": 49,
            "taker_side": "yes"
        },
        {
            "trade_id": "064368fa-bc33-4a8b-a6bb-f1b9a83198b0",
            "ticker": "HIGHCHI-24OCT02-B72.5",
            "count": 9,
            "created_time": "2024-10-02T01:53:59.171518Z",
            "yes_price": 51,
            "no_price": 49,
            "taker_side": "yes"
        },
        {
            "trade_id": "ea7cc5b5-3ce5-4185-8713-4456c14fc3a8",
            "ticker": "HIGHCHI-24OCT02-B72.5",
            "count": 45,
            "created_time": "2024-10-02T01:50:06.038393Z",
            "yes_price": 50,
            "no_price": 50,
            "taker_side": "no"
        },
        {
            "trade_id": "1c2a241e-9993-40db-984f-95bbfe819519",
            "ticker": "HIGHCHI-24OCT02-B72.5",
            "count": 45,
            "created_time": "2024-10-02T01:49:34.770252Z",
            "yes_price": 50,
            "no_price": 50,
            "taker_side": "yes"
        },
        {
            "trade_id": "46d63608-4755-4e76-b462-601b25a46aaa",
            "ticker": "HIGHCHI-24OCT02-B72.5",
            "count": 91,
            "created_time": "2024-10-02T01:47:34.805534Z",
            "yes_price": 45,
            "no_price": 55,
            "taker_side": "yes"
        },
        {
            "trade_id": "41db08bb-cfb0-430c-a407-5978330e911f",
            "ticker": "HIGHCHI-24OCT02-B72.5",
            "count": 40,
            "created_time": "2024-10-01T23:16:11.679688Z",
            "yes_price": 40,
            "no_price": 60,
            "taker_side": "no"
        },
        {
            "trade_id": "e4da248f-1eb5-44da-ba14-2f6f66983615",
            "ticker": "HIGHCHI-24OCT02-B72.5",
            "count": 10,
            "created_time": "2024-10-01T14:39:10.835525Z",
            "yes_price": 42,
            "no_price": 58,
            "taker_side": "no"
        }
    ],
    "HIGHCHI-24OCT02-B74.5": [
        {
            "trade_id": "75f0f45e-c155-4341-ba7a-7e1d035a4e58",
            "ticker": "HIGHCHI-24OCT02-B74.5",
            "count": 3,
            "created_time": "2024-10-02T19:55:37.483709Z",
            "yes_price": 1,
            "no_price": 99,
            "taker_side": "no"
        },
        {
            "trade_id": "549b091a-dcb9-4020-8133-77af91819794",
            "ticker": "HIGHCHI-24OCT02-B74.5",
            "count": 17,
            "created_time": "2024-10-02T19:55:37.483709Z",
            "yes_price": 1,
            "no_price": 99,
            "taker_side": "no"
        },
        {
            "trade_id": "6e49baed-80ae-4e02-a7e0-bb815c92017d",
            "ticker": "HIGHCHI-24OCT02-B74.5",
            "count": 10,
            "created_time": "2024-10-02T18:59:24.073333Z",
            "yes_price": 1,
            "no_price": 99,
            "taker_side": "no"
        },
        {
            "trade_id": "ad7184d1-7585-432d-a70b-fe6dacbdb27c",
            "ticker": "HIGHCHI-24OCT02-B74.5",
            "count": 23,
            "created_time": "2024-10-02T17:42:56.866299Z",
            "yes_price": 1,
            "no_price": 99,
            "taker_side": "no"
        },
        {
            "trade_id": "15cc8dd7-c448-4a72-bbb6-7d02e1b68881",
            "ticker": "HIGHCHI-24OCT02-B74.5",
            "count": 108,
            "created_time": "2024-10-02T15:26:31.803623Z",
            "yes_price": 18,
            "no_price": 82,
            "taker_side": "no"
        },
        {
            "trade_id": "704b3575-0a31-4842-ae32-f69fab6b8b9e",
            "ticker": "HIGHCHI-24OCT02-B74.5",
            "count": 1,
            "created_time": "2024-10-02T15:07:21.405482Z",
            "yes_price": 26,
            "no_price": 74,
            "taker_side": "yes"
        },
        {
            "trade_id": "b4d4865a-c6b9-490e-b9bf-e6308efbd3c7",
            "ticker": "HIGHCHI-24OCT02-B74.5",
            "count": 1,
            "created_time": "2024-10-02T15:07:07.872938Z",
            "yes_price": 26,
            "no_price": 74,
            "taker_side": "yes"
        },
        {
            "trade_id": "b4824122-b0fc-4e7c-b101-a8902c138eba",
            "ticker": "HIGHCHI-24OCT02-B74.5",
            "count": 30,
            "created_time": "2024-10-02T03:05:34.413195Z",
            "yes_price": 26,
            "no_price": 74,
            "taker_side": "no"
        },
        {
            "trade_id": "7825f544-0d5c-4fe8-9398-c00e42deeb83",
            "ticker": "HIGHCHI-24OCT02-B74.5",
            "count": 15,
            "created_time": "2024-10-02T03:05:26.242146Z",
            "yes_price": 26,
            "no_price": 74,
            "taker_side": "no"
        },
        {
            "trade_id": "2ac1bb86-5d01-44cf-b1dd-d1f2ed488d06",
            "ticker": "HIGHCHI-24OCT02-B74.5",
            "count": 15,
            "created_time": "2024-10-02T03:04:16.782535Z",
            "yes_price": 26,
            "no_price": 74,
            "taker_side": "no"
        },
        {
            "trade_id": "f53f606a-c05b-4d52-8507-2e6c868b1230",
            "ticker": "HIGHCHI-24OCT02-B74.5",
            "count": 23,
            "created_time": "2024-10-02T03:04:03.725208Z",
            "yes_price": 26,
            "no_price": 74,
            "taker_side": "no"
        },
        {
            "trade_id": "96b9c49d-9c41-4e9c-8c29-797b08601122",
            "ticker": "HIGHCHI-24OCT02-B74.5",
            "count": 15,
            "created_time": "2024-10-02T03:02:55.016082Z",
            "yes_price": 26,
            "no_price": 74,
            "taker_side": "no"
        },
        {
            "trade_id": "2636f5bb-506c-4743-9828-81a06dba8f81",
            "ticker": "HIGHCHI-24OCT02-B74.5",
            "count": 30,
            "created_time": "2024-10-02T03:02:44.863276Z",
            "yes_price": 26,
            "no_price": 74,
            "taker_side": "yes"
        },
        {
            "trade_id": "04cbadc7-a542-4959-8860-74aa4ad1b989",
            "ticker": "HIGHCHI-24OCT02-B74.5",
            "count": 90,
            "created_time": "2024-10-02T03:02:44.863276Z",
            "yes_price": 26,
            "no_price": 74,
            "taker_side": "yes"
        },
        {
            "trade_id": "39743bee-ce5e-4b7e-b40c-fc8c2916652d",
            "ticker": "HIGHCHI-24OCT02-B74.5",
            "count": 45,
            "created_time": "2024-10-02T03:02:05.066829Z",
            "yes_price": 25,
            "no_price": 75,
            "taker_side": "no"
        },
        {
            "trade_id": "7b3bc67a-c72d-461c-a4bd-4b368eb208c3",
            "ticker": "HIGHCHI-24OCT02-B74.5",
            "count": 45,
            "created_time": "2024-10-02T03:01:44.572614Z",
            "yes_price": 25,
            "no_price": 75,
            "taker_side": "yes"
        },
        {
            "trade_id": "aed173d7-7e70-4534-988c-6de9434d1abe",
            "ticker": "HIGHCHI-24OCT02-B74.5",
            "count": 75,
            "created_time": "2024-10-02T02:58:33.778815Z",
            "yes_price": 24,
            "no_price": 76,
            "taker_side": "yes"
        },
        {
            "trade_id": "5f477e4a-6756-4b40-9a9c-9e72309976f1",
            "ticker": "HIGHCHI-24OCT02-B74.5",
            "count": 15,
            "created_time": "2024-10-02T01:50:14.722297Z",
            "yes_price": 23,
            "no_price": 77,
            "taker_side": "no"
        },
        {
            "trade_id": "9e761b8e-a4be-499f-9d6d-dd564db0dd3e",
            "ticker": "HIGHCHI-24OCT02-B74.5",
            "count": 105,
            "created_time": "2024-10-02T01:49:57.51939Z",
            "yes_price": 23,
            "no_price": 77,
            "taker_side": "yes"
        },
        {
            "trade_id": "3febcc63-8bae-4f81-a27e-1705969abf61",
            "ticker": "HIGHCHI-24OCT02-B74.5",
            "count": 60,
            "created_time": "2024-10-01T17:12:34.457712Z",
            "yes_price": 17,
            "no_price": 83,
            "taker_side": "no"
        }
    ],
    "HIGHCHI-24OCT02-T75": [
        {
            "trade_id": "5f420705-799a-4479-adb2-83cf51cda418",
            "ticker": "HIGHCHI-24OCT02-T75",
            "count": 20,
            "created_time": "2024-10-02T03:04:03.709846Z",
            "yes_price": 1,
            "no_price": 99,
            "taker_side": "no"
        },
        {
            "trade_id": "0c48e0d4-a1a9-46d3-8601-d25f3bf57816",
            "ticker": "HIGHCHI-24OCT02-T75",
            "count": 3,
            "created_time": "2024-10-02T03:04:03.709846Z",
            "yes_price": 1,
            "no_price": 99,
            "taker_side": "no"
        },
        {
            "trade_id": "ff8fbde8-451a-4bb2-8225-221dd371934f",
            "ticker": "HIGHCHI-24OCT02-T75",
            "count": 30,
            "created_time": "2024-10-02T03:02:45.031601Z",
            "yes_price": 1,
            "no_price": 99,
            "taker_side": "no"
        }
    ]
}