{
    "HIGHCHI-24JAN08-T33": [
        {
            "trade_id": "20de395b-6c24-47d1-9b57-658ec2a01b90",
            "ticker": "HIGHCHI-24JAN08-T33",
            "count": 1,
            "created_time": "2024-01-08T13:00:00.741365Z",
            "yes_price": 1,
            "no_price": 99,
            "taker_side": "no"
        }
    ],
    "HIGHCHI-24JAN08-B33.5": [],
    "HIGHCHI-24JAN08-B35.5": [
        {
            "trade_id": "c3133b0f-7bc5-4469-a136-2ee22993eac3",
            "ticker": "HIGHCHI-24JAN08-B35.5",
            "count": 82,
            "created_time": "2024-01-08T04:01:12.174516Z",
            "yes_price": 19,
            "no_price": 81,
            "taker_side": "yes"
        },
        {
            "trade_id": "dd3089ca-00c8-49b8-950f-337e332600b6",
            "ticker": "HIGHCHI-24JAN08-B35.5",
            "count": 20,
            "created_time": "2024-01-08T04:00:51.773482Z",
            "yes_price": 18,
            "no_price": 82,
            "taker_side": "yes"
        },
        {
            "trade_id": "32538b82-2ddf-4219-9513-6a7ed866e3d7",
            "ticker": "HIGHCHI-24JAN08-B35.5",
            "count": 82,
            "created_time": "2024-01-08T03:57:35.860869Z",
            "yes_price": 19,
            "no_price": 81,
            "taker_side": "yes"
        },
        {
            "trade_id": "b579a925-1e4c-448c-9cb6-b05019ace6ac",
            "ticker": "HIGHCHI-24JAN08-B35.5",
            "count": 41,
            "created_time": "2024-01-08T03:57:27.804941Z",
            "yes_price": 18,
            "no_price": 82,
            "taker_side": "yes"
        },
        {
            "trade_id": "47b235b5-2b84-46c3-9455-098c10bbfe56",
            "ticker": "HIGHCHI-24JAN08-B35.5",
            "count": 15,
            "created_time": "2024-01-07T22:26:37.819834Z",
            "yes_price": 21,
            "no_price": 79,
            "taker_side": "yes"
        },
        {
            "trade_id": "c9cbc221-a51e-42b6-ae4f-7bed9a573b0e",
            "ticker": "HIGHCHI-24JAN08-B35.5",
            "count": 19,
            "created_time": "2024-01-07T20:44:46.438825Z",
            "yes_price": 21,
            "no_price": 79,
            "taker_side": "yes"
        },
        {
            "trade_id": "111bfd14-1175-4f74-928a-578646818bdd",
            "ticker": "HIGHCHI-24JAN08-B35.5",
            "count": 1,
            "created_time": "2024-01-07T20:44:46.438825Z",
            "yes_price": 20,
            "no_price": 80,
            "taker_side": "yes"
        },
        {
            "trade_id": "e24b87c7-c778-4f0e-bde7-b26216658dae",
            "ticker": "HIGHCHI-24JAN08-B35.5",
            "count": 96,
            "created_time": "2024-01-07T17:29:07.619116Z",
            "yes_price": 18,
            "no_price": 82,
            "taker_side": "yes"
        },
        {
            "trade_id": "b5d9007d-291c-4e96-a7e6-f6fc5a67cfac",
            "ticker": "HIGHCHI-24JAN08-B35.5",
            "count": 96,
            "created_time": "2024-01-07T17:28:57.421619Z",
            "yes_price": 17,
            "no_price": 83,
            "taker_side": "yes"
        },
        {
            "trade_id": "979a905c-27e5-43b5-950a-5a9d6fdbf9b2",
            "ticker": "HIGHCHI-24JAN08-B35.5",
            "count": 108,
            "created_time": "2024-01-07T17:28:48.38203Z",
            "yes_price": 16,
            "no_price": 84,
            "taker_side": "yes"
        },
        {
            "trade_id": "ccfe7a24-00da-4d8b-8bba-4a2b37203735",
            "ticker": "HIGHCHI-24JAN08-B35.5",
            "count": 36,
            "created_time": "2024-01-07T17:28:40.755528Z",
            "yes_price": 15,
            "no_price": 85,
            "taker_side": "yes"
        },
        {
            "trade_id": "4ea4987d-e040-4959-b6c5-63fb7228bfaf",
            "ticker": "HIGHCHI-24JAN08-B35.5",
            "count": 96,
            "created_time": "2024-01-07T15:59:23.635193Z",
            "yes_price": 12,
            "no_price": 88,
            "taker_side": "no"
        }
    ],
    "HIGHCHI-24JAN08-B37.5": [
        {
            "trade_id": "b791736f-5b95-4b9f-8dbc-58c40263ae17",
            "ticker": "HIGHCHI-24JAN08-B37.5",
            "count": 26,
            "created_time": "2024-01-08T17:02:20.908562Z",
            "yes_price": 52,
            "no_price": 48,
            "taker_side": "no"
        },
        {
            "trade_id": "60dc04aa-6010-44ba-94b6-88ccf49a39d6",
            "ticker": "HIGHCHI-24JAN08-B37.5",
            "count": 31,
            "created_time": "2024-01-08T17:02:20.908562Z",
            "yes_price": 54,
            "no_price": 46,
            "taker_side": "no"
        },
        {
            "trade_id": "34677d4a-f97c-46bb-8df9-753a6b566435",
            "ticker": "HIGHCHI-24JAN08-B37.5",
            "count": 12,
            "created_time": "2024-01-08T17:02:20.908562Z",
            "yes_price": 56,
            "no_price": 44,
            "taker_side": "no"
        },
        {
            "trade_id": "06762003-8d2b-439e-92d7-768f0d315ded",
            "ticker": "HIGHCHI-24JAN08-B37.5",
            "count": 15,
            "created_time": "2024-01-08T16:26:36.876681Z",
            "yes_price": 54,
            "no_price": 46,
            "taker_side": "no"
        },
        {
            "trade_id": "636fc3f8-7c04-4bfe-bf21-29c98783f4d7",
            "ticker": "HIGHCHI-24JAN08-B37.5",
            "count": 50,
            "created_time": "2024-01-08T16:26:32.848608Z",
            "yes_price": 51,
            "no_price": 49,
            "taker_side": "yes"
        },
        {
            "trade_id": "420b6b21-30c0-42ee-a53c-74a0c1c34058",
            "ticker": "HIGHCHI-24JAN08-B37.5",
            "count": 50,
            "created_time": "2024-01-08T16:26:32.848608Z",
            "yes_price": 54,
            "no_price": 46,
            "taker_side": "yes"
        },
        {
            "trade_id": "1bece866-3a80-4eca-a8b7-386a4c6a76ac",
            "ticker": "HIGHCHI-24JAN08-B37.5",
            "count": 10,
            "created_time": "2024-01-08T16:26:32.848608Z",
            "yes_price": 49,
            "no_price": 51,
            "taker_side": "yes"
        },
        {
            "trade_id": "51c3df70-c1a5-4db4-a4c7-e64cd06ca52b",
            "ticker": "HIGHCHI-24JAN08-B37.5",
            "count": 12,
            "created_time": "2024-01-08T16:01:16.895275Z",
            "yes_price": 46,
            "no_price": 54,
            "taker_side": "yes"
        },
        {
            "trade_id": "6561c057-31fb-4dfc-98a1-b126d57905ce",
            "ticker": "HIGHCHI-24JAN08-B37.5",
            "count": 1,
            "created_time": "2024-01-08T14:52:31.941266Z",
            "yes_price": 48,
            "no_price": 52,
            "taker_side": "no"
        },
        {
            "trade_id": "d62503e3-3a6b-46e8-adae-64254c9516a7",
            "ticker": "HIGHCHI-24JAN08-B37.5",
            "count": 68,
            "created_time": "2024-01-08T14:52:31.931506Z",
            "yes_price": 48,
            "no_price": 52,
            "taker_side": "no"
        },
        {
            "trade_id": "62e279e2-004c-406a-8d1d-6436fe28706e",
            "ticker": "HIGHCHI-24JAN08-B37.5",
            "count": 10,
            "created_time": "2024-01-08T13:41:59.575298Z",
            "yes_price": 56,
            "no_price": 44,
            "taker_side": "yes"
        },
        {
            "trade_id": "f5df19cd-5646-4141-a3bb-a9d850dce88e",
            "ticker": "HIGHCHI-24JAN08-B37.5",
            "count": 9,
            "created_time": "2024-01-08T04:48:08.179634Z",
            "yes_price": 50,
            "no_price": 50,
            "taker_side": "yes"
        },
        {
            "trade_id": "cf780771-403e-4ffd-afa0-bd041624a25e",
            "ticker": "HIGHCHI-24JAN08-B37.5",
            "count": 51,
            "created_time": "2024-01-08T04:01:47.323548Z",
            "yes_price": 45,
            "no_price": 55,
            "taker_side": "yes"
        },
        {
            "trade_id": "540705c0-1e41-45c7-8a66-54fa44a34ddc",
            "ticker": "HIGHCHI-24JAN08-B37.5",
            "count": 20,
            "created_time": "2024-01-08T04:01:26.461769Z",
            "yes_price": 44,
            "no_price": 56,
            "taker_side": "yes"
        },
        {
            "trade_id": "69f42da6-8c48-4184-9fdc-a564cb3e5c0a",
            "ticker": "HIGHCHI-24JAN08-B37.5",
            "count": 8,
            "created_time": "2024-01-08T00:44:32.147286Z",
            "yes_price": 40,
            "no_price": 60,
            "taker_side": "yes"
        },
        {
            "trade_id": "fe3e18e8-6bbb-4cc4-9536-e3d3aca4c472",
            "ticker": "HIGHCHI-24JAN08-B37.5",
            "count": 2,
            "created_time": "2024-01-08T00:30:30.238069Z",
            "yes_price": 40,
            "no_price": 60,
            "taker_side": "no"
        },
        {
            "trade_id": "f98e7d4d-c94d-4411-95a5-247990209d4b",
            "ticker": "HIGHCHI-24JAN08-B37.5",
            "count": 20,
            "created_time": "2024-01-07T20:44:57.360741Z",
            "yes_price": 44,
            "no_price": 56,
            "taker_side": "yes"
        },
        {
            "trade_id": "12df5a67-f657-4689-b193-d991e56dbab0",
            "ticker": "HIGHCHI-24JAN08-B37.5",
            "count": 1,
            "created_time": "2024-01-07T17:30:19.481178Z",
            "yes_price": 36,
            "no_price": 64,
            "taker_side": "no"
        },
        {
            "trade_id": "de88b90d-3351-4c2d-8e6e-6a197cd8368a",
            "ticker": "HIGHCHI-24JAN08-B37.5",
            "count": 60,
            "created_time": "2024-01-07T17:28:24.251353Z",
            "yes_price": 44,
            "no_price": 56,
            "taker_side": "yes"
        },
        {
            "trade_id": "0817e2fe-dfce-4c5d-b4e3-47c0769a6161",
            "ticker": "HIGHCHI-24JAN08-B37.5",
            "count": 48,
            "created_time": "2024-01-07T17:28:09.746192Z",
            "yes_price": 43,
            "no_price": 57,
            "taker_side": "yes"
        },
        {
            "trade_id": "f94f98f8-bfbc-42e4-8afb-6473002fbe9d",
            "ticker": "HIGHCHI-24JAN08-B37.5",
            "count": 60,
            "created_time": "2024-01-07T17:28:00.894643Z",
            "yes_price": 41,
            "no_price": 59,
            "taker_side": "yes"
        },
        {
            "trade_id": "c2d7abdb-5f4d-4c18-868b-5d3ca065e9c2",
            "ticker": "HIGHCHI-24JAN08-B37.5",
            "count": 60,
            "created_time": "2024-01-07T17:27:53.08282Z",
            "yes_price": 40,
            "no_price": 60,
            "taker_side": "yes"
        },
        {
            "trade_id": "21ff6014-433a-42b7-9f35-b653a227b66a",
            "ticker": "HIGHCHI-24JAN08-B37.5",
            "count": 24,
            "created_time": "2024-01-07T17:27:44.672863Z",
            "yes_price": 39,
            "no_price": 61,
            "taker_side": "yes"
        }
    ],
    "HIGHCHI-24JAN08-B39.5": [
        {
            "trade_id": "4b783b07-9100-4ab7-b858-c91105e37a66",
            "ticker": "HIGHCHI-24JAN08-B39.5",
            "count": 12,
            "created_time": "2024-01-09T00:04:22.692339Z",
            "yes_price": 5,
            "no_price": 95,
            "taker_side": "no"
        },
        {
            "trade_id": "a9ab0dc9-4b86-4cf7-b0c5-a852b23e809a",
            "ticker": "HIGHCHI-24JAN08-B39.5",
            "count": 30,
            "created_time": "2024-01-08T16:26:59.916415Z",
            "yes_price": 28,
            "no_price": 72,
            "taker_side": "no"
        },
        {
            "trade_id": "4fa68ac9-b36d-4970-a264-ce8a00101633",
            "ticker": "HIGHCHI-24JAN08-B39.5",
            "count": 50,
            "created_time": "2024-01-08T16:26:59.916415Z",
            "yes_price": 26,
            "no_price": 74,
            "taker_side": "no"
        },
        {
            "trade_id": "2de9fada-ba85-4da1-8775-f09e26694620",
            "ticker": "HIGHCHI-24JAN08-B39.5",
            "count": 50,
            "created_time": "2024-01-08T16:26:59.916415Z",
            "yes_price": 24,
            "no_price": 76,
            "taker_side": "no"
        },
        {
            "trade_id": "e7939d9b-dc6b-4f13-8c0e-0a75ce92fe71",
            "ticker": "HIGHCHI-24JAN08-B39.5",
            "count": 25,
            "created_time": "2024-01-08T16:26:19.955934Z",
            "yes_price": 36,
            "no_price": 64,
            "taker_side": "no"
        },
        {
            "trade_id": "9cee447d-9cb8-4224-94b9-4d567d272144",
            "ticker": "HIGHCHI-24JAN08-B39.5",
            "count": 50,
            "created_time": "2024-01-08T16:26:19.955934Z",
            "yes_price": 32,
            "no_price": 68,
            "taker_side": "no"
        },
        {
            "trade_id": "548cb4c1-e1c0-4ab0-b607-65d693817691",
            "ticker": "HIGHCHI-24JAN08-B39.5",
            "count": 50,
            "created_time": "2024-01-08T16:26:19.955934Z",
            "yes_price": 34,
            "no_price": 66,
            "taker_side": "no"
        },
        {
            "trade_id": "c386d923-bedc-4c25-9dae-9d9a794495ec",
            "ticker": "HIGHCHI-24JAN08-B39.5",
            "count": 12,
            "created_time": "2024-01-08T16:23:37.71492Z",
            "yes_price": 37,
            "no_price": 63,
            "taker_side": "no"
        },
        {
            "trade_id": "f9812d8a-e4fc-47e4-a103-a997f3642ae5",
            "ticker": "HIGHCHI-24JAN08-B39.5",
            "count": 15,
            "created_time": "2024-01-08T16:00:12.044812Z",
            "yes_price": 37,
            "no_price": 63,
            "taker_side": "no"
        },
        {
            "trade_id": "caec10ce-d1d0-4ff1-9c68-7d243291d897",
            "ticker": "HIGHCHI-24JAN08-B39.5",
            "count": 10,
            "created_time": "2024-01-08T15:29:17.316893Z",
            "yes_price": 38,
            "no_price": 62,
            "taker_side": "no"
        },
        {
            "trade_id": "640e0d32-9864-4589-9df2-6f741e56d850",
            "ticker": "HIGHCHI-24JAN08-B39.5",
            "count": 58,
            "created_time": "2024-01-08T13:58:37.262123Z",
            "yes_price": 23,
            "no_price": 77,
            "taker_side": "no"
        },
        {
            "trade_id": "eb9c6cfb-ec44-44dc-861b-1eb4cbb7c0e8",
            "ticker": "HIGHCHI-24JAN08-B39.5",
            "count": 41,
            "created_time": "2024-01-08T13:58:22.41769Z",
            "yes_price": 24,
            "no_price": 76,
            "taker_side": "no"
        },
        {
            "trade_id": "5702a68c-f6c8-4a70-a4d8-bfad2b067586",
            "ticker": "HIGHCHI-24JAN08-B39.5",
            "count": 8,
            "created_time": "2024-01-08T13:47:40.804004Z",
            "yes_price": 25,
            "no_price": 75,
            "taker_side": "no"
        },
        {
            "trade_id": "7ec26fae-702e-462a-a8e0-b59779705143",
            "ticker": "HIGHCHI-24JAN08-B39.5",
            "count": 1,
            "created_time": "2024-01-08T03:28:36.178288Z",
            "yes_price": 23,
            "no_price": 77,
            "taker_side": "yes"
        },
        {
            "trade_id": "e26e094d-996c-4438-a403-454a0ca0cc66",
            "ticker": "HIGHCHI-24JAN08-B39.5",
            "count": 4,
            "created_time": "2024-01-08T00:30:30.289317Z",
            "yes_price": 11,
            "no_price": 89,
            "taker_side": "no"
        },
        {
            "trade_id": "a93337b5-c4ec-4dc5-a1d3-eede8af0f27d",
            "ticker": "HIGHCHI-24JAN08-B39.5",
            "count": 1,
            "created_time": "2024-01-07T17:30:20.054762Z",
            "yes_price": 28,
            "no_price": 72,
            "taker_side": "no"
        },
        {
            "trade_id": "90ac2ea5-867f-4d34-bc31-b30e1d875652",
            "ticker": "HIGHCHI-24JAN08-B39.5",
            "count": 10,
            "created_time": "2024-01-07T17:26:23.692431Z",
            "yes_price": 32,
            "no_price": 68,
            "taker_side": "no"
        }
    ],
    "HIGHCHI-24JAN08-T40": [
        {
            "trade_id": "f77ed8a4-3588-4bf9-a6aa-33795915dcf1",
            "ticker": "HIGHCHI-24JAN08-T40",
            "count": 200,
            "created_time": "2024-01-08T18:57:54.158172Z",
            "yes_price": 1,
            "no_price": 99,
            "taker_side": "no"
        },
        {
            "trade_id": "dcc99398-a68e-4fef-beee-67194452ca2a",
            "ticker": "HIGHCHI-24JAN08-T40",
            "count": 24,
            "created_time": "2024-01-08T18:57:54.158172Z",
            "yes_price": 1,
            "no_price": 99,
            "taker_side": "no"
        },
        {
            "trade_id": "de91e29b-ee5f-43ef-919b-d28bc0634875",
            "ticker": "HIGHCHI-24JAN08-T40",
            "count": 24,
            "created_time": "2024-01-07T17:12:46.49678Z",
            "yes_price": 10,
            "no_price": 90,
            "taker_side": "no"
        },
        {
            "trade_id": "34a7abeb-38be-48f9-b26f-c23ff646a9a7",
            "ticker": "HIGHCHI-24JAN08-T40",
            "count": 121,
            "created_time": "2024-01-07T15:59:05.563911Z",
            "yes_price": 10,
            "no_price": 90,
            "taker_side": "no"
        }
    ]
}