{
    "KXHIGHCHI-24DEC17-T36": [],
    "KXHIGHCHI-24DEC17-B36.5": [
        {
            "trade_id": "d24af807-1898-4cd0-b61f-69a89db4048a",
            "ticker": "KXHIGHCHI-24DEC17-B36.5",
            "count": 120,
            "created_time": "2024-12-17T16:02:32.064472Z",
            "yes_price": 1,
            "no_price": 99,
            "taker_side": "yes"
        },
        {
            "trade_id": "89ccb07d-4105-451d-89ef-411c7a188eca",
            "ticker": "KXHIGHCHI-24DEC17-B36.5",
            "count": 108,
            "created_time": "2024-12-17T14:06:36.73166Z",
            "yes_price": 1,
            "no_price": 99,
            "taker_side": "no"
        },
        {
            "trade_id": "d96aefb8-7d7a-4a3f-9f93-3e19fdd4026a",
            "ticker": "KXHIGHCHI-24DEC17-B36.5",
            "count": 111,
            "created_time": "2024-12-17T14:02:52.302571Z",
            "yes_price": 1,
            "no_price": 99,
            "taker_side": "no"
        },
        {
            "trade_id": "fe545e65-c09a-44d3-9c54-8042b7253cf0",
            "ticker": "KXHIGHCHI-24DEC17-B36.5",
            "count": 101,
            "created_time": "2024-12-17T14:02:27.252152Z",
            "yes_price": 1,
            "no_price": 99,
            "taker_side": "no"
        },
        {
            "trade_id": "df4bc92a-258f-4a93-ba35-5d433b4f8bd2",
            "ticker": "KXHIGHCHI-24DEC17-B36.5",
            "count": 20,
            "created_time": "2024-12-17T14:01:23.562391Z",
            "yes_price": 2,
            "no_price": 98,
            "taker_side": "yes"
        },
        {
            "trade_id": "8d07494f-4c0c-4ae0-b1cd-ca346f0d4101",
            "ticker": "KXHIGHCHI-24DEC17-B36.5",
            "count": 500,
            "created_time": "2024-12-17T14:01:23.562391Z",
            "yes_price": 2,
            "no_price": 98,
            "taker_side": "yes"
        },
        {
            "trade_id": "0c38bfaf-6b3a-4b28-b48a-b7e1bd9f0252",
            "ticker": "KXHIGHCHI-24DEC17-B36.5",
            "count": 50,
            "created_time": "2024-12-17T07:39:50.381485Z",
            "yes_price": 2,
            "no_price": 98,
            "taker_side": "yes"
        },
        {
            "trade_id": "92acb3ec-5edc-4519-8921-db694d34c22b",
            "ticker": "KXHIGHCHI-24DEC17-B36.5",
            "count": 5,
            "created_time": "2024-12-17T04:25:15.992411Z",
            "yes_price": 2,
            "no_price": 98,
            "taker_side": "no"
        },
        {
            "trade_id": "6a7f17e3-4b27-4524-abd8-53774707fd43",
            "ticker": "KXHIGHCHI-24DEC17-B36.5",
            "count": 6,
            "created_time": "2024-12-17T04:25:06.421967Z",
            "yes_price": 2,
            "no_price": 98,
            "taker_side": "no"
        },
        {
            "trade_id": "30580eca-d591-437a-a1f4-b33fd9727b6e",
            "ticker": "KXHIGHCHI-24DEC17-B36.5",
            "count": 19,
            "created_time": "2024-12-17T04:24:32.917559Z",
            "yes_price": 2,
            "no_price": 98,
            "taker_side": "no"
        },
        {
            "trade_id": "6558abf6-3cfa-461e-ba33-32334bc76131",
            "ticker": "KXHIGHCHI-24DEC17-B36.5",
            "count": 20,
            "created_time": "2024-12-17T03:35:36.552521Z",
            "yes_price": 2,
            "no_price": 98,
            "taker_side": "no"
        },
        {
            "trade_id": "38a087ca-0744-43eb-9764-b59f4c8065ef",
            "ticker": "KXHIGHCHI-24DEC17-B36.5",
            "count": 20,
            "created_time": "2024-12-17T02:31:33.851096Z",
            "yes_price": 2,
            "no_price": 98,
            "taker_side": "no"
        }
    ],
    "KXHIGHCHI-24DEC17-B38.5": [
        {
            "trade_id": "6740c61c-d8d5-4f75-890e-a733840945cf",
            "ticker": "KXHIGHCHI-24DEC17-B38.5",
            "count": 582,
            "created_time": "2024-12-18T03:45:09.620296Z",
            "yes_price": 99,
            "no_price": 1,
            "taker_side": "no"
        },
        {
            "trade_id": "202ee46f-2c5a-4265-aae7-1756652d5e33",
            "ticker": "KXHIGHCHI-24DEC17-B38.5",
            "count": 1918,
            "created_time": "2024-12-18T03:45:09.620296Z",
            "yes_price": 99,
            "no_price": 1,
            "taker_side": "no"
        },
        {
            "trade_id": "2e974ef2-c34e-4c52-9aba-92489e76afdf",
            "ticker": "KXHIGHCHI-24DEC17-B38.5",
            "count": 10,
            "created_time": "2024-12-18T02:45:28.883698Z",
            "yes_price": 99,
            "no_price": 1,
            "taker_side": "no"
        },
        {
            "trade_id": "a25f49d1-de2d-473d-b8d9-30806fd379c5",
            "ticker": "KXHIGHCHI-24DEC17-B38.5",
            "count": 43,
            "created_time": "2024-12-18T00:48:56.274858Z",
            "yes_price": 99,
            "no_price": 1,
            "taker_side": "no"
        },
        {
            "trade_id": "1ef94fec-e085-4c12-ab95-d2f1e2fe51d6",
            "ticker": "KXHIGHCHI-24DEC17-B38.5",
            "count": 30,
            "created_time": "2024-12-18T00:15:22.628983Z",
            "yes_price": 99,
            "no_price": 1,
            "taker_side": "no"
        },
        {
            "trade_id": "7dab7958-6ea4-4237-b58c-5cc81858870c",
            "ticker": "KXHIGHCHI-24DEC17-B38.5",
            "count": 93,
            "created_time": "2024-12-18T00:12:31.568919Z",
            "yes_price": 99,
            "no_price": 1,
            "taker_side": "no"
        },
        {
            "trade_id": "b0486b96-a66d-44d8-99d3-4d85521239b6",
            "ticker": "KXHIGHCHI-24DEC17-B38.5",
            "count": 168,
            "created_time": "2024-12-17T22:51:04.719019Z",
            "yes_price": 99,
            "no_price": 1,
            "taker_side": "no"
        },
        {
            "trade_id": "2e5a130b-52e6-42eb-af23-62549a0a883a",
            "ticker": "KXHIGHCHI-24DEC17-B38.5",
            "count": 200,
            "created_time": "2024-12-17T22:42:15.467853Z",
            "yes_price": 99,
            "no_price": 1,
            "taker_side": "no"
        },
        {
            "trade_id": "a284dd2b-4ceb-41bb-bf0e-865d129d2a38",
            "ticker": "KXHIGHCHI-24DEC17-B38.5",
            "count": 74,
            "created_time": "2024-12-17T22:41:50.413234Z",
            "yes_price": 99,
            "no_price": 1,
            "taker_side": "no"
        },
        {
            "trade_id": "2f8c46ae-de53-4cdb-9a53-252491afe1ec",
            "ticker": "KXHIGHCHI-24DEC17-B38.5",
            "count": 128,
            "created_time": "2024-12-17T22:34:48.316798Z",
            "yes_price": 99,
            "no_price": 1,
            "taker_side": "yes"
        },
        {
            "trade_id": "7d616100-1c6b-4992-b1d7-ac04c4cd9c76",
            "ticker": "KXHIGHCHI-24DEC17-B38.5",
            "count": 797,
            "created_time": "2024-12-17T22:34:41.769627Z",
            "yes_price": 99,
            "no_price": 1,
            "taker_side": "yes"
        },
        {
            "trade_id": "a0b5e7b9-cf02-4eb8-8636-e4131fa772e0",
            "ticker": "KXHIGHCHI-24DEC17-B38.5",
            "count": 10,
            "created_time": "2024-12-17T22:32:56.960228Z",
            "yes_price": 99,
            "no_price": 1,
            "taker_side": "yes"
        },
        {
            "trade_id": "fe5e8249-1396-4fb0-b609-2b988184a2be",
            "ticker": "KXHIGHCHI-24DEC17-B38.5",
            "count": 558,
            "created_time": "2024-12-17T22:32:10.213346Z",
            "yes_price": 99,
            "no_price": 1,
            "taker_side": "yes"
        },
        {
            "trade_id": "cfd0e2c9-b513-4aae-a864-0b9d450b71ef",
            "ticker": "KXHIGHCHI-24DEC17-B38.5",
            "count": 100,
            "created_time": "2024-12-17T22:32:10.213346Z",
            "yes_price": 99,
            "no_price": 1,
            "taker_side": "yes"
        },
        {
            "trade_id": "b26ddaab-e328-41a4-bbd6-7087fdf3e30c",
            "ticker": "KXHIGHCHI-24DEC17-B38.5",
            "count": 369,
            "created_time": "2024-12-17T22:32:10.213346Z",
            "yes_price": 99,
            "no_price": 1,
            "taker_side": "yes"
        },
        {
            "trade_id": "1fef7b71-21b3-4186-ba3a-80ea3a227b62",
            "ticker": "KXHIGHCHI-24DEC17-B38.5",
            "count": 1924,
            "created_time": "2024-12-17T22:32:10.213346Z",
            "yes_price": 99,
            "no_price": 1,
            "taker_side": "yes"
        },
        {
            "trade_id": "1ee300b4-3d96-4f51-b7de-bd26420341f6",
            "ticker": "KXHIGHCHI-24DEC17-B38.5",
            "count": 285,
            "created_time": "2024-12-17T22:32:10.213346Z",
            "yes_price": 99,
            "no_price": 1,
            "taker_side": "yes"
        },
        {
            "trade_id": "165764ec-2a41-44be-817d-aa991604a466",
            "ticker": "KXHIGHCHI-24DEC17-B38.5",
            "count": 826,
            "created_time": "2024-12-17T22:32:10.213346Z",
            "yes_price": 99,
            "no_price": 1,
            "taker_side": "yes"
        },
        {
            "trade_id": "7314f321-5216-40dc-aa58-5902a4656814",
            "ticker": "KXHIGHCHI-24DEC17-B38.5",
            "count": 919,
            "created_time": "2024-12-17T22:21:19.876596Z",
            "yes_price": 96,
            "no_price": 4,
            "taker_side": "yes"
        },
        {
            "trade_id": "5611d8c8-0590-470c-9e31-aa0f8634270a",
            "ticker": "KXHIGHCHI-24DEC17-B38.5",
            "count": 86,
            "created_time": "2024-12-17T22:21:19.876596Z",
            "yes_price": 95,
            "no_price": 5,
            "taker_side": "yes"
        },
        {
            "trade_id": "f8189479-5ee6-4b64-9819-2269d667aa5c",
            "ticker": "KXHIGHCHI-24DEC17-B38.5",
            "count": 50,
            "created_time": "2024-12-17T22:17:51.400629Z",
            "yes_price": 83,
            "no_price": 17,
            "taker_side": "no"
        },
        {
            "trade_id": "a5c383ce-6d49-4d9d-b373-3db272a9771d",
            "ticker": "KXHIGHCHI-24DEC17-B38.5",
            "count": 32,
            "created_time": "2024-12-17T22:17:51.400629Z",
            "yes_price": 83,
            "no_price": 17,
            "taker_side": "no"
        },
        {
            "trade_id": "9193b946-b125-4c81-aa6b-97c9ffbf8cb6",
            "ticker": "KXHIGHCHI-24DEC17-B38.5",
            "count": 50,
            "created_time": "2024-12-17T22:17:51.400629Z",
            "yes_price": 83,
            "no_price": 17,
            "taker_side": "no"
        },
        {
            "trade_id": "87de0bdb-b250-4af5-adc5-a422a3fac809",
            "ticker": "KXHIGHCHI-24DEC17-B38.5",
            "count": 86,
            "created_time": "2024-12-17T22:17:51.400629Z",
            "yes_price": 84,
            "no_price": 16,
            "taker_side": "no"
        },
        {
            "trade_id": "3ed9a7c1-ed1e-44b1-bf2f-c7b884fab34d",
            "ticker": "KXHIGHCHI-24DEC17-B38.5",
            "count": 23,
            "created_time": "2024-12-17T22:17:51.400629Z",
            "yes_price": 85,
            "no_price": 15,
            "taker_side": "no"
        },
        {
            "trade_id": "e30ed1f1-3319-4d2b-b2ff-387f1c919a35",
            "ticker": "KXHIGHCHI-24DEC17-B38.5",
            "count": 1038,
            "created_time": "2024-12-17T22:09:29.358975Z",
            "yes_price": 96,
            "no_price": 4,
            "taker_side": "yes"
        },
        {
            "trade_id": "cb4bbcd7-c44f-41f2-8b1d-bb4e082f70f1",
            "ticker": "KXHIGHCHI-24DEC17-B38.5",
            "count": 1,
            "created_time": "2024-12-17T22:08:42.724837Z",
            "yes_price": 95,
            "no_price": 5,
            "taker_side": "no"
        },
        {
            "trade_id": "6d28d46e-85df-4982-80d2-ecd05df13fc9",
            "ticker": "KXHIGHCHI-24DEC17-B38.5",
            "count": 155,
            "created_time": "2024-12-17T22:08:42.724837Z",
            "yes_price": 94,
            "no_price": 6,
            "taker_side": "no"
        },
        {
            "trade_id": "73bead61-f81c-4f49-a41f-6a491dd8a29f",
            "ticker": "KXHIGHCHI-24DEC17-B38.5",
            "count": 43,
            "created_time": "2024-12-17T22:08:35.585075Z",
            "yes_price": 96,
            "no_price": 4,
            "taker_side": "yes"
        },
        {
            "trade_id": "e9a871d7-728c-4234-b766-3e995762c704",
            "ticker": "KXHIGHCHI-24DEC17-B38.5",
            "count": 1000,
            "created_time": "2024-12-17T22:08:20.230958Z",
            "yes_price": 96,
            "no_price": 4,
            "taker_side": "yes"
        },
        {
            "trade_id": "50e98e12-53cd-423c-95f6-b1baf432fbb0",
            "ticker": "KXHIGHCHI-24DEC17-B38.5",
            "count": 31,
            "created_time": "2024-12-17T22:05:05.192326Z",
            "yes_price": 94,
            "no_price": 6,
            "taker_side": "no"
        },
        {
            "trade_id": "22c376f8-e73e-41b8-a60c-7170457f04e3",
            "ticker": "KXHIGHCHI-24DEC17-B38.5",
            "count": 1,
            "created_time": "2024-12-17T22:03:18.486932Z",
            "yes_price": 94,
            "no_price": 6,
            "taker_side": "no"
        },
        {
            "trade_id": "13984ed2-08b5-4723-8b83-99b680c8af2d",
            "ticker": "KXHIGHCHI-24DEC17-B38.5",
            "count": 2,
            "created_time": "2024-12-17T22:03:03.342222Z",
            "yes_price": 94,
            "no_price": 6,
            "taker_side": "no"
        },
        {
            "trade_id": "b7ed0522-6a63-4c29-b966-ac19851eb6c3",
            "ticker": "KXHIGHCHI-24DEC17-B38.5",
            "count": 15,
            "created_time": "2024-12-17T21:59:03.679653Z",
            "yes_price": 94,
            "no_price": 6,
            "taker_side": "no"
        },
        {
            "trade_id": "dbc05664-80bb-4563-83b7-b8c4563d5274",
            "ticker": "KXHIGHCHI-24DEC17-B38.5",
            "count": 150,
            "created_time": "2024-12-17T21:57:31.184108Z",
            "yes_price": 91,
            "no_price": 9,
            "taker_side": "no"
        },
        {
            "trade_id": "d13654a6-7064-48e2-a860-b7440e7479e2",
            "ticker": "KXHIGHCHI-24DEC17-B38.5",
            "count": 150,
            "created_time": "2024-12-17T21:57:31.184108Z",
            "yes_price": 94,
            "no_price": 6,
            "taker_side": "no"
        },
        {
            "trade_id": "be671bd4-61f8-4ca7-936c-fcf577c69612",
            "ticker": "KXHIGHCHI-24DEC17-B38.5",
            "count": 5970,
            "created_time": "2024-12-17T21:57:31.184108Z",
            "yes_price": 93,
            "no_price": 7,
            "taker_side": "no"
        },
        {
            "trade_id": "b2f95d1d-9515-414b-8f4e-70cc0cd29595",
            "ticker": "KXHIGHCHI-24DEC17-B38.5",
            "count": 500,
            "created_time": "2024-12-17T21:57:31.184108Z",
            "yes_price": 92,
            "no_price": 8,
            "taker_side": "no"
        },
        {
            "trade_id": "b1a9e6a5-e607-46a1-b01d-9dab5392fff7",
            "ticker": "KXHIGHCHI-24DEC17-B38.5",
            "count": 150,
            "created_time": "2024-12-17T21:57:31.184108Z",
            "yes_price": 91,
            "no_price": 9,
            "taker_side": "no"
        },
        {
            "trade_id": "9fdf1e1d-18e2-439e-8e67-ef19c38867d7",
            "ticker": "KXHIGHCHI-24DEC17-B38.5",
            "count": 150,
            "created_time": "2024-12-17T21:57:31.184108Z",
            "yes_price": 91,
            "no_price": 9,
            "taker_side": "no"
        },
        {
            "trade_id": "71deaa16-132c-4690-bcee-85affd137a7b",
            "ticker": "KXHIGHCHI-24DEC17-B38.5",
            "count": 150,
            "created_time": "2024-12-17T21:57:31.184108Z",
            "yes_price": 91,
            "no_price": 9,
            "taker_side": "no"
        },
        {
            "trade_id": "3ddb679a-021d-4f9e-b586-d98ac5c8260d",
            "ticker": "KXHIGHCHI-24DEC17-B38.5",
            "count": 150,
            "created_time": "2024-12-17T21:57:31.184108Z",
            "yes_price": 91,
            "no_price": 9,
            "taker_side": "no"
        },
        {
            "trade_id": "2c61e0b5-4c80-43bf-817e-967ec3471a2f",
            "ticker": "KXHIGHCHI-24DEC17-B38.5",
            "count": 150,
            "created_time": "2024-12-17T21:57:31.184108Z",
            "yes_price": 91,
            "no_price": 9,
            "taker_side": "no"
        },
        {
            "trade_id": "1c3d68a4-d4dc-41b2-8420-d9428c6bb721",
            "ticker": "KXHIGHCHI-24DEC17-B38.5",
            "count": 500,
            "created_time": "2024-12-17T21:57:31.184108Z",
            "yes_price": 91,
            "no_price": 9,
            "taker_side": "no"
        },
        {
            "trade_id": "95ee2e12-09bb-44c1-a8bf-a35d160424e2",
            "ticker": "KXHIGHCHI-24DEC17-B38.5",
            "count": 150,
            "created_time": "2024-12-17T21:57:17.057228Z",
            "yes_price": 93,
            "no_price": 7,
            "taker_side": "no"
        },
        {
            "trade_id": "2d4ae5c8-601d-485d-99dc-91db0352087e",
            "ticker": "KXHIGHCHI-24DEC17-B38.5",
            "count": 80,
            "created_time": "2024-12-17T21:57:17.057228Z",
            "yes_price": 93,
            "no_price": 7,
            "taker_side": "no"
        },
        {
            "trade_id": "22a8f7a8-abb0-4d10-9657-fb5981712aae",
            "ticker": "KXHIGHCHI-24DEC17-B38.5",
            "count": 10,
            "created_time": "2024-12-17T21:57:17.057228Z",
            "yes_price": 96,
            "no_price": 4,
            "taker_side": "no"
        },
        {
            "trade_id": "154f6cdd-50dd-417a-95d9-831a854ef96e",
            "ticker": "KXHIGHCHI-24DEC17-B38.5",
            "count": 150,
            "created_time": "2024-12-17T21:57:17.057228Z",
            "yes_price": 93,
            "no_price": 7,
            "taker_side": "no"
        },
        {
            "trade_id": "fa7cd3bd-3d84-4bb5-a0ea-7afc2aaea32e",
            "ticker": "KXHIGHCHI-24DEC17-B38.5",
            "count": 200,
            "created_time": "2024-12-17T21:54:39.693088Z",
            "yes_price": 96,
            "no_price": 4,
            "taker_side": "yes"
        },
        {
            "trade_id": "a9edf7d3-6d7a-4ce5-88ed-e88f710b1505",
            "ticker": "KXHIGHCHI-24DEC17-B38.5",
            "count": 17,
            "created_time": "2024-12-17T21:54:04.140445Z",
            "yes_price": 97,
            "no_price": 3,
            "taker_side": "yes"
        },
        {
            "trade_id": "9c484d02-0473-4d02-af8c-45be24576645",
            "ticker": "KXHIGHCHI-24DEC17-B38.5",
            "count": 3,
            "created_time": "2024-12-17T21:51:46.553488Z",
            "yes_price": 93,
            "no_price": 7,
            "taker_side": "no"
        },
        {
            "trade_id": "724c0c9b-8690-4e93-8378-245a126900db",
            "ticker": "KXHIGHCHI-24DEC17-B38.5",
            "count": 197,
            "created_time": "2024-12-17T21:51:46.553488Z",
            "yes_price": 93,
            "no_price": 7,
            "taker_side": "no"
        },
        {
            "trade_id": "5cc58f85-1698-4b36-be54-2e1572ee70a5",
            "ticker": "KXHIGHCHI-24DEC17-B38.5",
            "count": 500,
            "created_time": "2024-12-17T21:51:46.553488Z",
            "yes_price": 93,
            "no_price": 7,
            "taker_side": "no"
        },
        {
            "trade_id": "08c0eab8-d309-414a-a544-9d596a2278e7",
            "ticker": "KXHIGHCHI-24DEC17-B38.5",
            "count": 5,
            "created_time": "2024-12-17T21:51:16.049403Z",
            "yes_price": 97,
            "no_price": 3,
            "taker_side": "yes"
        },
        {
            "trade_id": "c1c17437-4bef-4bc7-a80e-f5da4e16cad9",
            "ticker": "KXHIGHCHI-24DEC17-B38.5",
            "count": 45,
            "created_time": "2024-12-17T21:50:22.417204Z",
            "yes_price": 97,
            "no_price": 3,
            "taker_side": "yes"
        },
        {
            "trade_id": "cdf2edc7-ae02-4771-942e-2dc0c5d22691",
            "ticker": "KXHIGHCHI-24DEC17-B38.5",
            "count": 303,
            "created_time": "2024-12-17T21:50:14.009818Z",
            "yes_price": 93,
            "no_price": 7,
            "taker_side": "no"
        },
        {
            "trade_id": "7c3e7100-59e1-4777-aa0c-3b8cdad1d9e5",
            "ticker": "KXHIGHCHI-24DEC17-B38.5",
            "count": 1000,
            "created_time": "2024-12-17T21:48:32.476229Z",
            "yes_price": 97,
            "no_price": 3,
            "taker_side": "yes"
        },
        {
            "trade_id": "9b3dfaea-7c78-4e3e-b741-2dfc232c299e",
            "ticker": "KXHIGHCHI-24DEC17-B38.5",
            "count": 80,
            "created_time": "2024-12-17T21:48:05.392961Z",
            "yes_price": 94,
            "no_price": 6,
            "taker_side": "no"
        },
        {
            "trade_id": "376e87d9-a065-480a-8fe8-1cce96745d92",
            "ticker": "KXHIGHCHI-24DEC17-B38.5",
            "count": 187,
            "created_time": "2024-12-17T21:48:05.392961Z",
            "yes_price": 94,
            "no_price": 6,
            "taker_side": "no"
        },
        {
            "trade_id": "62bb00d0-2b49-4807-aff9-36990006c4e6",
            "ticker": "KXHIGHCHI-24DEC17-B38.5",
            "count": 150,
            "created_time": "2024-12-17T21:46:37.746852Z",
            "yes_price": 96,
            "no_price": 4,
            "taker_side": "yes"
        },
        {
            "trade_id": "e04eccd6-62db-45e4-ba84-8eaab830f876",
            "ticker": "KXHIGHCHI-24DEC17-B38.5",
            "count": 184,
            "created_time": "2024-12-17T21:43:54.010603Z",
            "yes_price": 94,
            "no_price": 6,
            "taker_side": "no"
        },
        {
            "trade_id": "7915a039-87cf-409f-8fe6-90a25f3b80d2",
            "ticker": "KXHIGHCHI-24DEC17-B38.5",
            "count": 346,
            "created_time": "2024-12-17T21:39:00.40816Z",
            "yes_price": 94,
            "no_price": 6,
            "taker_side": "no"
        },
        {
            "trade_id": "498ba243-9043-458e-883a-7ccef570ee2d",
            "ticker": "KXHIGHCHI-24DEC17-B38.5",
            "count": 129,
            "created_time": "2024-12-17T21:39:00.40816Z",
            "yes_price": 94,
            "no_price": 6,
            "taker_side": "no"
        },
        {
            "trade_id": "673b7158-a5c2-4464-b39d-54f4a9451525",
            "ticker": "KXHIGHCHI-24DEC17-B38.5",
            "count": 119,
            "created_time": "2024-12-17T21:38:47.332156Z",
            "yes_price": 94,
            "no_price": 6,
            "taker_side": "no"
        },
        {
            "trade_id": "876fb18f-460a-4a02-abf9-a99f2bd60ed1",
            "ticker": "KXHIGHCHI-24DEC17-B38.5",
            "count": 1,
            "created_time": "2024-12-17T21:33:21.242051Z",
            "yes_price": 98,
            "no_price": 2,
            "taker_side": "yes"
        },
        {
            "trade_id": "9a0832fa-d23b-4dcc-8e4d-47511be18a3d",
            "ticker": "KXHIGHCHI-24DEC17-B38.5",
            "count": 17,
            "created_time": "2024-12-17T21:33:06.06341Z",
            "yes_price": 94,
            "no_price": 6,
            "taker_side": "no"
        },
        {
            "trade_id": "754511e8-a9be-4511-ae63-ea26e945dfc6",
            "ticker": "KXHIGHCHI-24DEC17-B38.5",
            "count": 18,
            "created_time": "2024-12-17T21:32:23.958921Z",
            "yes_price": 94,
            "no_price": 6,
            "taker_side": "no"
        },
        {
            "trade_id": "54eafae6-2bf3-472d-a0c7-4e5e05807a97",
            "ticker": "KXHIGHCHI-24DEC17-B38.5",
            "count": 150,
            "created_time": "2024-12-17T21:32:23.958921Z",
            "yes_price": 94,
            "no_price": 6,
            "taker_side": "no"
        },
        {
            "trade_id": "1fbc4699-bc82-4e13-b942-bf846d033b3b",
            "ticker": "KXHIGHCHI-24DEC17-B38.5",
            "count": 25,
            "created_time": "2024-12-17T21:32:23.958921Z",
            "yes_price": 94,
            "no_price": 6,
            "taker_side": "no"
        },
        {
            "trade_id": "8c5ef9a5-2aea-477c-ab2a-58b678f19e90",
            "ticker": "KXHIGHCHI-24DEC17-B38.5",
            "count": 25,
            "created_time": "2024-12-17T21:31:45.575677Z",
            "yes_price": 95,
            "no_price": 5,
            "taker_side": "no"
        },
        {
            "trade_id": "0f576772-7931-4df7-a8ea-0473e858d5fb",
            "ticker": "KXHIGHCHI-24DEC17-B38.5",
            "count": 75,
            "created_time": "2024-12-17T21:31:45.575677Z",
            "yes_price": 95,
            "no_price": 5,
            "taker_side": "no"
        },
        {
            "trade_id": "6f384d49-1bf6-4fa9-b530-9d8a87cdfeed",
            "ticker": "KXHIGHCHI-24DEC17-B38.5",
            "count": 350,
            "created_time": "2024-12-17T21:31:40.774229Z",
            "yes_price": 95,
            "no_price": 5,
            "taker_side": "no"
        },
        {
            "trade_id": "55baa11e-0741-4781-b284-f52269bd28fc",
            "ticker": "KXHIGHCHI-24DEC17-B38.5",
            "count": 75,
            "created_time": "2024-12-17T21:30:17.966182Z",
            "yes_price": 95,
            "no_price": 5,
            "taker_side": "no"
        },
        {
            "trade_id": "260141d3-c315-43ad-a21c-efc2be6a695f",
            "ticker": "KXHIGHCHI-24DEC17-B38.5",
            "count": 213,
            "created_time": "2024-12-17T21:30:17.966182Z",
            "yes_price": 97,
            "no_price": 3,
            "taker_side": "no"
        },
        {
            "trade_id": "d88978af-735f-4554-9abd-cda3ae8c5763",
            "ticker": "KXHIGHCHI-24DEC17-B38.5",
            "count": 132,
            "created_time": "2024-12-17T21:29:22.366746Z",
            "yes_price": 97,
            "no_price": 3,
            "taker_side": "no"
        },
        {
            "trade_id": "ea13ba7b-b039-4d5b-809b-fd628bd102d4",
            "ticker": "KXHIGHCHI-24DEC17-B38.5",
            "count": 170,
            "created_time": "2024-12-17T21:29:05.815225Z",
            "yes_price": 97,
            "no_price": 3,
            "taker_side": "no"
        },
        {
            "trade_id": "b63915ee-41bc-45b8-bc7d-84700f25a7ca",
            "ticker": "KXHIGHCHI-24DEC17-B38.5",
            "count": 58,
            "created_time": "2024-12-17T21:28:57.0349Z",
            "yes_price": 97,
            "no_price": 3,
            "taker_side": "no"
        },
        {
            "trade_id": "e9426e45-6601-4e46-a429-a13787939195",
            "ticker": "KXHIGHCHI-24DEC17-B38.5",
            "count": 5,
            "created_time": "2024-12-17T21:28:53.316281Z",
            "yes_price": 98,
            "no_price": 2,
            "taker_side": "no"
        },
        {
            "trade_id": "48524310-1481-4119-b12f-fb423d14454a",
            "ticker": "KXHIGHCHI-24DEC17-B38.5",
            "count": 94,
            "created_time": "2024-12-17T21:28:50.801809Z",
            "yes_price": 97,
            "no_price": 3,
            "taker_side": "no"
        },
        {
            "trade_id": "774dd706-bdf9-4dd1-b340-049ce8558cb8",
            "ticker": "KXHIGHCHI-24DEC17-B38.5",
            "count": 26,
            "created_time": "2024-12-17T21:27:38.888866Z",
            "yes_price": 97,
            "no_price": 3,
            "taker_side": "no"
        },
        {
            "trade_id": "553c7f2c-8418-4fac-9a3c-dd14dec40510",
            "ticker": "KXHIGHCHI-24DEC17-B38.5",
            "count": 261,
            "created_time": "2024-12-17T21:27:01.575986Z",
            "yes_price": 97,
            "no_price": 3,
            "taker_side": "no"
        },
        {
            "trade_id": "cd22bf8b-a4ce-48e3-ae24-a8100afb96b2",
            "ticker": "KXHIGHCHI-24DEC17-B38.5",
            "count": 24,
            "created_time": "2024-12-17T21:23:00.614639Z",
            "yes_price": 99,
            "no_price": 1,
            "taker_side": "yes"
        },
        {
            "trade_id": "058f01da-7881-43b2-ab09-1fc53c93764c",
            "ticker": "KXHIGHCHI-24DEC17-B38.5",
            "count": 50,
            "created_time": "2024-12-17T21:22:40.22135Z",
            "yes_price": 99,
            "no_price": 1,
            "taker_side": "yes"
        },
        {
            "trade_id": "3358fe2a-9f32-49b4-9982-572af29a94a6",
            "ticker": "KXHIGHCHI-24DEC17-B38.5",
            "count": 629,
            "created_time": "2024-12-17T21:21:37.248114Z",
            "yes_price": 98,
            "no_price": 2,
            "taker_side": "yes"
        },
        {
            "trade_id": "b6874bd5-3f5b-47b2-bbd4-3895f305c22a",
            "ticker": "KXHIGHCHI-24DEC17-B38.5",
            "count": 200,
            "created_time": "2024-12-17T21:20:50.234908Z",
            "yes_price": 98,
            "no_price": 2,
            "taker_side": "yes"
        },
        {
            "trade_id": "9f53223d-6d55-480b-9007-f3e405351e4a",
            "ticker": "KXHIGHCHI-24DEC17-B38.5",
            "count": 500,
            "created_time": "2024-12-17T21:20:50.234908Z",
            "yes_price": 98,
            "no_price": 2,
            "taker_side": "yes"
        },
        {
            "trade_id": "856061eb-611c-466b-b36a-89fc2ae18093",
            "ticker": "KXHIGHCHI-24DEC17-B38.5",
            "count": 100,
            "created_time": "2024-12-17T21:20:00.718797Z",
            "yes_price": 99,
            "no_price": 1,
            "taker_side": "yes"
        },
        {
            "trade_id": "f69342de-64b5-49e0-a93c-6895eafc991e",
            "ticker": "KXHIGHCHI-24DEC17-B38.5",
            "count": 44,
            "created_time": "2024-12-17T21:19:54.853489Z",
            "yes_price": 98,
            "no_price": 2,
            "taker_side": "yes"
        },
        {
            "trade_id": "44a7d76a-cb89-4dd4-ad5a-1b66341cc166",
            "ticker": "KXHIGHCHI-24DEC17-B38.5",
            "count": 5,
            "created_time": "2024-12-17T21:19:54.853489Z",
            "yes_price": 98,
            "no_price": 2,
            "taker_side": "yes"
        },
        {
            "trade_id": "21f1d1fe-c4ea-45e6-8568-0e35b971e3ac",
            "ticker": "KXHIGHCHI-24DEC17-B38.5",
            "count": 460,
            "created_time": "2024-12-17T21:19:54.853489Z",
            "yes_price": 98,
            "no_price": 2,
            "taker_side": "yes"
        },
        {
            "trade_id": "7171f60b-ea27-4b85-ae0d-6a662c4ed773",
            "ticker": "KXHIGHCHI-24DEC17-B38.5",
            "count": 5,
            "created_time": "2024-12-17T21:19:18.446412Z",
            "yes_price": 97,
            "no_price": 3,
            "taker_side": "no"
        },
        {
            "trade_id": "bb53b1a5-7fa8-4a5f-8636-7276ded17ec6",
            "ticker": "KXHIGHCHI-24DEC17-B38.5",
            "count": 340,
            "created_time": "2024-12-17T21:19:17.845015Z",
            "yes_price": 98,
            "no_price": 2,
            "taker_side": "no"
        },
        {
            "trade_id": "0eca6286-2b3c-4ca9-86c3-e9d3a5491468",
            "ticker": "KXHIGHCHI-24DEC17-B38.5",
            "count": 543,
            "created_time": "2024-12-17T21:19:11.982027Z",
            "yes_price": 98,
            "no_price": 2,
            "taker_side": "no"
        },
        {
            "trade_id": "1833108b-96eb-4906-a150-56bb3706d3cd",
            "ticker": "KXHIGHCHI-24DEC17-B38.5",
            "count": 115,
            "created_time": "2024-12-17T21:19:09.209869Z",
            "yes_price": 98,
            "no_price": 2,
            "taker_side": "yes"
        },
        {
            "trade_id": "6a219f59-e5bc-4051-9b6a-a927cddc6047",
            "ticker": "KXHIGHCHI-24DEC17-B38.5",
            "count": 421,
            "created_time": "2024-12-17T21:19:07.076838Z",
            "yes_price": 98,
            "no_price": 2,
            "taker_side": "yes"
        },
        {
            "trade_id": "d6e31166-3823-4d30-8a73-d79143f85adf",
            "ticker": "KXHIGHCHI-24DEC17-B38.5",
            "count": 200,
            "created_time": "2024-12-17T21:19:06.162858Z",
            "yes_price": 98,
            "no_price": 2,
            "taker_side": "yes"
        },
        {
            "trade_id": "59eeafac-9878-4de3-80d6-c051291a71a3",
            "ticker": "KXHIGHCHI-24DEC17-B38.5",
            "count": 800,
            "created_time": "2024-12-17T21:19:06.162858Z",
            "yes_price": 98,
            "no_price": 2,
            "taker_side": "yes"
        },
        {
            "trade_id": "1b9f4a74-90ed-4f1b-ba04-931d38cffb48",
            "ticker": "KXHIGHCHI-24DEC17-B38.5",
            "count": 100,
            "created_time": "2024-12-17T21:18:15.372423Z",
            "yes_price": 98,
            "no_price": 2,
            "taker_side": "yes"
        },
        {
            "trade_id": "5f54ac95-aaf6-4947-beaf-ef15b35249c8",
            "ticker": "KXHIGHCHI-24DEC17-B38.5",
            "count": 49,
            "created_time": "2024-12-17T21:17:59.54546Z",
            "yes_price": 98,
            "no_price": 2,
            "taker_side": "no"
        },
        {
            "trade_id": "4ca90445-93ab-4123-ac6e-a683b81bf042",
            "ticker": "KXHIGHCHI-24DEC17-B38.5",
            "count": 5,
            "created_time": "2024-12-17T21:17:59.54546Z",
            "yes_price": 98,
            "no_price": 2,
            "taker_side": "no"
        },
        {
            "trade_id": "4c957eef-daeb-4e8b-a4d9-a13ae069a805",
            "ticker": "KXHIGHCHI-24DEC17-B38.5",
            "count": 18,
            "created_time": "2024-12-17T21:17:51.654076Z",
            "yes_price": 98,
            "no_price": 2,
            "taker_side": "no"
        },
        {
            "trade_id": "ae864f5b-5781-407c-86d5-76e3efdd0632",
            "ticker": "KXHIGHCHI-24DEC17-B38.5",
            "count": 40,
            "created_time": "2024-12-17T21:17:46.795709Z",
            "yes_price": 98,
            "no_price": 2,
            "taker_side": "no"
        },
        {
            "trade_id": "b00fb872-2cef-4f47-9a96-8b080d975bcf",
            "ticker": "KXHIGHCHI-24DEC17-B38.5",
            "count": 40,
            "created_time": "2024-12-17T21:17:46.785107Z",
            "yes_price": 98,
            "no_price": 2,
            "taker_side": "no"
        },
        {
            "trade_id": "bf2c5a30-37a8-45d7-8631-299b0688a26a",
            "ticker": "KXHIGHCHI-24DEC17-B38.5",
            "count": 5,
            "created_time": "2024-12-17T21:17:43.615081Z",
            "yes_price": 98,
            "no_price": 2,
            "taker_side": "no"
        },
        {
            "trade_id": "83a3dff9-ff4b-4607-96c2-7b6ba661c00c",
            "ticker": "KXHIGHCHI-24DEC17-B38.5",
            "count": 5,
            "created_time": "2024-12-17T21:17:43.613235Z",
            "yes_price": 98,
            "no_price": 2,
            "taker_side": "no"
        },
        {
            "trade_id": "cbbe2530-658c-479e-bc04-740ed7d2ea7d",
            "ticker": "KXHIGHCHI-24DEC17-B38.5",
            "count": 5,
            "created_time": "2024-12-17T21:17:43.551013Z",
            "yes_price": 97,
            "no_price": 3,
            "taker_side": "yes"
        },
        {
            "trade_id": "ca08f7e4-55fc-41cb-b804-b5c6f99459bc",
            "ticker": "KXHIGHCHI-24DEC17-B38.5",
            "count": 100,
            "created_time": "2024-12-17T21:17:43.551013Z",
            "yes_price": 98,
            "no_price": 2,
            "taker_side": "yes"
        },
        {
            "trade_id": "57899a93-8d08-4be5-9f1e-5d392ad49ecd",
            "ticker": "KXHIGHCHI-24DEC17-B38.5",
            "count": 150,
            "created_time": "2024-12-17T21:17:43.551013Z",
            "yes_price": 98,
            "no_price": 2,
            "taker_side": "yes"
        },
        {
            "trade_id": "54620c57-bb3e-4bcb-9591-d7bffb5180c5",
            "ticker": "KXHIGHCHI-24DEC17-B38.5",
            "count": 100,
            "created_time": "2024-12-17T21:17:43.551013Z",
            "yes_price": 97,
            "no_price": 3,
            "taker_side": "yes"
        },
        {
            "trade_id": "01d96b6e-a2da-44ac-b1f7-fefbb7eb2393",
            "ticker": "KXHIGHCHI-24DEC17-B38.5",
            "count": 29,
            "created_time": "2024-12-17T21:17:43.551013Z",
            "yes_price": 96,
            "no_price": 4,
            "taker_side": "yes"
        },
        {
            "trade_id": "2ce87023-882b-48b4-b222-8dd83e88f404",
            "ticker": "KXHIGHCHI-24DEC17-B38.5",
            "count": 123,
            "created_time": "2024-12-17T21:17:41.419135Z",
            "yes_price": 96,
            "no_price": 4,
            "taker_side": "yes"
        },
        {
            "trade_id": "e5cf95c9-1295-4342-a049-1a497fde1542",
            "ticker": "KXHIGHCHI-24DEC17-B38.5",
            "count": 6,
            "created_time": "2024-12-17T21:17:41.067699Z",
            "yes_price": 94,
            "no_price": 6,
            "taker_side": "yes"
        },
        {
            "trade_id": "c39839d6-4d58-4434-a297-0fa95415f20e",
            "ticker": "KXHIGHCHI-24DEC17-B38.5",
            "count": 80,
            "created_time": "2024-12-17T21:17:41.067699Z",
            "yes_price": 94,
            "no_price": 6,
            "taker_side": "yes"
        },
        {
            "trade_id": "6f1a66ca-0e20-40e1-8a27-cf6a39d464f2",
            "ticker": "KXHIGHCHI-24DEC17-B38.5",
            "count": 50,
            "created_time": "2024-12-17T21:17:41.067699Z",
            "yes_price": 94,
            "no_price": 6,
            "taker_side": "yes"
        },
        {
            "trade_id": "58df0484-d27f-4675-8731-e0d41e7380bb",
            "ticker": "KXHIGHCHI-24DEC17-B38.5",
            "count": 50,
            "created_time": "2024-12-17T21:17:41.067699Z",
            "yes_price": 94,
            "no_price": 6,
            "taker_side": "yes"
        },
        {
            "trade_id": "189f510c-7b29-45d0-9d5a-a63a035b2645",
            "ticker": "KXHIGHCHI-24DEC17-B38.5",
            "count": 5,
            "created_time": "2024-12-17T21:17:41.067699Z",
            "yes_price": 94,
            "no_price": 6,
            "taker_side": "yes"
        },
        {
            "trade_id": "76eca4b3-1cec-41bc-bf71-3ec196796b79",
            "ticker": "KXHIGHCHI-24DEC17-B38.5",
            "count": 50,
            "created_time": "2024-12-17T21:17:36.667313Z",
            "yes_price": 93,
            "no_price": 7,
            "taker_side": "yes"
        },
        {
            "trade_id": "5595c453-4e16-49df-b6ba-7a0b175cb01b",
            "ticker": "KXHIGHCHI-24DEC17-B38.5",
            "count": 50,
            "created_time": "2024-12-17T21:17:36.329692Z",
            "yes_price": 92,
            "no_price": 8,
            "taker_side": "yes"
        },
        {
            "trade_id": "cde69a42-1adb-4133-b634-30007f385aa2",
            "ticker": "KXHIGHCHI-24DEC17-B38.5",
            "count": 50,
            "created_time": "2024-12-17T21:17:35.104883Z",
            "yes_price": 89,
            "no_price": 11,
            "taker_side": "yes"
        },
        {
            "trade_id": "c22dcedc-994c-40bd-887d-a7a46881b31e",
            "ticker": "KXHIGHCHI-24DEC17-B38.5",
            "count": 50,
            "created_time": "2024-12-17T21:17:35.104883Z",
            "yes_price": 89,
            "no_price": 11,
            "taker_side": "yes"
        },
        {
            "trade_id": "2ba8fcf3-ede9-44d3-a8c9-3dbe8986f6e8",
            "ticker": "KXHIGHCHI-24DEC17-B38.5",
            "count": 50,
            "created_time": "2024-12-17T21:17:35.104883Z",
            "yes_price": 89,
            "no_price": 11,
            "taker_side": "yes"
        },
        {
            "trade_id": "08c76991-217d-4612-9b64-0367641c3586",
            "ticker": "KXHIGHCHI-24DEC17-B38.5",
            "count": 50,
            "created_time": "2024-12-17T21:17:35.104883Z",
            "yes_price": 89,
            "no_price": 11,
            "taker_side": "yes"
        },
        {
            "trade_id": "655b5d38-b4c9-4983-9d34-2846c9b7291d",
            "ticker": "KXHIGHCHI-24DEC17-B38.5",
            "count": 5,
            "created_time": "2024-12-17T21:17:34.821742Z",
            "yes_price": 80,
            "no_price": 20,
            "taker_side": "yes"
        },
        {
            "trade_id": "b5096f76-836c-480e-9fc7-67705bcd4083",
            "ticker": "KXHIGHCHI-24DEC17-B38.5",
            "count": 50,
            "created_time": "2024-12-17T21:17:34.546703Z",
            "yes_price": 88,
            "no_price": 12,
            "taker_side": "yes"
        },
        {
            "trade_id": "e41611a3-554d-436e-a174-c8e59d17ac80",
            "ticker": "KXHIGHCHI-24DEC17-B38.5",
            "count": 50,
            "created_time": "2024-12-17T21:17:33.771114Z",
            "yes_price": 84,
            "no_price": 16,
            "taker_side": "yes"
        },
        {
            "trade_id": "8a310826-e244-489b-a8d9-f56d624ef201",
            "ticker": "KXHIGHCHI-24DEC17-B38.5",
            "count": 50,
            "created_time": "2024-12-17T21:17:33.771114Z",
            "yes_price": 84,
            "no_price": 16,
            "taker_side": "yes"
        },
        {
            "trade_id": "61c7b34a-32c0-4ba2-a99e-0ab3852ea07e",
            "ticker": "KXHIGHCHI-24DEC17-B38.5",
            "count": 50,
            "created_time": "2024-12-17T21:17:33.771114Z",
            "yes_price": 84,
            "no_price": 16,
            "taker_side": "yes"
        },
        {
            "trade_id": "0d67ddb8-49ad-4af9-86b3-d198630e7ee6",
            "ticker": "KXHIGHCHI-24DEC17-B38.5",
            "count": 131,
            "created_time": "2024-12-17T21:17:33.771114Z",
            "yes_price": 84,
            "no_price": 16,
            "taker_side": "yes"
        },
        {
            "trade_id": "63f3e319-be7b-4e38-8ee0-8353f77310b9",
            "ticker": "KXHIGHCHI-24DEC17-B38.5",
            "count": 34,
            "created_time": "2024-12-17T21:17:33.37869Z",
            "yes_price": 82,
            "no_price": 18,
            "taker_side": "yes"
        },
        {
            "trade_id": "536240a8-d09c-4e38-9ec4-6f6e6a56bcd0",
            "ticker": "KXHIGHCHI-24DEC17-B38.5",
            "count": 50,
            "created_time": "2024-12-17T21:17:33.37869Z",
            "yes_price": 82,
            "no_price": 18,
            "taker_side": "yes"
        },
        {
            "trade_id": "f1231a80-fce3-4f7c-a87c-98b4e8ce71cd",
            "ticker": "KXHIGHCHI-24DEC17-B38.5",
            "count": 50,
            "created_time": "2024-12-17T21:17:33.10277Z",
            "yes_price": 81,
            "no_price": 19,
            "taker_side": "yes"
        },
        {
            "trade_id": "e0013e52-2d7a-42ef-8835-74450898bbfb",
            "ticker": "KXHIGHCHI-24DEC17-B38.5",
            "count": 116,
            "created_time": "2024-12-17T21:17:33.10277Z",
            "yes_price": 81,
            "no_price": 19,
            "taker_side": "yes"
        },
        {
            "trade_id": "6721d3be-987c-46fd-9fd0-823d68205618",
            "ticker": "KXHIGHCHI-24DEC17-B38.5",
            "count": 50,
            "created_time": "2024-12-17T21:17:33.10277Z",
            "yes_price": 81,
            "no_price": 19,
            "taker_side": "yes"
        },
        {
            "trade_id": "b21d906e-23c4-4325-a6e2-96239cf1473b",
            "ticker": "KXHIGHCHI-24DEC17-B38.5",
            "count": 5,
            "created_time": "2024-12-17T21:17:32.895527Z",
            "yes_price": 79,
            "no_price": 21,
            "taker_side": "yes"
        },
        {
            "trade_id": "cddd92f8-1b7f-4dea-96e1-c108f966d610",
            "ticker": "KXHIGHCHI-24DEC17-B38.5",
            "count": 150,
            "created_time": "2024-12-17T21:17:32.598228Z",
            "yes_price": 78,
            "no_price": 22,
            "taker_side": "yes"
        },
        {
            "trade_id": "9b88944d-9d16-42b1-a720-8a75fa27dc19",
            "ticker": "KXHIGHCHI-24DEC17-B38.5",
            "count": 150,
            "created_time": "2024-12-17T21:17:32.598228Z",
            "yes_price": 78,
            "no_price": 22,
            "taker_side": "yes"
        },
        {
            "trade_id": "f1993d22-3ca3-492e-8239-0d0d840034a2",
            "ticker": "KXHIGHCHI-24DEC17-B38.5",
            "count": 150,
            "created_time": "2024-12-17T21:17:32.357709Z",
            "yes_price": 77,
            "no_price": 23,
            "taker_side": "yes"
        },
        {
            "trade_id": "1f286ae8-d81c-44d0-8bdc-0589f76eff98",
            "ticker": "KXHIGHCHI-24DEC17-B38.5",
            "count": 20,
            "created_time": "2024-12-17T21:17:32.100603Z",
            "yes_price": 75,
            "no_price": 25,
            "taker_side": "yes"
        },
        {
            "trade_id": "b43d9069-0f1d-4228-b99d-c69b7a8229bb",
            "ticker": "KXHIGHCHI-24DEC17-B38.5",
            "count": 34,
            "created_time": "2024-12-17T21:17:31.504196Z",
            "yes_price": 72,
            "no_price": 28,
            "taker_side": "yes"
        },
        {
            "trade_id": "659c31d0-c4e9-42e6-a86e-8f315539d0f7",
            "ticker": "KXHIGHCHI-24DEC17-B38.5",
            "count": 13,
            "created_time": "2024-12-17T21:17:31.504196Z",
            "yes_price": 72,
            "no_price": 28,
            "taker_side": "yes"
        },
        {
            "trade_id": "11582209-e3fe-425a-8e3d-bd776d9ca67a",
            "ticker": "KXHIGHCHI-24DEC17-B38.5",
            "count": 88,
            "created_time": "2024-12-17T21:17:29.707171Z",
            "yes_price": 72,
            "no_price": 28,
            "taker_side": "yes"
        },
        {
            "trade_id": "6a4c49dc-bb07-4f0b-b867-a96476cc90cd",
            "ticker": "KXHIGHCHI-24DEC17-B38.5",
            "count": 8,
            "created_time": "2024-12-17T21:17:26.927777Z",
            "yes_price": 72,
            "no_price": 28,
            "taker_side": "yes"
        },
        {
            "trade_id": "f3aa01a3-a50c-407a-a4c6-c7ee161295df",
            "ticker": "KXHIGHCHI-24DEC17-B38.5",
            "count": 20,
            "created_time": "2024-12-17T21:17:23.333906Z",
            "yes_price": 72,
            "no_price": 28,
            "taker_side": "yes"
        },
        {
            "trade_id": "33db0896-5746-45eb-bdf2-3c66df4ccbc8",
            "ticker": "KXHIGHCHI-24DEC17-B38.5",
            "count": 12,
            "created_time": "2024-12-17T21:17:23.333906Z",
            "yes_price": 71,
            "no_price": 29,
            "taker_side": "yes"
        },
        {
            "trade_id": "2b0a1982-9c1b-43b2-a21d-cdd71a9a2b76",
            "ticker": "KXHIGHCHI-24DEC17-B38.5",
            "count": 1,
            "created_time": "2024-12-17T21:17:23.333906Z",
            "yes_price": 70,
            "no_price": 30,
            "taker_side": "yes"
        },
        {
            "trade_id": "24dd4b7d-e90d-4e9c-82cc-03b479d7e445",
            "ticker": "KXHIGHCHI-24DEC17-B38.5",
            "count": 1,
            "created_time": "2024-12-17T21:17:23.333906Z",
            "yes_price": 70,
            "no_price": 30,
            "taker_side": "yes"
        },
        {
            "trade_id": "b8e49210-27ea-4190-8671-9f3b6ed7c6c2",
            "ticker": "KXHIGHCHI-24DEC17-B38.5",
            "count": 8,
            "created_time": "2024-12-17T21:17:08.507156Z",
            "yes_price": 69,
            "no_price": 31,
            "taker_side": "no"
        },
        {
            "trade_id": "bd7c007c-1891-4cfb-bdac-014cd467563f",
            "ticker": "KXHIGHCHI-24DEC17-B38.5",
            "count": 15,
            "created_time": "2024-12-17T21:17:07.253631Z",
            "yes_price": 69,
            "no_price": 31,
            "taker_side": "yes"
        },
        {
            "trade_id": "9f9622ca-ce6d-415c-ba2f-5b388b4549ef",
            "ticker": "KXHIGHCHI-24DEC17-B38.5",
            "count": 80,
            "created_time": "2024-12-17T21:17:07.253631Z",
            "yes_price": 69,
            "no_price": 31,
            "taker_side": "yes"
        },
        {
            "trade_id": "2c7abecb-7e5b-4a38-8cb0-e0ef11b6faac",
            "ticker": "KXHIGHCHI-24DEC17-B38.5",
            "count": 8,
            "created_time": "2024-12-17T21:17:04.645764Z",
            "yes_price": 68,
            "no_price": 32,
            "taker_side": "no"
        },
        {
            "trade_id": "1ed57fb8-ef51-441f-802d-0e21d5958b52",
            "ticker": "KXHIGHCHI-24DEC17-B38.5",
            "count": 80,
            "created_time": "2024-12-17T21:17:04.645764Z",
            "yes_price": 68,
            "no_price": 32,
            "taker_side": "no"
        },
        {
            "trade_id": "7d748f1a-7174-411d-aad4-40ffa2fee776",
            "ticker": "KXHIGHCHI-24DEC17-B38.5",
            "count": 1,
            "created_time": "2024-12-17T21:16:41.150295Z",
            "yes_price": 66,
            "no_price": 34,
            "taker_side": "yes"
        },
        {
            "trade_id": "17128ce5-5298-4235-9751-7d8a3988dfb2",
            "ticker": "KXHIGHCHI-24DEC17-B38.5",
            "count": 1,
            "created_time": "2024-12-17T21:16:41.150295Z",
            "yes_price": 66,
            "no_price": 34,
            "taker_side": "yes"
        },
        {
            "trade_id": "7f930593-eb10-4cba-b671-58815d3fc36f",
            "ticker": "KXHIGHCHI-24DEC17-B38.5",
            "count": 28,
            "created_time": "2024-12-17T21:15:37.611551Z",
            "yes_price": 69,
            "no_price": 31,
            "taker_side": "yes"
        },
        {
            "trade_id": "f0f88182-48a0-4894-b9c1-a39617fb0f6e",
            "ticker": "KXHIGHCHI-24DEC17-B38.5",
            "count": 7,
            "created_time": "2024-12-17T21:15:29.85504Z",
            "yes_price": 58,
            "no_price": 42,
            "taker_side": "yes"
        },
        {
            "trade_id": "5e325908-2263-4b3d-bc3b-d7367b8b789c",
            "ticker": "KXHIGHCHI-24DEC17-B38.5",
            "count": 15,
            "created_time": "2024-12-17T21:15:26.815857Z",
            "yes_price": 57,
            "no_price": 43,
            "taker_side": "yes"
        },
        {
            "trade_id": "bc90cc19-3fb6-4a2c-871a-c633ca7a1bde",
            "ticker": "KXHIGHCHI-24DEC17-B38.5",
            "count": 8,
            "created_time": "2024-12-17T21:15:21.78013Z",
            "yes_price": 51,
            "no_price": 49,
            "taker_side": "no"
        },
        {
            "trade_id": "b7993b5b-77ca-408b-b6fd-785c373e4669",
            "ticker": "KXHIGHCHI-24DEC17-B38.5",
            "count": 8,
            "created_time": "2024-12-17T21:15:18.030528Z",
            "yes_price": 51,
            "no_price": 49,
            "taker_side": "no"
        },
        {
            "trade_id": "ff7b4ed4-b5f4-403f-962e-b686de8cc352",
            "ticker": "KXHIGHCHI-24DEC17-B38.5",
            "count": 1,
            "created_time": "2024-12-17T21:15:13.829474Z",
            "yes_price": 58,
            "no_price": 42,
            "taker_side": "no"
        },
        {
            "trade_id": "483c0961-3282-4afd-a83e-2f4668cebbb5",
            "ticker": "KXHIGHCHI-24DEC17-B38.5",
            "count": 15,
            "created_time": "2024-12-17T21:15:11.271547Z",
            "yes_price": 61,
            "no_price": 39,
            "taker_side": "no"
        },
        {
            "trade_id": "1d8123c3-d033-4c92-ab4f-349c87d825e0",
            "ticker": "KXHIGHCHI-24DEC17-B38.5",
            "count": 22,
            "created_time": "2024-12-17T21:14:53.485745Z",
            "yes_price": 65,
            "no_price": 35,
            "taker_side": "yes"
        },
        {
            "trade_id": "039a15df-7dd9-407e-b840-a57092561447",
            "ticker": "KXHIGHCHI-24DEC17-B38.5",
            "count": 15,
            "created_time": "2024-12-17T21:14:53.485745Z",
            "yes_price": 65,
            "no_price": 35,
            "taker_side": "yes"
        },
        {
            "trade_id": "6abc7a78-784f-4227-bff3-87ca8735ea77",
            "ticker": "KXHIGHCHI-24DEC17-B38.5",
            "count": 15,
            "created_time": "2024-12-17T21:14:46.412687Z",
            "yes_price": 61,
            "no_price": 39,
            "taker_side": "no"
        },
        {
            "trade_id": "943ff5d3-fc9b-4b37-9ac7-b628e465f667",
            "ticker": "KXHIGHCHI-24DEC17-B38.5",
            "count": 93,
            "created_time": "2024-12-17T21:14:29.458164Z",
            "yes_price": 69,
            "no_price": 31,
            "taker_side": "no"
        },
        {
            "trade_id": "e0f34674-2ce7-4324-a647-cc6ac0daad0c",
            "ticker": "KXHIGHCHI-24DEC17-B38.5",
            "count": 15,
            "created_time": "2024-12-17T21:14:28.518277Z",
            "yes_price": 69,
            "no_price": 31,
            "taker_side": "no"
        },
        {
            "trade_id": "e65f4461-3e99-4514-8e17-67a7d3d778a0",
            "ticker": "KXHIGHCHI-24DEC17-B38.5",
            "count": 10,
            "created_time": "2024-12-17T21:14:28.028818Z",
            "yes_price": 67,
            "no_price": 33,
            "taker_side": "yes"
        },
        {
            "trade_id": "f37d8979-69a0-479d-a0f1-ee054381c222",
            "ticker": "KXHIGHCHI-24DEC17-B38.5",
            "count": 160,
            "created_time": "2024-12-17T21:14:07.946387Z",
            "yes_price": 59,
            "no_price": 41,
            "taker_side": "no"
        },
        {
            "trade_id": "e0eebb8d-4ca2-4829-a3be-043378d584bd",
            "ticker": "KXHIGHCHI-24DEC17-B38.5",
            "count": 1,
            "created_time": "2024-12-17T21:14:07.946387Z",
            "yes_price": 65,
            "no_price": 35,
            "taker_side": "no"
        },
        {
            "trade_id": "c67c0f01-0b6c-4175-ab78-5ebe1338b48e",
            "ticker": "KXHIGHCHI-24DEC17-B38.5",
            "count": 90,
            "created_time": "2024-12-17T21:14:07.946387Z",
            "yes_price": 58,
            "no_price": 42,
            "taker_side": "no"
        },
        {
            "trade_id": "c4c8443b-08c4-4636-8950-4608f27f99f3",
            "ticker": "KXHIGHCHI-24DEC17-B38.5",
            "count": 1457,
            "created_time": "2024-12-17T21:14:07.946387Z",
            "yes_price": 45,
            "no_price": 55,
            "taker_side": "no"
        },
        {
            "trade_id": "b17091a0-4127-426e-81a6-a4e49d8a7d14",
            "ticker": "KXHIGHCHI-24DEC17-B38.5",
            "count": 12,
            "created_time": "2024-12-17T21:14:07.946387Z",
            "yes_price": 70,
            "no_price": 30,
            "taker_side": "no"
        },
        {
            "trade_id": "aba09cca-24a0-4249-97df-fd5242fc33d1",
            "ticker": "KXHIGHCHI-24DEC17-B38.5",
            "count": 50,
            "created_time": "2024-12-17T21:14:07.946387Z",
            "yes_price": 46,
            "no_price": 54,
            "taker_side": "no"
        },
        {
            "trade_id": "966b967e-4960-4502-8dcc-280650b66947",
            "ticker": "KXHIGHCHI-24DEC17-B38.5",
            "count": 400,
            "created_time": "2024-12-17T21:14:07.946387Z",
            "yes_price": 58,
            "no_price": 42,
            "taker_side": "no"
        },
        {
            "trade_id": "81b2604e-989d-4d5b-b4fc-86afc1711b29",
            "ticker": "KXHIGHCHI-24DEC17-B38.5",
            "count": 120,
            "created_time": "2024-12-17T21:14:07.946387Z",
            "yes_price": 56,
            "no_price": 44,
            "taker_side": "no"
        },
        {
            "trade_id": "2144136a-8cd4-42f3-b394-2c381541be1c",
            "ticker": "KXHIGHCHI-24DEC17-B38.5",
            "count": 500,
            "created_time": "2024-12-17T21:14:07.946387Z",
            "yes_price": 45,
            "no_price": 55,
            "taker_side": "no"
        },
        {
            "trade_id": "a44566ea-f261-4bf9-a7f0-b5cf03bdd2d2",
            "ticker": "KXHIGHCHI-24DEC17-B38.5",
            "count": 7,
            "created_time": "2024-12-17T21:13:41.59484Z",
            "yes_price": 71,
            "no_price": 29,
            "taker_side": "yes"
        },
        {
            "trade_id": "49eee828-f8bf-4899-8165-e52fa5ea7f74",
            "ticker": "KXHIGHCHI-24DEC17-B38.5",
            "count": 15,
            "created_time": "2024-12-17T21:13:41.59484Z",
            "yes_price": 71,
            "no_price": 29,
            "taker_side": "yes"
        },
        {
            "trade_id": "22219f71-28a8-4784-a514-e594834898d1",
            "ticker": "KXHIGHCHI-24DEC17-B38.5",
            "count": 77,
            "created_time": "2024-12-17T21:13:41.59484Z",
            "yes_price": 71,
            "no_price": 29,
            "taker_side": "yes"
        },
        {
            "trade_id": "16515456-833a-43a3-908d-3f1cc6bf967a",
            "ticker": "KXHIGHCHI-24DEC17-B38.5",
            "count": 6,
            "created_time": "2024-12-17T21:13:41.59484Z",
            "yes_price": 71,
            "no_price": 29,
            "taker_side": "yes"
        },
        {
            "trade_id": "ddaf034c-ac93-4b8e-adf8-9ff27faefbe7",
            "ticker": "KXHIGHCHI-24DEC17-B38.5",
            "count": 80,
            "created_time": "2024-12-17T21:13:09.489562Z",
            "yes_price": 68,
            "no_price": 32,
            "taker_side": "no"
        },
        {
            "trade_id": "13f436ec-69ce-40d5-bd83-75b50d38f2eb",
            "ticker": "KXHIGHCHI-24DEC17-B38.5",
            "count": 759,
            "created_time": "2024-12-17T21:13:09.489562Z",
            "yes_price": 68,
            "no_price": 32,
            "taker_side": "no"
        },
        {
            "trade_id": "f93e7733-2dea-45b8-b410-8861ed52e8d6",
            "ticker": "KXHIGHCHI-24DEC17-B38.5",
            "count": 27,
            "created_time": "2024-12-17T21:12:20.67738Z",
            "yes_price": 71,
            "no_price": 29,
            "taker_side": "no"
        },
        {
            "trade_id": "71b74fbd-8f8b-4904-a36e-3a4f4f419409",
            "ticker": "KXHIGHCHI-24DEC17-B38.5",
            "count": 138,
            "created_time": "2024-12-17T21:12:20.617238Z",
            "yes_price": 71,
            "no_price": 29,
            "taker_side": "yes"
        },
        {
            "trade_id": "59e46527-6f08-4e27-95a0-53aa5a7a6f27",
            "ticker": "KXHIGHCHI-24DEC17-B38.5",
            "count": 120,
            "created_time": "2024-12-17T21:12:20.617238Z",
            "yes_price": 70,
            "no_price": 30,
            "taker_side": "yes"
        },
        {
            "trade_id": "cae5d323-277b-4dfe-bb24-b618b528cdef",
            "ticker": "KXHIGHCHI-24DEC17-B38.5",
            "count": 12,
            "created_time": "2024-12-17T21:12:05.538183Z",
            "yes_price": 71,
            "no_price": 29,
            "taker_side": "yes"
        },
        {
            "trade_id": "0d5f7321-8ad4-476e-b601-65e6cdebf5a1",
            "ticker": "KXHIGHCHI-24DEC17-B38.5",
            "count": 57,
            "created_time": "2024-12-17T21:12:05.538183Z",
            "yes_price": 71,
            "no_price": 29,
            "taker_side": "yes"
        },
        {
            "trade_id": "33790416-ea8f-45b4-993c-0389b3e886d8",
            "ticker": "KXHIGHCHI-24DEC17-B38.5",
            "count": 69,
            "created_time": "2024-12-17T21:11:55.91121Z",
            "yes_price": 71,
            "no_price": 29,
            "taker_side": "yes"
        },
        {
            "trade_id": "e345be4a-6829-43c8-9c64-6a66b1e06826",
            "ticker": "KXHIGHCHI-24DEC17-B38.5",
            "count": 24,
            "created_time": "2024-12-17T21:11:45.255903Z",
            "yes_price": 71,
            "no_price": 29,
            "taker_side": "yes"
        },
        {
            "trade_id": "4e7cdcef-a8c4-472a-9504-d7337fa59a8e",
            "ticker": "KXHIGHCHI-24DEC17-B38.5",
            "count": 486,
            "created_time": "2024-12-17T21:11:45.255903Z",
            "yes_price": 70,
            "no_price": 30,
            "taker_side": "yes"
        },
        {
            "trade_id": "28d0dc5b-1958-4d86-8b7d-2bbb1d0e16a3",
            "ticker": "KXHIGHCHI-24DEC17-B38.5",
            "count": 220,
            "created_time": "2024-12-17T21:11:45.255903Z",
            "yes_price": 70,
            "no_price": 30,
            "taker_side": "yes"
        },
        {
            "trade_id": "fb350c5c-68df-4ab6-85e6-186996110207",
            "ticker": "KXHIGHCHI-24DEC17-B38.5",
            "count": 420,
            "created_time": "2024-12-17T21:11:41.513841Z",
            "yes_price": 69,
            "no_price": 31,
            "taker_side": "yes"
        },
        {
            "trade_id": "d8bf5f7b-a2f6-4012-a689-a440d5230c31",
            "ticker": "KXHIGHCHI-24DEC17-B38.5",
            "count": 14,
            "created_time": "2024-12-17T21:11:41.513841Z",
            "yes_price": 70,
            "no_price": 30,
            "taker_side": "yes"
        },
        {
            "trade_id": "9ac076e1-acd9-4f33-885d-fca6b8125ade",
            "ticker": "KXHIGHCHI-24DEC17-B38.5",
            "count": 40,
            "created_time": "2024-12-17T21:11:41.513841Z",
            "yes_price": 68,
            "no_price": 32,
            "taker_side": "yes"
        },
        {
            "trade_id": "33449051-38c8-4bbf-b0aa-ffd420030d51",
            "ticker": "KXHIGHCHI-24DEC17-B38.5",
            "count": 28,
            "created_time": "2024-12-17T21:11:41.513841Z",
            "yes_price": 68,
            "no_price": 32,
            "taker_side": "yes"
        },
        {
            "trade_id": "2e1c19e1-0039-4246-8179-115c136acf73",
            "ticker": "KXHIGHCHI-24DEC17-B38.5",
            "count": 41,
            "created_time": "2024-12-17T21:11:41.513841Z",
            "yes_price": 67,
            "no_price": 33,
            "taker_side": "yes"
        },
        {
            "trade_id": "f6ca7e2d-a693-4aa8-bd70-97d13c48643a",
            "ticker": "KXHIGHCHI-24DEC17-B38.5",
            "count": 25,
            "created_time": "2024-12-17T21:11:26.804659Z",
            "yes_price": 61,
            "no_price": 39,
            "taker_side": "yes"
        },
        {
            "trade_id": "b1b2b251-f932-4506-b85b-cf1b812d5d3a",
            "ticker": "KXHIGHCHI-24DEC17-B38.5",
            "count": 21,
            "created_time": "2024-12-17T21:11:26.804659Z",
            "yes_price": 58,
            "no_price": 42,
            "taker_side": "yes"
        },
        {
            "trade_id": "aa195858-5b5d-48d6-a09d-82b0827b7349",
            "ticker": "KXHIGHCHI-24DEC17-B38.5",
            "count": 5,
            "created_time": "2024-12-17T21:11:26.804659Z",
            "yes_price": 66,
            "no_price": 34,
            "taker_side": "yes"
        },
        {
            "trade_id": "8f419385-1d0d-4763-8c4e-33034753b33c",
            "ticker": "KXHIGHCHI-24DEC17-B38.5",
            "count": 28,
            "created_time": "2024-12-17T21:11:26.804659Z",
            "yes_price": 61,
            "no_price": 39,
            "taker_side": "yes"
        },
        {
            "trade_id": "7ace38c4-9de2-421f-95f9-d94fb4a981c0",
            "ticker": "KXHIGHCHI-24DEC17-B38.5",
            "count": 25,
            "created_time": "2024-12-17T21:11:26.804659Z",
            "yes_price": 59,
            "no_price": 41,
            "taker_side": "yes"
        },
        {
            "trade_id": "25390226-af19-4a66-b691-4667a32735ea",
            "ticker": "KXHIGHCHI-24DEC17-B38.5",
            "count": 39,
            "created_time": "2024-12-17T21:11:26.804659Z",
            "yes_price": 66,
            "no_price": 34,
            "taker_side": "yes"
        },
        {
            "trade_id": "0ebd96d2-12b1-460b-abe4-d837185602b1",
            "ticker": "KXHIGHCHI-24DEC17-B38.5",
            "count": 13,
            "created_time": "2024-12-17T21:11:26.804659Z",
            "yes_price": 66,
            "no_price": 34,
            "taker_side": "yes"
        },
        {
            "trade_id": "bbca1ec3-5b61-48e7-9f3a-f7b70d54378e",
            "ticker": "KXHIGHCHI-24DEC17-B38.5",
            "count": 174,
            "created_time": "2024-12-17T21:11:15.318902Z",
            "yes_price": 57,
            "no_price": 43,
            "taker_side": "yes"
        },
        {
            "trade_id": "43fca044-1023-4ab8-9ff0-fc82363b888c",
            "ticker": "KXHIGHCHI-24DEC17-B38.5",
            "count": 10,
            "created_time": "2024-12-17T21:11:11.721026Z",
            "yes_price": 56,
            "no_price": 44,
            "taker_side": "yes"
        },
        {
            "trade_id": "276d5d88-cb80-42dc-abbb-88ed1fd63d2d",
            "ticker": "KXHIGHCHI-24DEC17-B38.5",
            "count": 18,
            "created_time": "2024-12-17T21:11:11.721026Z",
            "yes_price": 56,
            "no_price": 44,
            "taker_side": "yes"
        },
        {
            "trade_id": "cb6eb876-5782-409f-ba83-486dea5e7615",
            "ticker": "KXHIGHCHI-24DEC17-B38.5",
            "count": 8,
            "created_time": "2024-12-17T21:11:06.553712Z",
            "yes_price": 56,
            "no_price": 44,
            "taker_side": "yes"
        },
        {
            "trade_id": "b03bae81-03f7-431f-b863-b005793b8cfa",
            "ticker": "KXHIGHCHI-24DEC17-B38.5",
            "count": 93,
            "created_time": "2024-12-17T21:10:07.854535Z",
            "yes_price": 55,
            "no_price": 45,
            "taker_side": "yes"
        },
        {
            "trade_id": "99e29fd0-d204-48f5-9034-d63d4fb3b945",
            "ticker": "KXHIGHCHI-24DEC17-B38.5",
            "count": 7,
            "created_time": "2024-12-17T21:10:07.854535Z",
            "yes_price": 54,
            "no_price": 46,
            "taker_side": "yes"
        },
        {
            "trade_id": "e30d9a9f-ad98-49bd-ac58-b11be0fbd19c",
            "ticker": "KXHIGHCHI-24DEC17-B38.5",
            "count": 8,
            "created_time": "2024-12-17T21:09:41.972199Z",
            "yes_price": 54,
            "no_price": 46,
            "taker_side": "yes"
        },
        {
            "trade_id": "96135608-4d9c-4b4b-9ddb-dd63beec70d4",
            "ticker": "KXHIGHCHI-24DEC17-B38.5",
            "count": 1,
            "created_time": "2024-12-17T21:09:37.92401Z",
            "yes_price": 53,
            "no_price": 47,
            "taker_side": "yes"
        },
        {
            "trade_id": "83c0c398-71f9-4cce-9d45-0b6d013965dc",
            "ticker": "KXHIGHCHI-24DEC17-B38.5",
            "count": 1,
            "created_time": "2024-12-17T21:09:37.92401Z",
            "yes_price": 53,
            "no_price": 47,
            "taker_side": "yes"
        },
        {
            "trade_id": "3fc82d38-03e0-4bb9-b63d-7743e59aaf44",
            "ticker": "KXHIGHCHI-24DEC17-B38.5",
            "count": 1,
            "created_time": "2024-12-17T21:09:37.92401Z",
            "yes_price": 53,
            "no_price": 47,
            "taker_side": "yes"
        },
        {
            "trade_id": "fb011ff2-b0f0-424b-96c8-4a8869e80b7f",
            "ticker": "KXHIGHCHI-24DEC17-B38.5",
            "count": 96,
            "created_time": "2024-12-17T21:09:36.887406Z",
            "yes_price": 50,
            "no_price": 50,
            "taker_side": "no"
        },
        {
            "trade_id": "4e65ab95-15e0-4ec2-b92d-fe4c3cba4a66",
            "ticker": "KXHIGHCHI-24DEC17-B38.5",
            "count": 335,
            "created_time": "2024-12-17T21:09:36.812717Z",
            "yes_price": 50,
            "no_price": 50,
            "taker_side": "no"
        },
        {
            "trade_id": "70723588-bd94-4ada-8764-5747bfae79f5",
            "ticker": "KXHIGHCHI-24DEC17-B38.5",
            "count": 12,
            "created_time": "2024-12-17T21:09:35.570436Z",
            "yes_price": 50,
            "no_price": 50,
            "taker_side": "no"
        },
        {
            "trade_id": "96e63696-06d5-4ec0-89d0-ed4311c04f58",
            "ticker": "KXHIGHCHI-24DEC17-B38.5",
            "count": 15,
            "created_time": "2024-12-17T21:09:35.514383Z",
            "yes_price": 50,
            "no_price": 50,
            "taker_side": "no"
        },
        {
            "trade_id": "afe5d9eb-733d-4f1c-bd59-2af9dc0de815",
            "ticker": "KXHIGHCHI-24DEC17-B38.5",
            "count": 15,
            "created_time": "2024-12-17T21:09:35.411241Z",
            "yes_price": 48,
            "no_price": 52,
            "taker_side": "yes"
        },
        {
            "trade_id": "a575fa58-2219-4b6c-8ab9-4adeb4f8ba70",
            "ticker": "KXHIGHCHI-24DEC17-B38.5",
            "count": 7,
            "created_time": "2024-12-17T21:09:35.411241Z",
            "yes_price": 49,
            "no_price": 51,
            "taker_side": "yes"
        },
        {
            "trade_id": "69f2ab05-a80b-475c-a826-442d762944d2",
            "ticker": "KXHIGHCHI-24DEC17-B38.5",
            "count": 15,
            "created_time": "2024-12-17T21:09:35.411241Z",
            "yes_price": 48,
            "no_price": 52,
            "taker_side": "yes"
        },
        {
            "trade_id": "6180af17-f540-4b87-a2e1-1b1c7762fa10",
            "ticker": "KXHIGHCHI-24DEC17-B38.5",
            "count": 30,
            "created_time": "2024-12-17T21:09:01.969196Z",
            "yes_price": 49,
            "no_price": 51,
            "taker_side": "yes"
        },
        {
            "trade_id": "137658c8-bb69-4c5a-bda2-19f7333b2769",
            "ticker": "KXHIGHCHI-24DEC17-B38.5",
            "count": 19,
            "created_time": "2024-12-17T21:09:01.969196Z",
            "yes_price": 48,
            "no_price": 52,
            "taker_side": "yes"
        },
        {
            "trade_id": "a9f82189-acdf-443e-ada2-d9081e0ca397",
            "ticker": "KXHIGHCHI-24DEC17-B38.5",
            "count": 15,
            "created_time": "2024-12-17T21:08:34.760487Z",
            "yes_price": 47,
            "no_price": 53,
            "taker_side": "yes"
        },
        {
            "trade_id": "a48a9764-7568-4b56-a679-71f79f993177",
            "ticker": "KXHIGHCHI-24DEC17-B38.5",
            "count": 1,
            "created_time": "2024-12-17T21:08:34.760487Z",
            "yes_price": 48,
            "no_price": 52,
            "taker_side": "yes"
        },
        {
            "trade_id": "95f9c415-d9f8-408b-9601-3cb9c836319b",
            "ticker": "KXHIGHCHI-24DEC17-B38.5",
            "count": 1,
            "created_time": "2024-12-17T21:08:34.760487Z",
            "yes_price": 48,
            "no_price": 52,
            "taker_side": "yes"
        },
        {
            "trade_id": "77aeb018-a28e-4a6f-886a-01ffa437eccb",
            "ticker": "KXHIGHCHI-24DEC17-B38.5",
            "count": 1,
            "created_time": "2024-12-17T21:08:34.760487Z",
            "yes_price": 48,
            "no_price": 52,
            "taker_side": "yes"
        },
        {
            "trade_id": "3a38400d-6da3-4510-85a8-0422876bb6f1",
            "ticker": "KXHIGHCHI-24DEC17-B38.5",
            "count": 81,
            "created_time": "2024-12-17T21:08:34.760487Z",
            "yes_price": 49,
            "no_price": 51,
            "taker_side": "yes"
        },
        {
            "trade_id": "cf90802c-726b-4a16-960d-1fcc9fb55c44",
            "ticker": "KXHIGHCHI-24DEC17-B38.5",
            "count": 77,
            "created_time": "2024-12-17T21:08:34.225926Z",
            "yes_price": 42,
            "no_price": 58,
            "taker_side": "no"
        },
        {
            "trade_id": "91e39225-ec01-4447-88c5-eac361e3dcbb",
            "ticker": "KXHIGHCHI-24DEC17-B38.5",
            "count": 19,
            "created_time": "2024-12-17T21:08:34.225926Z",
            "yes_price": 43,
            "no_price": 57,
            "taker_side": "no"
        },
        {
            "trade_id": "2f0c98df-7cfd-4179-baac-e440d2b81ada",
            "ticker": "KXHIGHCHI-24DEC17-B38.5",
            "count": 77,
            "created_time": "2024-12-17T21:07:39.402395Z",
            "yes_price": 47,
            "no_price": 53,
            "taker_side": "no"
        },
        {
            "trade_id": "15a8e846-a534-4416-8f87-9c792eb9e039",
            "ticker": "KXHIGHCHI-24DEC17-B38.5",
            "count": 14,
            "created_time": "2024-12-17T21:07:39.402395Z",
            "yes_price": 47,
            "no_price": 53,
            "taker_side": "no"
        },
        {
            "trade_id": "785adfb7-5f43-440f-b76a-745d6c7ad8fe",
            "ticker": "KXHIGHCHI-24DEC17-B38.5",
            "count": 15,
            "created_time": "2024-12-17T21:06:31.00759Z",
            "yes_price": 39,
            "no_price": 61,
            "taker_side": "yes"
        },
        {
            "trade_id": "c50b0af0-9102-4e15-8ed7-119a98bcb7a0",
            "ticker": "KXHIGHCHI-24DEC17-B38.5",
            "count": 1,
            "created_time": "2024-12-17T21:06:20.582917Z",
            "yes_price": 44,
            "no_price": 56,
            "taker_side": "no"
        },
        {
            "trade_id": "557179d6-2856-4d5c-ab5f-76dfeb1d34cf",
            "ticker": "KXHIGHCHI-24DEC17-B38.5",
            "count": 5,
            "created_time": "2024-12-17T21:05:57.926779Z",
            "yes_price": 41,
            "no_price": 59,
            "taker_side": "yes"
        },
        {
            "trade_id": "e78b762a-0ddb-4f02-9c39-37a86bb1b146",
            "ticker": "KXHIGHCHI-24DEC17-B38.5",
            "count": 90,
            "created_time": "2024-12-17T21:05:56.944647Z",
            "yes_price": 41,
            "no_price": 59,
            "taker_side": "yes"
        },
        {
            "trade_id": "d08aa14c-39af-4086-95ef-b3229349274c",
            "ticker": "KXHIGHCHI-24DEC17-B38.5",
            "count": 5,
            "created_time": "2024-12-17T21:05:56.944647Z",
            "yes_price": 40,
            "no_price": 60,
            "taker_side": "yes"
        },
        {
            "trade_id": "8a9aed94-7288-4903-8e2a-9663a0aaef20",
            "ticker": "KXHIGHCHI-24DEC17-B38.5",
            "count": 23,
            "created_time": "2024-12-17T21:05:54.486704Z",
            "yes_price": 41,
            "no_price": 59,
            "taker_side": "no"
        },
        {
            "trade_id": "fc0747c7-3131-4a0a-9f13-d3f680782ee4",
            "ticker": "KXHIGHCHI-24DEC17-B38.5",
            "count": 15,
            "created_time": "2024-12-17T21:05:47.103949Z",
            "yes_price": 49,
            "no_price": 51,
            "taker_side": "no"
        },
        {
            "trade_id": "e620aeb4-d480-4848-aaf3-905720de05ce",
            "ticker": "KXHIGHCHI-24DEC17-B38.5",
            "count": 1,
            "created_time": "2024-12-17T21:05:47.103949Z",
            "yes_price": 49,
            "no_price": 51,
            "taker_side": "no"
        },
        {
            "trade_id": "a8844517-0627-4b91-b317-9eee7affde31",
            "ticker": "KXHIGHCHI-24DEC17-B38.5",
            "count": 1,
            "created_time": "2024-12-17T21:05:47.103949Z",
            "yes_price": 49,
            "no_price": 51,
            "taker_side": "no"
        },
        {
            "trade_id": "83b9faca-8174-4d16-ae1e-f7e24cb50b97",
            "ticker": "KXHIGHCHI-24DEC17-B38.5",
            "count": 1,
            "created_time": "2024-12-17T21:05:47.103949Z",
            "yes_price": 49,
            "no_price": 51,
            "taker_side": "no"
        },
        {
            "trade_id": "5df197ec-5cf0-43d3-a5e7-712fb71ab9e4",
            "ticker": "KXHIGHCHI-24DEC17-B38.5",
            "count": 80,
            "created_time": "2024-12-17T21:05:47.103949Z",
            "yes_price": 49,
            "no_price": 51,
            "taker_side": "no"
        },
        {
            "trade_id": "d8183436-a80a-4e93-9392-85ba557ca291",
            "ticker": "KXHIGHCHI-24DEC17-B38.5",
            "count": 1,
            "created_time": "2024-12-17T21:04:51.14132Z",
            "yes_price": 56,
            "no_price": 44,
            "taker_side": "yes"
        },
        {
            "trade_id": "8c52d076-e8ab-4e96-878e-2367094a9405",
            "ticker": "KXHIGHCHI-24DEC17-B38.5",
            "count": 17,
            "created_time": "2024-12-17T21:04:51.14132Z",
            "yes_price": 55,
            "no_price": 45,
            "taker_side": "yes"
        },
        {
            "trade_id": "5a6e6318-c594-469a-bd86-fcf49b7514ae",
            "ticker": "KXHIGHCHI-24DEC17-B38.5",
            "count": 18,
            "created_time": "2024-12-17T21:04:51.14132Z",
            "yes_price": 56,
            "no_price": 44,
            "taker_side": "yes"
        },
        {
            "trade_id": "ffab886f-1be7-4e92-a67d-a9d4ab867a28",
            "ticker": "KXHIGHCHI-24DEC17-B38.5",
            "count": 81,
            "created_time": "2024-12-17T21:04:30.54444Z",
            "yes_price": 50,
            "no_price": 50,
            "taker_side": "yes"
        },
        {
            "trade_id": "b6396048-dcbb-4e0b-a1f2-33810562e1f0",
            "ticker": "KXHIGHCHI-24DEC17-B38.5",
            "count": 15,
            "created_time": "2024-12-17T21:04:30.54444Z",
            "yes_price": 50,
            "no_price": 50,
            "taker_side": "yes"
        },
        {
            "trade_id": "f6b30582-cc06-4085-9660-0244247cbc84",
            "ticker": "KXHIGHCHI-24DEC17-B38.5",
            "count": 5,
            "created_time": "2024-12-17T21:04:09.477319Z",
            "yes_price": 42,
            "no_price": 58,
            "taker_side": "no"
        },
        {
            "trade_id": "c13436fb-6653-4337-8fba-81075af358e5",
            "ticker": "KXHIGHCHI-24DEC17-B38.5",
            "count": 15,
            "created_time": "2024-12-17T21:03:32.784521Z",
            "yes_price": 50,
            "no_price": 50,
            "taker_side": "no"
        },
        {
            "trade_id": "5c0a2834-d495-4228-a244-9a5ce89b4fbc",
            "ticker": "KXHIGHCHI-24DEC17-B38.5",
            "count": 26,
            "created_time": "2024-12-17T21:03:32.784521Z",
            "yes_price": 50,
            "no_price": 50,
            "taker_side": "no"
        },
        {
            "trade_id": "2286654a-e8b9-43f1-8d79-a683067bcdf4",
            "ticker": "KXHIGHCHI-24DEC17-B38.5",
            "count": 37,
            "created_time": "2024-12-17T21:03:23.864078Z",
            "yes_price": 51,
            "no_price": 49,
            "taker_side": "yes"
        },
        {
            "trade_id": "97424cd7-22d9-4946-a460-9f6832d9ef85",
            "ticker": "KXHIGHCHI-24DEC17-B38.5",
            "count": 16,
            "created_time": "2024-12-17T21:02:52.258604Z",
            "yes_price": 53,
            "no_price": 47,
            "taker_side": "yes"
        },
        {
            "trade_id": "4f915f52-0bbd-449a-a51d-97fc7bb6866d",
            "ticker": "KXHIGHCHI-24DEC17-B38.5",
            "count": 5,
            "created_time": "2024-12-17T21:02:31.121146Z",
            "yes_price": 54,
            "no_price": 46,
            "taker_side": "yes"
        },
        {
            "trade_id": "e417f929-ba57-4288-9acc-d9f14e3435c2",
            "ticker": "KXHIGHCHI-24DEC17-B38.5",
            "count": 8,
            "created_time": "2024-12-17T21:01:44.034494Z",
            "yes_price": 51,
            "no_price": 49,
            "taker_side": "yes"
        },
        {
            "trade_id": "db4f8a6f-14fd-41b9-8324-96a235987dec",
            "ticker": "KXHIGHCHI-24DEC17-B38.5",
            "count": 15,
            "created_time": "2024-12-17T21:01:28.905212Z",
            "yes_price": 46,
            "no_price": 54,
            "taker_side": "yes"
        },
        {
            "trade_id": "0e082144-bffc-40b5-b290-b62d50c8bf4d",
            "ticker": "KXHIGHCHI-24DEC17-B38.5",
            "count": 15,
            "created_time": "2024-12-17T21:01:28.905212Z",
            "yes_price": 46,
            "no_price": 54,
            "taker_side": "yes"
        },
        {
            "trade_id": "0be189e2-7574-4adf-b026-41d2c35c374d",
            "ticker": "KXHIGHCHI-24DEC17-B38.5",
            "count": 10,
            "created_time": "2024-12-17T21:01:00.76735Z",
            "yes_price": 41,
            "no_price": 59,
            "taker_side": "no"
        },
        {
            "trade_id": "cfac05d2-cbd9-408d-ab76-1fbbca5e29b6",
            "ticker": "KXHIGHCHI-24DEC17-B38.5",
            "count": 14,
            "created_time": "2024-12-17T21:00:16.861031Z",
            "yes_price": 46,
            "no_price": 54,
            "taker_side": "yes"
        },
        {
            "trade_id": "6ce3e9ab-2e25-4128-b704-81333e936220",
            "ticker": "KXHIGHCHI-24DEC17-B38.5",
            "count": 9,
            "created_time": "2024-12-17T20:58:50.436387Z",
            "yes_price": 43,
            "no_price": 57,
            "taker_side": "yes"
        },
        {
            "trade_id": "fd517ac2-8c24-49c0-94d4-b44225fe930b",
            "ticker": "KXHIGHCHI-24DEC17-B38.5",
            "count": 2,
            "created_time": "2024-12-17T20:54:05.485266Z",
            "yes_price": 47,
            "no_price": 53,
            "taker_side": "yes"
        },
        {
            "trade_id": "5c6bcbec-5719-41a7-afbd-6c49aacf8242",
            "ticker": "KXHIGHCHI-24DEC17-B38.5",
            "count": 1,
            "created_time": "2024-12-17T20:53:42.000712Z",
            "yes_price": 47,
            "no_price": 53,
            "taker_side": "yes"
        },
        {
            "trade_id": "3125ea86-7024-4736-a7b0-957e3190e5d2",
            "ticker": "KXHIGHCHI-24DEC17-B38.5",
            "count": 4,
            "created_time": "2024-12-17T20:53:42.000712Z",
            "yes_price": 47,
            "no_price": 53,
            "taker_side": "yes"
        },
        {
            "trade_id": "029f9c39-dd03-4077-9d81-ecfea150133d",
            "ticker": "KXHIGHCHI-24DEC17-B38.5",
            "count": 1,
            "created_time": "2024-12-17T20:53:42.000712Z",
            "yes_price": 47,
            "no_price": 53,
            "taker_side": "yes"
        },
        {
            "trade_id": "bdf047ca-02c0-4bc8-b6ec-dc89027f2a48",
            "ticker": "KXHIGHCHI-24DEC17-B38.5",
            "count": 4,
            "created_time": "2024-12-17T20:49:31.142632Z",
            "yes_price": 36,
            "no_price": 64,
            "taker_side": "no"
        },
        {
            "trade_id": "4503fd3f-c041-4aa6-a4ba-c064d9b27833",
            "ticker": "KXHIGHCHI-24DEC17-B38.5",
            "count": 18,
            "created_time": "2024-12-17T20:49:31.142632Z",
            "yes_price": 36,
            "no_price": 64,
            "taker_side": "no"
        },
        {
            "trade_id": "7e9785a5-60f5-40dc-bc0c-a4bb59aa24d4",
            "ticker": "KXHIGHCHI-24DEC17-B38.5",
            "count": 1,
            "created_time": "2024-12-17T20:48:04.333725Z",
            "yes_price": 36,
            "no_price": 64,
            "taker_side": "no"
        },
        {
            "trade_id": "ac512661-3ec3-40b8-b5c0-3479dbb4633a",
            "ticker": "KXHIGHCHI-24DEC17-B38.5",
            "count": 83,
            "created_time": "2024-12-17T20:47:41.64282Z",
            "yes_price": 49,
            "no_price": 51,
            "taker_side": "yes"
        },
        {
            "trade_id": "570c278c-071b-422f-846a-ffa7573d288c",
            "ticker": "KXHIGHCHI-24DEC17-B38.5",
            "count": 14,
            "created_time": "2024-12-17T20:47:41.64282Z",
            "yes_price": 48,
            "no_price": 52,
            "taker_side": "yes"
        },
        {
            "trade_id": "73d5503b-f680-4c89-b051-0cec81ad721b",
            "ticker": "KXHIGHCHI-24DEC17-B38.5",
            "count": 86,
            "created_time": "2024-12-17T20:46:18.209638Z",
            "yes_price": 54,
            "no_price": 46,
            "taker_side": "yes"
        },
        {
            "trade_id": "ac92bda4-ed1a-4c0d-9fa5-87448fd95c50",
            "ticker": "KXHIGHCHI-24DEC17-B38.5",
            "count": 17,
            "created_time": "2024-12-17T20:45:30.487173Z",
            "yes_price": 54,
            "no_price": 46,
            "taker_side": "yes"
        },
        {
            "trade_id": "701e04b0-40b1-44a1-a8e9-e6cc67972865",
            "ticker": "KXHIGHCHI-24DEC17-B38.5",
            "count": 17,
            "created_time": "2024-12-17T20:44:30.768886Z",
            "yes_price": 54,
            "no_price": 46,
            "taker_side": "yes"
        },
        {
            "trade_id": "3383dc51-8732-40eb-94b0-c52aa742f45e",
            "ticker": "KXHIGHCHI-24DEC17-B38.5",
            "count": 3,
            "created_time": "2024-12-17T20:43:57.325594Z",
            "yes_price": 36,
            "no_price": 64,
            "taker_side": "no"
        },
        {
            "trade_id": "91a32290-eee4-4fa6-8b7d-03539604446f",
            "ticker": "KXHIGHCHI-24DEC17-B38.5",
            "count": 15,
            "created_time": "2024-12-17T20:41:39.805861Z",
            "yes_price": 55,
            "no_price": 45,
            "taker_side": "yes"
        },
        {
            "trade_id": "8d6c5079-42f4-4b8e-9ef9-1b59de2657ca",
            "ticker": "KXHIGHCHI-24DEC17-B38.5",
            "count": 7,
            "created_time": "2024-12-17T20:40:12.656821Z",
            "yes_price": 56,
            "no_price": 44,
            "taker_side": "yes"
        },
        {
            "trade_id": "3f646681-b644-4d0b-bbb3-98ae5c96efaf",
            "ticker": "KXHIGHCHI-24DEC17-B38.5",
            "count": 80,
            "created_time": "2024-12-17T20:40:12.656821Z",
            "yes_price": 56,
            "no_price": 44,
            "taker_side": "yes"
        },
        {
            "trade_id": "f1726fca-0765-4916-a7af-3ec461f2a006",
            "ticker": "KXHIGHCHI-24DEC17-B38.5",
            "count": 19,
            "created_time": "2024-12-17T20:38:28.257208Z",
            "yes_price": 57,
            "no_price": 43,
            "taker_side": "yes"
        },
        {
            "trade_id": "95e2c8ca-759e-4950-9c6a-00c5e20a2512",
            "ticker": "KXHIGHCHI-24DEC17-B38.5",
            "count": 7,
            "created_time": "2024-12-17T20:37:07.094432Z",
            "yes_price": 57,
            "no_price": 43,
            "taker_side": "yes"
        },
        {
            "trade_id": "c8116c28-3247-4dc5-8788-f7251e053462",
            "ticker": "KXHIGHCHI-24DEC17-B38.5",
            "count": 76,
            "created_time": "2024-12-17T20:36:49.983109Z",
            "yes_price": 58,
            "no_price": 42,
            "taker_side": "yes"
        },
        {
            "trade_id": "b14fe01a-5dc0-41bf-8917-11d0b1d08958",
            "ticker": "KXHIGHCHI-24DEC17-B38.5",
            "count": 21,
            "created_time": "2024-12-17T20:36:49.983109Z",
            "yes_price": 58,
            "no_price": 42,
            "taker_side": "yes"
        },
        {
            "trade_id": "7c8289d6-94d1-4b5d-a297-714f61f414ba",
            "ticker": "KXHIGHCHI-24DEC17-B38.5",
            "count": 314,
            "created_time": "2024-12-17T20:36:16.414156Z",
            "yes_price": 50,
            "no_price": 50,
            "taker_side": "yes"
        },
        {
            "trade_id": "0d010071-e434-44d2-bb91-4cd866d609b6",
            "ticker": "KXHIGHCHI-24DEC17-B38.5",
            "count": 217,
            "created_time": "2024-12-17T20:36:16.414156Z",
            "yes_price": 58,
            "no_price": 42,
            "taker_side": "yes"
        },
        {
            "trade_id": "787197ea-2cb2-43c7-947f-1afb47398724",
            "ticker": "KXHIGHCHI-24DEC17-B38.5",
            "count": 186,
            "created_time": "2024-12-17T20:35:57.152333Z",
            "yes_price": 50,
            "no_price": 50,
            "taker_side": "yes"
        },
        {
            "trade_id": "0a27a908-1fdc-43a8-a5c6-733a7ed98fb4",
            "ticker": "KXHIGHCHI-24DEC17-B38.5",
            "count": 7,
            "created_time": "2024-12-17T20:35:57.152333Z",
            "yes_price": 49,
            "no_price": 51,
            "taker_side": "yes"
        },
        {
            "trade_id": "e5c4ee3c-781e-4f3a-ae08-cf7352a5695e",
            "ticker": "KXHIGHCHI-24DEC17-B38.5",
            "count": 90,
            "created_time": "2024-12-17T20:35:34.989392Z",
            "yes_price": 49,
            "no_price": 51,
            "taker_side": "yes"
        },
        {
            "trade_id": "cc635419-fe0d-48e5-8b43-d58c8749f432",
            "ticker": "KXHIGHCHI-24DEC17-B38.5",
            "count": 10,
            "created_time": "2024-12-17T20:35:34.989392Z",
            "yes_price": 48,
            "no_price": 52,
            "taker_side": "yes"
        },
        {
            "trade_id": "b7781087-697e-4095-b4d2-369b79f7abab",
            "ticker": "KXHIGHCHI-24DEC17-B38.5",
            "count": 7,
            "created_time": "2024-12-17T20:35:34.989392Z",
            "yes_price": 49,
            "no_price": 51,
            "taker_side": "yes"
        },
        {
            "trade_id": "b397b55d-8e50-4228-bf7f-2d3372c32890",
            "ticker": "KXHIGHCHI-24DEC17-B38.5",
            "count": 343,
            "created_time": "2024-12-17T20:35:34.989392Z",
            "yes_price": 40,
            "no_price": 60,
            "taker_side": "yes"
        },
        {
            "trade_id": "7d78d39e-7bb1-4814-bf86-1108a0568dae",
            "ticker": "KXHIGHCHI-24DEC17-B38.5",
            "count": 5,
            "created_time": "2024-12-17T20:35:34.989392Z",
            "yes_price": 47,
            "no_price": 53,
            "taker_side": "yes"
        },
        {
            "trade_id": "cd32be33-54b7-4001-950b-a36a06e7949c",
            "ticker": "KXHIGHCHI-24DEC17-B38.5",
            "count": 47,
            "created_time": "2024-12-17T20:35:19.655059Z",
            "yes_price": 40,
            "no_price": 60,
            "taker_side": "yes"
        },
        {
            "trade_id": "4cede35b-d9de-4f75-a931-9fd0b69fd5f2",
            "ticker": "KXHIGHCHI-24DEC17-B38.5",
            "count": 52,
            "created_time": "2024-12-17T20:34:27.361092Z",
            "yes_price": 40,
            "no_price": 60,
            "taker_side": "yes"
        },
        {
            "trade_id": "23aa8c72-3ec9-486f-88bb-159fe9327bd0",
            "ticker": "KXHIGHCHI-24DEC17-B38.5",
            "count": 116,
            "created_time": "2024-12-17T20:34:27.361092Z",
            "yes_price": 39,
            "no_price": 61,
            "taker_side": "yes"
        },
        {
            "trade_id": "cb59f789-25a9-4135-b9b1-8a44d98e261f",
            "ticker": "KXHIGHCHI-24DEC17-B38.5",
            "count": 58,
            "created_time": "2024-12-17T20:33:56.402229Z",
            "yes_price": 40,
            "no_price": 60,
            "taker_side": "yes"
        },
        {
            "trade_id": "48155a85-85f7-44db-afa0-614aa9e5f605",
            "ticker": "KXHIGHCHI-24DEC17-B38.5",
            "count": 1,
            "created_time": "2024-12-17T20:33:56.402229Z",
            "yes_price": 39,
            "no_price": 61,
            "taker_side": "yes"
        },
        {
            "trade_id": "8b3521aa-ef08-47cd-926f-becd58b92013",
            "ticker": "KXHIGHCHI-24DEC17-B38.5",
            "count": 12,
            "created_time": "2024-12-17T20:33:35.905605Z",
            "yes_price": 49,
            "no_price": 51,
            "taker_side": "yes"
        },
        {
            "trade_id": "76d0e344-33b9-4d18-a6a8-930123389452",
            "ticker": "KXHIGHCHI-24DEC17-B38.5",
            "count": 23,
            "created_time": "2024-12-17T20:33:35.905605Z",
            "yes_price": 45,
            "no_price": 55,
            "taker_side": "yes"
        },
        {
            "trade_id": "193f8404-d0b7-45fd-ad27-a93aa6292789",
            "ticker": "KXHIGHCHI-24DEC17-B38.5",
            "count": 28,
            "created_time": "2024-12-17T20:33:35.905605Z",
            "yes_price": 43,
            "no_price": 57,
            "taker_side": "yes"
        },
        {
            "trade_id": "16e09995-77d5-4d51-914c-db46ad28fa14",
            "ticker": "KXHIGHCHI-24DEC17-B38.5",
            "count": 50,
            "created_time": "2024-12-17T20:33:35.905605Z",
            "yes_price": 43,
            "no_price": 57,
            "taker_side": "yes"
        },
        {
            "trade_id": "f698c3c3-6345-46c5-8849-77b526da7bd2",
            "ticker": "KXHIGHCHI-24DEC17-B38.5",
            "count": 15,
            "created_time": "2024-12-17T20:32:27.451536Z",
            "yes_price": 37,
            "no_price": 63,
            "taker_side": "yes"
        },
        {
            "trade_id": "ecd48055-377e-4829-a5c7-4b6ca0238c63",
            "ticker": "KXHIGHCHI-24DEC17-B38.5",
            "count": 100,
            "created_time": "2024-12-17T20:32:27.451536Z",
            "yes_price": 40,
            "no_price": 60,
            "taker_side": "yes"
        },
        {
            "trade_id": "cfe81947-0be3-45ed-97e9-1dbd22957b93",
            "ticker": "KXHIGHCHI-24DEC17-B38.5",
            "count": 25,
            "created_time": "2024-12-17T20:32:27.451536Z",
            "yes_price": 37,
            "no_price": 63,
            "taker_side": "yes"
        },
        {
            "trade_id": "82492590-ce28-4f9a-9a94-ee5deea03bb1",
            "ticker": "KXHIGHCHI-24DEC17-B38.5",
            "count": 24,
            "created_time": "2024-12-17T20:32:27.451536Z",
            "yes_price": 44,
            "no_price": 56,
            "taker_side": "yes"
        },
        {
            "trade_id": "60daeb87-3857-4a4e-8291-b88691e0b29a",
            "ticker": "KXHIGHCHI-24DEC17-B38.5",
            "count": 26,
            "created_time": "2024-12-17T20:32:27.451536Z",
            "yes_price": 37,
            "no_price": 63,
            "taker_side": "yes"
        },
        {
            "trade_id": "59dc7af1-fc84-4c4c-9c4a-a2eea4f0d3fb",
            "ticker": "KXHIGHCHI-24DEC17-B38.5",
            "count": 25,
            "created_time": "2024-12-17T20:32:27.451536Z",
            "yes_price": 45,
            "no_price": 55,
            "taker_side": "yes"
        },
        {
            "trade_id": "3255fefb-1703-4058-87ff-2c449d7d2a49",
            "ticker": "KXHIGHCHI-24DEC17-B38.5",
            "count": 26,
            "created_time": "2024-12-17T20:32:27.451536Z",
            "yes_price": 37,
            "no_price": 63,
            "taker_side": "yes"
        },
        {
            "trade_id": "b2b2a91f-fb31-499b-bc9d-7432dde3d57a",
            "ticker": "KXHIGHCHI-24DEC17-B38.5",
            "count": 10,
            "created_time": "2024-12-17T20:32:21.517537Z",
            "yes_price": 37,
            "no_price": 63,
            "taker_side": "yes"
        },
        {
            "trade_id": "f9b74343-c7c5-4d00-a0d5-0488d0de2176",
            "ticker": "KXHIGHCHI-24DEC17-B38.5",
            "count": 258,
            "created_time": "2024-12-17T20:32:08.246781Z",
            "yes_price": 35,
            "no_price": 65,
            "taker_side": "yes"
        },
        {
            "trade_id": "cabd62c6-0007-41d5-b277-dc1abd6ab1b6",
            "ticker": "KXHIGHCHI-24DEC17-B38.5",
            "count": 8,
            "created_time": "2024-12-17T20:32:08.246781Z",
            "yes_price": 28,
            "no_price": 72,
            "taker_side": "yes"
        },
        {
            "trade_id": "c2cde754-7757-4736-a984-32fc888f82fe",
            "ticker": "KXHIGHCHI-24DEC17-B38.5",
            "count": 43,
            "created_time": "2024-12-17T20:32:08.246781Z",
            "yes_price": 28,
            "no_price": 72,
            "taker_side": "yes"
        },
        {
            "trade_id": "b938a6c6-c7f2-48f4-b768-2d6b1cee50c0",
            "ticker": "KXHIGHCHI-24DEC17-B38.5",
            "count": 23,
            "created_time": "2024-12-17T20:32:08.246781Z",
            "yes_price": 35,
            "no_price": 65,
            "taker_side": "yes"
        },
        {
            "trade_id": "a3189313-3298-441e-9857-521863cfb825",
            "ticker": "KXHIGHCHI-24DEC17-B38.5",
            "count": 29,
            "created_time": "2024-12-17T20:32:08.246781Z",
            "yes_price": 32,
            "no_price": 68,
            "taker_side": "yes"
        },
        {
            "trade_id": "971cd8d9-91a1-4952-9b2f-0b5ea0631d89",
            "ticker": "KXHIGHCHI-24DEC17-B38.5",
            "count": 15,
            "created_time": "2024-12-17T20:32:08.246781Z",
            "yes_price": 32,
            "no_price": 68,
            "taker_side": "yes"
        },
        {
            "trade_id": "57c0f37d-f78a-4052-9cb3-1be58c4680ba",
            "ticker": "KXHIGHCHI-24DEC17-B38.5",
            "count": 19,
            "created_time": "2024-12-17T20:32:08.246781Z",
            "yes_price": 27,
            "no_price": 73,
            "taker_side": "yes"
        },
        {
            "trade_id": "55c76968-e2ca-4d56-8774-724a89bfdc58",
            "ticker": "KXHIGHCHI-24DEC17-B38.5",
            "count": 437,
            "created_time": "2024-12-17T20:32:08.246781Z",
            "yes_price": 25,
            "no_price": 75,
            "taker_side": "yes"
        },
        {
            "trade_id": "439bce1b-6804-4378-86c2-cbde0dc0f5c8",
            "ticker": "KXHIGHCHI-24DEC17-B38.5",
            "count": 22,
            "created_time": "2024-12-17T20:32:08.246781Z",
            "yes_price": 32,
            "no_price": 68,
            "taker_side": "yes"
        },
        {
            "trade_id": "390ea5d3-af88-4ffd-810e-e6557faa0145",
            "ticker": "KXHIGHCHI-24DEC17-B38.5",
            "count": 278,
            "created_time": "2024-12-17T20:32:08.246781Z",
            "yes_price": 36,
            "no_price": 64,
            "taker_side": "yes"
        },
        {
