{
    "HIGHCHI-24APR19-T56": [
        {
            "trade_id": "b1c94c7f-50cc-4b98-b7bf-dd9fcda242e7",
            "ticker": "HIGHCHI-24APR19-T56",
            "count": 8,
            "created_time": "2024-04-19T17:56:44.523769Z",
            "yes_price": 10,
            "no_price": 90,
            "taker_side": "no"
        },
        {
            "trade_id": "941e8455-d9a0-4425-b524-55fbe909ab89",
            "ticker": "HIGHCHI-24APR19-T56",
            "count": 2,
            "created_time": "2024-04-19T17:39:12.288689Z",
            "yes_price": 10,
            "no_price": 90,
            "taker_side": "yes"
        },
        {
            "trade_id": "9e59b398-5f2c-4102-9368-ad3328c6f7a2",
            "ticker": "HIGHCHI-24APR19-T56",
            "count": 10,
            "created_time": "2024-04-19T17:38:08.779348Z",
            "yes_price": 10,
            "no_price": 90,
            "taker_side": "yes"
        },
        {
            "trade_id": "38015437-e996-45e2-99c2-92b748ece02b",
            "ticker": "HIGHCHI-24APR19-T56",
            "count": 1,
            "created_time": "2024-04-18T21:59:32.560138Z",
            "yes_price": 3,
            "no_price": 97,
            "taker_side": "no"
        },
        {
            "trade_id": "77199c4c-c94d-4bd9-9fbf-37edf8ecbe35",
            "ticker": "HIGHCHI-24APR19-T56",
            "count": 100,
            "created_time": "2024-04-18T19:12:09.609273Z",
            "yes_price": 3,
            "no_price": 97,
            "taker_side": "no"
        }
    ],
    "HIGHCHI-24APR19-B56.5": [
        {
            "trade_id": "b5edad1f-afe9-4140-84a0-29eb647a04bf",
            "ticker": "HIGHCHI-24APR19-B56.5",
            "count": 34,
            "created_time": "2024-04-19T19:10:16.699283Z",
            "yes_price": 10,
            "no_price": 90,
            "taker_side": "no"
        },
        {
            "trade_id": "1fb65d4b-f4ab-4bec-9fa1-e119ba7c411d",
            "ticker": "HIGHCHI-24APR19-B56.5",
            "count": 1,
            "created_time": "2024-04-19T18:15:13.961686Z",
            "yes_price": 10,
            "no_price": 90,
            "taker_side": "no"
        },
        {
            "trade_id": "60abd3b0-7267-4ab5-a992-8e6f106fd2a8",
            "ticker": "HIGHCHI-24APR19-B56.5",
            "count": 1,
            "created_time": "2024-04-19T14:59:39.228554Z",
            "yes_price": 28,
            "no_price": 72,
            "taker_side": "yes"
        },
        {
            "trade_id": "cfa3d55f-d958-45c8-a89b-06dff19ff7a0",
            "ticker": "HIGHCHI-24APR19-B56.5",
            "count": 49,
            "created_time": "2024-04-19T14:35:58.035077Z",
            "yes_price": 23,
            "no_price": 77,
            "taker_side": "no"
        },
        {
            "trade_id": "79ae5476-1043-4689-9724-28d5c0d9cce6",
            "ticker": "HIGHCHI-24APR19-B56.5",
            "count": 49,
            "created_time": "2024-04-19T14:35:48.843246Z",
            "yes_price": 24,
            "no_price": 76,
            "taker_side": "no"
        },
        {
            "trade_id": "69680ece-b04b-4e6e-9070-7ed370780c0f",
            "ticker": "HIGHCHI-24APR19-B56.5",
            "count": 49,
            "created_time": "2024-04-19T14:35:41.365748Z",
            "yes_price": 25,
            "no_price": 75,
            "taker_side": "no"
        },
        {
            "trade_id": "a9441681-daf0-4b88-8983-faf7c8a58fa2",
            "ticker": "HIGHCHI-24APR19-B56.5",
            "count": 10,
            "created_time": "2024-04-19T14:35:36.052788Z",
            "yes_price": 27,
            "no_price": 73,
            "taker_side": "no"
        },
        {
            "trade_id": "df354ab2-2dcb-4062-924e-374539949873",
            "ticker": "HIGHCHI-24APR19-B56.5",
            "count": 15,
            "created_time": "2024-04-19T12:26:29.031754Z",
            "yes_price": 24,
            "no_price": 76,
            "taker_side": "no"
        },
        {
            "trade_id": "57513742-b4b4-4854-8908-b4986ad0c8cd",
            "ticker": "HIGHCHI-24APR19-B56.5",
            "count": 15,
            "created_time": "2024-04-19T12:24:04.713708Z",
            "yes_price": 24,
            "no_price": 76,
            "taker_side": "no"
        },
        {
            "trade_id": "dd4e712c-6e86-43e3-a9f5-abaaec53d4a1",
            "ticker": "HIGHCHI-24APR19-B56.5",
            "count": 9,
            "created_time": "2024-04-19T12:11:09.029682Z",
            "yes_price": 30,
            "no_price": 70,
            "taker_side": "yes"
        },
        {
            "trade_id": "e7630181-3bf1-4cf6-9188-6cc55b763382",
            "ticker": "HIGHCHI-24APR19-B56.5",
            "count": 1,
            "created_time": "2024-04-18T21:59:33.194843Z",
            "yes_price": 15,
            "no_price": 85,
            "taker_side": "no"
        },
        {
            "trade_id": "df678ca2-a98b-463e-88ae-62dcb52b730d",
            "ticker": "HIGHCHI-24APR19-B56.5",
            "count": 30,
            "created_time": "2024-04-18T20:01:18.719394Z",
            "yes_price": 19,
            "no_price": 81,
            "taker_side": "yes"
        },
        {
            "trade_id": "de20f43a-1304-434e-8323-4ec31f714e18",
            "ticker": "HIGHCHI-24APR19-B56.5",
            "count": 105,
            "created_time": "2024-04-18T20:01:18.719394Z",
            "yes_price": 19,
            "no_price": 81,
            "taker_side": "yes"
        },
        {
            "trade_id": "1fb90aa4-953f-401d-a74a-f2d64f66e69c",
            "ticker": "HIGHCHI-24APR19-B56.5",
            "count": 120,
            "created_time": "2024-04-18T20:01:10.523012Z",
            "yes_price": 18,
            "no_price": 82,
            "taker_side": "yes"
        },
        {
            "trade_id": "b55609e9-c32e-45d7-9f7e-6a9bf876b0d7",
            "ticker": "HIGHCHI-24APR19-B56.5",
            "count": 120,
            "created_time": "2024-04-18T20:01:03.801645Z",
            "yes_price": 17,
            "no_price": 83,
            "taker_side": "yes"
        },
        {
            "trade_id": "f9f86ea8-97ae-4942-91b8-3b0eb078b388",
            "ticker": "HIGHCHI-24APR19-B56.5",
            "count": 120,
            "created_time": "2024-04-18T20:00:55.028904Z",
            "yes_price": 16,
            "no_price": 84,
            "taker_side": "yes"
        },
        {
            "trade_id": "f23e9c0a-e4c5-439d-b55b-4ff12cef7016",
            "ticker": "HIGHCHI-24APR19-B56.5",
            "count": 25,
            "created_time": "2024-04-18T18:04:36.887661Z",
            "yes_price": 19,
            "no_price": 81,
            "taker_side": "yes"
        },
        {
            "trade_id": "8f6f104d-b923-4535-98ed-5298430dad9e",
            "ticker": "HIGHCHI-24APR19-B56.5",
            "count": 75,
            "created_time": "2024-04-18T18:04:36.887661Z",
            "yes_price": 17,
            "no_price": 83,
            "taker_side": "yes"
        },
        {
            "trade_id": "1cbf66b9-4574-483d-8c4e-ff205876c54b",
            "ticker": "HIGHCHI-24APR19-B56.5",
            "count": 25,
            "created_time": "2024-04-18T16:14:06.700303Z",
            "yes_price": 17,
            "no_price": 83,
            "taker_side": "yes"
        },
        {
            "trade_id": "1828f073-a157-448d-9e35-fc874008bd3d",
            "ticker": "HIGHCHI-24APR19-B56.5",
            "count": 5,
            "created_time": "2024-04-18T16:14:06.700303Z",
            "yes_price": 17,
            "no_price": 83,
            "taker_side": "yes"
        },
        {
            "trade_id": "6399e7f1-99d7-464a-a1a4-2d98eac8a082",
            "ticker": "HIGHCHI-24APR19-B56.5",
            "count": 12,
            "created_time": "2024-04-18T14:36:33.074705Z",
            "yes_price": 10,
            "no_price": 90,
            "taker_side": "yes"
        }
    ],
    "HIGHCHI-24APR19-B58.5": [
        {
            "trade_id": "d5f4d619-ba6b-4ce5-ba8f-8254a8e18cb6",
            "ticker": "HIGHCHI-24APR19-B58.5",
            "count": 5,
            "created_time": "2024-04-20T03:54:55.991716Z",
            "yes_price": 99,
            "no_price": 1,
            "taker_side": "yes"
        },
        {
            "trade_id": "599d3589-39d9-4d83-9288-21e06de30dc3",
            "ticker": "HIGHCHI-24APR19-B58.5",
            "count": 10,
            "created_time": "2024-04-20T03:54:03.380531Z",
            "yes_price": 99,
            "no_price": 1,
            "taker_side": "yes"
        },
        {
            "trade_id": "b08f40e3-7449-4268-9054-8f4a8451ac7f",
            "ticker": "HIGHCHI-24APR19-B58.5",
            "count": 40,
            "created_time": "2024-04-20T02:44:48.908559Z",
            "yes_price": 98,
            "no_price": 2,
            "taker_side": "no"
        },
        {
            "trade_id": "c1523b67-f875-460b-bf9e-5dc176ea5dd3",
            "ticker": "HIGHCHI-24APR19-B58.5",
            "count": 55,
            "created_time": "2024-04-20T02:24:27.351471Z",
            "yes_price": 98,
            "no_price": 2,
            "taker_side": "no"
        },
        {
            "trade_id": "73abc571-c240-4746-9da9-9d91f774d513",
            "ticker": "HIGHCHI-24APR19-B58.5",
            "count": 1,
            "created_time": "2024-04-19T23:00:18.209428Z",
            "yes_price": 76,
            "no_price": 24,
            "taker_side": "no"
        },
        {
            "trade_id": "4ea636cd-f0d7-4ac5-834f-f85208e70adf",
            "ticker": "HIGHCHI-24APR19-B58.5",
            "count": 18,
            "created_time": "2024-04-19T23:00:18.209428Z",
            "yes_price": 75,
            "no_price": 25,
            "taker_side": "no"
        },
        {
            "trade_id": "ad2adfac-a391-48fc-b1bf-95fc3f6977fb",
            "ticker": "HIGHCHI-24APR19-B58.5",
            "count": 3,
            "created_time": "2024-04-19T21:20:59.184502Z",
            "yes_price": 50,
            "no_price": 50,
            "taker_side": "no"
        },
        {
            "trade_id": "2a737c28-5ce3-434f-9526-05c756be1517",
            "ticker": "HIGHCHI-24APR19-B58.5",
            "count": 1,
            "created_time": "2024-04-19T19:59:11.197146Z",
            "yes_price": 80,
            "no_price": 20,
            "taker_side": "yes"
        },
        {
            "trade_id": "7ab0a179-e875-40a5-8660-99c5189e7ee3",
            "ticker": "HIGHCHI-24APR19-B58.5",
            "count": 1,
            "created_time": "2024-04-19T19:32:49.181385Z",
            "yes_price": 79,
            "no_price": 21,
            "taker_side": "yes"
        },
        {
            "trade_id": "9c667985-6abc-439f-b466-ea181fd30715",
            "ticker": "HIGHCHI-24APR19-B58.5",
            "count": 9,
            "created_time": "2024-04-19T16:06:37.333368Z",
            "yes_price": 55,
            "no_price": 45,
            "taker_side": "no"
        },
        {
            "trade_id": "60ef545f-deed-4acf-ba71-8e2a2b7d5201",
            "ticker": "HIGHCHI-24APR19-B58.5",
            "count": 15,
            "created_time": "2024-04-19T15:51:31.510393Z",
            "yes_price": 61,
            "no_price": 39,
            "taker_side": "yes"
        },
        {
            "trade_id": "a2b8217e-a2e3-4ca5-85da-80b2ce850fa9",
            "ticker": "HIGHCHI-24APR19-B58.5",
            "count": 9,
            "created_time": "2024-04-19T15:51:04.630132Z",
            "yes_price": 60,
            "no_price": 40,
            "taker_side": "yes"
        },
        {
            "trade_id": "8e14089a-4df0-4ad0-bcf4-427b6c7823e4",
            "ticker": "HIGHCHI-24APR19-B58.5",
            "count": 3,
            "created_time": "2024-04-19T15:05:12.575301Z",
            "yes_price": 59,
            "no_price": 41,
            "taker_side": "yes"
        },
        {
            "trade_id": "f358d4ce-3c6c-4048-bd84-fe59394b8fe2",
            "ticker": "HIGHCHI-24APR19-B58.5",
            "count": 3,
            "created_time": "2024-04-19T14:57:16.155414Z",
            "yes_price": 56,
            "no_price": 44,
            "taker_side": "yes"
        },
        {
            "trade_id": "8bf389dc-caa3-41d4-b8ff-fd2e6f7b517b",
            "ticker": "HIGHCHI-24APR19-B58.5",
            "count": 82,
            "created_time": "2024-04-19T14:57:16.155414Z",
            "yes_price": 56,
            "no_price": 44,
            "taker_side": "yes"
        },
        {
            "trade_id": "5ec1fa18-41d9-4741-8f8b-0594d0712057",
            "ticker": "HIGHCHI-24APR19-B58.5",
            "count": 37,
            "created_time": "2024-04-19T14:57:16.155414Z",
            "yes_price": 54,
            "no_price": 46,
            "taker_side": "yes"
        },
        {
            "trade_id": "5b9dc5cb-1902-46f5-886c-6ab8e4bd3cc9",
            "ticker": "HIGHCHI-24APR19-B58.5",
            "count": 75,
            "created_time": "2024-04-19T14:57:16.155414Z",
            "yes_price": 59,
            "no_price": 41,
            "taker_side": "yes"
        },
        {
            "trade_id": "58d3c292-7fee-460e-853f-7d3d53e589a7",
            "ticker": "HIGHCHI-24APR19-B58.5",
            "count": 3,
            "created_time": "2024-04-19T14:38:06.15489Z",
            "yes_price": 53,
            "no_price": 47,
            "taker_side": "yes"
        },
        {
            "trade_id": "cfbfe654-aca9-4c85-b1a0-d9ca1a318f5c",
            "ticker": "HIGHCHI-24APR19-B58.5",
            "count": 16,
            "created_time": "2024-04-19T14:32:47.566854Z",
            "yes_price": 51,
            "no_price": 49,
            "taker_side": "yes"
        },
        {
            "trade_id": "a92c8909-6b90-4245-9cf4-ff2f9bd559bb",
            "ticker": "HIGHCHI-24APR19-B58.5",
            "count": 5,
            "created_time": "2024-04-19T14:32:47.566854Z",
            "yes_price": 54,
            "no_price": 46,
            "taker_side": "yes"
        },
        {
            "trade_id": "f5f5f836-f159-4f69-8cbb-a4e07efcb58b",
            "ticker": "HIGHCHI-24APR19-B58.5",
            "count": 2,
            "created_time": "2024-04-19T14:01:05.799948Z",
            "yes_price": 51,
            "no_price": 49,
            "taker_side": "yes"
        },
        {
            "trade_id": "e303fc7b-3273-4754-a457-8d86f628499a",
            "ticker": "HIGHCHI-24APR19-B58.5",
            "count": 2,
            "created_time": "2024-04-19T13:24:13.440119Z",
            "yes_price": 44,
            "no_price": 56,
            "taker_side": "no"
        },
        {
            "trade_id": "abfa3148-eb6a-4315-b6ec-f7f813c5b573",
            "ticker": "HIGHCHI-24APR19-B58.5",
            "count": 37,
            "created_time": "2024-04-19T12:54:11.055607Z",
            "yes_price": 48,
            "no_price": 52,
            "taker_side": "yes"
        },
        {
            "trade_id": "8c6ded92-0d65-4708-8104-56b6e3e231be",
            "ticker": "HIGHCHI-24APR19-B58.5",
            "count": 3,
            "created_time": "2024-04-19T12:54:11.055607Z",
            "yes_price": 47,
            "no_price": 53,
            "taker_side": "yes"
        },
        {
            "trade_id": "89f29828-036d-4b3c-ba71-a700a023acb4",
            "ticker": "HIGHCHI-24APR19-B58.5",
            "count": 1,
            "created_time": "2024-04-19T12:46:00.791612Z",
            "yes_price": 43,
            "no_price": 57,
            "taker_side": "yes"
        },
        {
            "trade_id": "47c44ff2-47eb-4755-bf8c-c32ba30828de",
            "ticker": "HIGHCHI-24APR19-B58.5",
            "count": 2,
            "created_time": "2024-04-19T12:45:02.264108Z",
            "yes_price": 43,
            "no_price": 57,
            "taker_side": "no"
        },
        {
            "trade_id": "febadb22-adfa-4e47-aef9-4c0fc94587d8",
            "ticker": "HIGHCHI-24APR19-B58.5",
            "count": 30,
            "created_time": "2024-04-19T12:32:26.303054Z",
            "yes_price": 47,
            "no_price": 53,
            "taker_side": "yes"
        },
        {
            "trade_id": "694404d6-6866-47e0-8a12-31667d5b878c",
            "ticker": "HIGHCHI-24APR19-B58.5",
            "count": 150,
            "created_time": "2024-04-19T12:32:26.303054Z",
            "yes_price": 49,
            "no_price": 51,
            "taker_side": "yes"
        },
        {
            "trade_id": "831b2076-78a7-4d19-954a-4345c00b7ef7",
            "ticker": "HIGHCHI-24APR19-B58.5",
            "count": 75,
            "created_time": "2024-04-19T01:27:17.201445Z",
            "yes_price": 31,
            "no_price": 69,
            "taker_side": "yes"
        },
        {
            "trade_id": "bfc9060e-1c10-45a6-894f-f5557585574c",
            "ticker": "HIGHCHI-24APR19-B58.5",
            "count": 21,
            "created_time": "2024-04-19T01:26:02.960072Z",
            "yes_price": 25,
            "no_price": 75,
            "taker_side": "yes"
        },
        {
            "trade_id": "aed2f7cb-e31a-4302-9ccc-334a69af1535",
            "ticker": "HIGHCHI-24APR19-B58.5",
            "count": 21,
            "created_time": "2024-04-19T00:10:16.585015Z",
            "yes_price": 24,
            "no_price": 76,
            "taker_side": "no"
        },
        {
            "trade_id": "fdc71262-d77b-4a8d-96f3-caca4caee388",
            "ticker": "HIGHCHI-24APR19-B58.5",
            "count": 19,
            "created_time": "2024-04-18T22:19:39.17923Z",
            "yes_price": 25,
            "no_price": 75,
            "taker_side": "yes"
        },
        {
            "trade_id": "1affd410-9434-4d09-b629-d8d1cbd865c5",
            "ticker": "HIGHCHI-24APR19-B58.5",
            "count": 1,
            "created_time": "2024-04-18T21:59:33.729141Z",
            "yes_price": 23,
            "no_price": 77,
            "taker_side": "no"
        },
        {
            "trade_id": "e635bee2-a935-4145-8482-0a8d433fea2a",
            "ticker": "HIGHCHI-24APR19-B58.5",
            "count": 20,
            "created_time": "2024-04-18T20:53:43.906595Z",
            "yes_price": 28,
            "no_price": 72,
            "taker_side": "yes"
        },
        {
            "trade_id": "5b79958f-07e0-4677-96bb-8f0016121ed9",
            "ticker": "HIGHCHI-24APR19-B58.5",
            "count": 10,
            "created_time": "2024-04-18T18:35:15.815433Z",
            "yes_price": 25,
            "no_price": 75,
            "taker_side": "no"
        },
        {
            "trade_id": "5e41b95f-10e0-480e-a1ba-1d4f709263ac",
            "ticker": "HIGHCHI-24APR19-B58.5",
            "count": 10,
            "created_time": "2024-04-18T17:30:13.314111Z",
            "yes_price": 26,
            "no_price": 74,
            "taker_side": "no"
        },
        {
            "trade_id": "26067903-7b34-4267-bf1f-1fb696260796",
            "ticker": "HIGHCHI-24APR19-B58.5",
            "count": 10,
            "created_time": "2024-04-18T17:03:08.65119Z",
            "yes_price": 26,
            "no_price": 74,
            "taker_side": "no"
        },
        {
            "trade_id": "36369383-e702-4e58-ac4f-e7ae699de508",
            "ticker": "HIGHCHI-24APR19-B58.5",
            "count": 20,
            "created_time": "2024-04-18T16:13:39.483387Z",
            "yes_price": 31,
            "no_price": 69,
            "taker_side": "yes"
        },
        {
            "trade_id": "5b6618b6-2731-42bb-96e7-4f7b45b574fd",
            "ticker": "HIGHCHI-24APR19-B58.5",
            "count": 5,
            "created_time": "2024-04-18T15:19:21.687299Z",
            "yes_price": 25,
            "no_price": 75,
            "taker_side": "no"
        },
        {
            "trade_id": "d003b79f-6d19-41da-8612-9df3353dfc38",
            "ticker": "HIGHCHI-24APR19-B58.5",
            "count": 44,
            "created_time": "2024-04-18T14:18:29.493418Z",
            "yes_price": 24,
            "no_price": 76,
            "taker_side": "yes"
        },
        {
            "trade_id": "5902b80f-87cb-4366-9c64-2c8934805b2e",
            "ticker": "HIGHCHI-24APR19-B58.5",
            "count": 12,
            "created_time": "2024-04-18T14:16:08.238734Z",
            "yes_price": 20,
            "no_price": 80,
            "taker_side": "no"
        }
    ],
    "HIGHCHI-24APR19-B60.5": [
        {
            "trade_id": "47670e5f-6d6a-4a26-af6b-ccebe4524d60",
            "ticker": "HIGHCHI-24APR19-B60.5",
            "count": 57,
            "created_time": "2024-04-20T03:28:56.815433Z",
            "yes_price": 3,
            "no_price": 97,
            "taker_side": "yes"
        },
        {
            "trade_id": "1f7d95c3-2bcb-483a-a1be-a63c91789b24",
            "ticker": "HIGHCHI-24APR19-B60.5",
            "count": 3,
            "created_time": "2024-04-19T18:15:14.464389Z",
            "yes_price": 31,
            "no_price": 69,
            "taker_side": "yes"
        },
        {
            "trade_id": "6cf4fad6-de2c-42f7-863b-e96dc30c6a28",
            "ticker": "HIGHCHI-24APR19-B60.5",
            "count": 1,
            "created_time": "2024-04-19T16:50:47.394461Z",
            "yes_price": 4,
            "no_price": 96,
            "taker_side": "no"
        },
        {
            "trade_id": "e28a3bd4-86fb-4cb3-8384-2b0badb3a175",
            "ticker": "HIGHCHI-24APR19-B60.5",
            "count": 3,
            "created_time": "2024-04-19T14:47:43.087547Z",
            "yes_price": 17,
            "no_price": 83,
            "taker_side": "no"
        },
        {
            "trade_id": "5e6eba98-ad7a-4088-a9db-05744c77bf3f",
            "ticker": "HIGHCHI-24APR19-B60.5",
            "count": 57,
            "created_time": "2024-04-19T14:36:58.971078Z",
            "yes_price": 22,
            "no_price": 78,
            "taker_side": "yes"
        },
        {
            "trade_id": "b56b5429-690d-4fc2-a450-3dde30b00419",
            "ticker": "HIGHCHI-24APR19-B60.5",
            "count": 1,
            "created_time": "2024-04-19T14:36:37.649564Z",
            "yes_price": 20,
            "no_price": 80,
            "taker_side": "yes"
        },
        {
            "trade_id": "4741ef6e-cdea-4102-ba56-db041b5a7d0e",
            "ticker": "HIGHCHI-24APR19-B60.5",
            "count": 1,
            "created_time": "2024-04-19T13:53:43.447361Z",
            "yes_price": 17,
            "no_price": 83,
            "taker_side": "no"
        },
        {
            "trade_id": "739ec153-60e8-4702-8098-49fc6e2380ac",
            "ticker": "HIGHCHI-24APR19-B60.5",
            "count": 15,
            "created_time": "2024-04-19T13:29:14.264892Z",
            "yes_price": 18,
            "no_price": 82,
            "taker_side": "no"
        },
        {
            "trade_id": "7a5e6ed3-dc70-4c22-8aff-678994a6c6aa",
            "ticker": "HIGHCHI-24APR19-B60.5",
            "count": 24,
            "created_time": "2024-04-19T13:20:03.874781Z",
            "yes_price": 19,
            "no_price": 81,
            "taker_side": "no"
        },
        {
            "trade_id": "1b16533a-c266-40ea-b315-a3316433a78c",
            "ticker": "HIGHCHI-24APR19-B60.5",
            "count": 33,
            "created_time": "2024-04-19T13:20:03.874781Z",
            "yes_price": 17,
            "no_price": 83,
            "taker_side": "no"
        },
        {
            "trade_id": "481b368f-2e80-40b1-80d7-dada95f70393",
            "ticker": "HIGHCHI-24APR19-B60.5",
            "count": 3,
            "created_time": "2024-04-19T12:00:20.770443Z",
            "yes_price": 26,
            "no_price": 74,
            "taker_side": "yes"
        },
        {
            "trade_id": "c3260317-e1c6-46b1-a414-bc4f51fc10d8",
            "ticker": "HIGHCHI-24APR19-B60.5",
            "count": 10,
            "created_time": "2024-04-18T18:35:16.413656Z",
            "yes_price": 26,
            "no_price": 74,
            "taker_side": "no"
        },
        {
            "trade_id": "b9026829-f51c-42d8-8085-86c95ba58ff2",
            "ticker": "HIGHCHI-24APR19-B60.5",
            "count": 10,
            "created_time": "2024-04-18T17:30:13.971417Z",
            "yes_price": 26,
            "no_price": 74,
            "taker_side": "no"
        },
        {
            "trade_id": "9d008b17-6203-4a6e-b008-92dff1138694",
            "ticker": "HIGHCHI-24APR19-B60.5",
            "count": 10,
            "created_time": "2024-04-18T17:03:09.196195Z",
            "yes_price": 26,
            "no_price": 74,
            "taker_side": "no"
        }
    ],
    "HIGHCHI-24APR19-B62.5": [
        {
            "trade_id": "d8ec6a84-0861-43cb-9b02-e6792a3c811b",
            "ticker": "HIGHCHI-24APR19-B62.5",
            "count": 138,
            "created_time": "2024-04-19T17:00:25.188105Z",
            "yes_price": 1,
            "no_price": 99,
            "taker_side": "no"
        },
        {
            "trade_id": "11c25099-edf5-44da-8931-3fff5a063e67",
            "ticker": "HIGHCHI-24APR19-B62.5",
            "count": 147,
            "created_time": "2024-04-19T16:48:32.807353Z",
            "yes_price": 1,
            "no_price": 99,
            "taker_side": "no"
        },
        {
            "trade_id": "5fd1e8de-4084-4ff3-8ecf-5b5a30af9c1d",
            "ticker": "HIGHCHI-24APR19-B62.5",
            "count": 150,
            "created_time": "2024-04-19T01:27:00.340585Z",
            "yes_price": 12,
            "no_price": 88,
            "taker_side": "no"
        },
        {
            "trade_id": "03050a0d-ce2d-4bc7-b8fe-a8e630b0cdff",
            "ticker": "HIGHCHI-24APR19-B62.5",
            "count": 135,
            "created_time": "2024-04-19T01:26:06.988677Z",
            "yes_price": 13,
            "no_price": 87,
            "taker_side": "no"
        },
        {
            "trade_id": "cd75c80a-e075-429b-9ca2-ebd4ec5f27ed",
            "ticker": "HIGHCHI-24APR19-B62.5",
            "count": 135,
            "created_time": "2024-04-19T01:25:59.605501Z",
            "yes_price": 14,
            "no_price": 86,
            "taker_side": "no"
        },
        {
            "trade_id": "fd29644c-02fa-4746-8a20-9080a7d7a4d9",
            "ticker": "HIGHCHI-24APR19-B62.5",
            "count": 45,
            "created_time": "2024-04-19T01:25:53.044865Z",
            "yes_price": 15,
            "no_price": 85,
            "taker_side": "no"
        }
    ],
    "HIGHCHI-24APR19-T63": [
        {
            "trade_id": "6338fc97-267f-4510-b171-bd81d6da4d41",
            "ticker": "HIGHCHI-24APR19-T63",
            "count": 72,
            "created_time": "2024-04-20T02:23:57.638645Z",
            "yes_price": 3,
            "no_price": 97,
            "taker_side": "yes"
        },
        {
            "trade_id": "3da4382b-9d70-49c3-9ec7-598d3ab5e638",
            "ticker": "HIGHCHI-24APR19-T63",
            "count": 1,
            "created_time": "2024-04-20T02:23:10.77181Z",
            "yes_price": 2,
            "no_price": 98,
            "taker_side": "yes"
        },
        {
            "trade_id": "d2ff472b-0885-444b-beb9-e2bcdedb7697",
            "ticker": "HIGHCHI-24APR19-T63",
            "count": 10,
            "created_time": "2024-04-18T17:30:14.992668Z",
            "yes_price": 12,
            "no_price": 88,
            "taker_side": "yes"
        },
        {
            "trade_id": "38fe5790-b054-449c-a798-68e26a821c05",
            "ticker": "HIGHCHI-24APR19-T63",
            "count": 10,
            "created_time": "2024-04-18T17:03:10.144136Z",
            "yes_price": 12,
            "no_price": 88,
            "taker_side": "yes"
        },
        {
            "trade_id": "0d3631d7-7881-4adf-a265-fe1155c05392",
            "ticker": "HIGHCHI-24APR19-T63",
            "count": 10,
            "created_time": "2024-04-18T15:20:16.727834Z",
            "yes_price": 13,
            "no_price": 87,
            "taker_side": "yes"
        },
        {
            "trade_id": "200aa195-a94e-4492-a4e9-0d7031378080",
            "ticker": "HIGHCHI-24APR19-T63",
            "count": 63,
            "created_time": "2024-04-18T14:19:04.165975Z",
            "yes_price": 11,
            "no_price": 89,
            "taker_side": "no"
        }
    ]
}