{
    "HIGHCHI-24SEP24-T66": [
        {
            "trade_id": "4be54ac2-0f97-421c-942d-e2d5cc55c367",
            "ticker": "HIGHCHI-24SEP24-T66",
            "count": 46,
            "created_time": "2024-09-24T12:00:02.309762Z",
            "yes_price": 1,
            "no_price": 99,
            "taker_side": "no"
        },
        {
            "trade_id": "a749d2a1-1bac-4c9e-88a1-332678198ee7",
            "ticker": "HIGHCHI-24SEP24-T66",
            "count": 4,
            "created_time": "2024-09-24T12:00:01.983834Z",
            "yes_price": 1,
            "no_price": 99,
            "taker_side": "no"
        },
        {
            "trade_id": "6a7ed130-a643-4000-8233-fb641186eeb3",
            "ticker": "HIGHCHI-24SEP24-T66",
            "count": 102,
            "created_time": "2024-09-24T12:00:01.983834Z",
            "yes_price": 2,
            "no_price": 98,
            "taker_side": "no"
        },
        {
            "trade_id": "c9e61669-0122-4741-852a-5b5fd6110964",
            "ticker": "HIGHCHI-24SEP24-T66",
            "count": 50,
            "created_time": "2024-09-24T03:34:09.862194Z",
            "yes_price": 5,
            "no_price": 95,
            "taker_side": "yes"
        },
        {
            "trade_id": "0bd2e09f-48f9-418f-97bf-5b40c9bb30a1",
            "ticker": "HIGHCHI-24SEP24-T66",
            "count": 3,
            "created_time": "2024-09-24T03:34:09.862194Z",
            "yes_price": 5,
            "no_price": 95,
            "taker_side": "yes"
        },
        {
            "trade_id": "8baa7938-5229-4759-8b23-94f003844917",
            "ticker": "HIGHCHI-24SEP24-T66",
            "count": 50,
            "created_time": "2024-09-23T23:42:19.658935Z",
            "yes_price": 3,
            "no_price": 97,
            "taker_side": "no"
        }
    ],
    "HIGHCHI-24SEP24-B66.5": [
        {
            "trade_id": "59e18a14-0d77-4169-8676-deb160659de4",
            "ticker": "HIGHCHI-24SEP24-B66.5",
            "count": 935,
            "created_time": "2024-09-24T15:39:21.577443Z",
            "yes_price": 1,
            "no_price": 99,
            "taker_side": "yes"
        },
        {
            "trade_id": "29c1f602-dd25-47a0-9f0f-eb31112a1b78",
            "ticker": "HIGHCHI-24SEP24-B66.5",
            "count": 935,
            "created_time": "2024-09-24T14:08:33.760911Z",
            "yes_price": 1,
            "no_price": 99,
            "taker_side": "yes"
        },
        {
            "trade_id": "372397a8-291a-42f2-9209-4be3716c607e",
            "ticker": "HIGHCHI-24SEP24-B66.5",
            "count": 180,
            "created_time": "2024-09-24T13:56:37.976427Z",
            "yes_price": 1,
            "no_price": 99,
            "taker_side": "yes"
        },
        {
            "trade_id": "560f1761-ccc9-4f2b-9ff3-4496bf462512",
            "ticker": "HIGHCHI-24SEP24-B66.5",
            "count": 180,
            "created_time": "2024-09-24T13:56:33.598756Z",
            "yes_price": 1,
            "no_price": 99,
            "taker_side": "yes"
        },
        {
            "trade_id": "e7482eae-ee9e-42d8-a33c-ab83e858a0bf",
            "ticker": "HIGHCHI-24SEP24-B66.5",
            "count": 60,
            "created_time": "2024-09-24T13:55:05.575423Z",
            "yes_price": 2,
            "no_price": 98,
            "taker_side": "no"
        },
        {
            "trade_id": "a6c76726-877b-482a-bde7-cc4aaf454572",
            "ticker": "HIGHCHI-24SEP24-B66.5",
            "count": 50,
            "created_time": "2024-09-24T13:55:05.575423Z",
            "yes_price": 1,
            "no_price": 99,
            "taker_side": "no"
        },
        {
            "trade_id": "866a5cc1-1871-49be-8acd-a730a0f69b8b",
            "ticker": "HIGHCHI-24SEP24-B66.5",
            "count": 60,
            "created_time": "2024-09-24T13:55:05.575423Z",
            "yes_price": 1,
            "no_price": 99,
            "taker_side": "no"
        },
        {
            "trade_id": "5b36db10-3644-4756-87ef-f978e4219f97",
            "ticker": "HIGHCHI-24SEP24-B66.5",
            "count": 60,
            "created_time": "2024-09-24T13:54:22.485096Z",
            "yes_price": 3,
            "no_price": 97,
            "taker_side": "no"
        },
        {
            "trade_id": "7fa8c365-6026-4612-b7bd-341917591932",
            "ticker": "HIGHCHI-24SEP24-B66.5",
            "count": 60,
            "created_time": "2024-09-24T13:53:57.608829Z",
            "yes_price": 4,
            "no_price": 96,
            "taker_side": "no"
        },
        {
            "trade_id": "7a5880f9-25ec-4406-9bbd-48382b0861cb",
            "ticker": "HIGHCHI-24SEP24-B66.5",
            "count": 60,
            "created_time": "2024-09-24T13:53:57.608829Z",
            "yes_price": 5,
            "no_price": 95,
            "taker_side": "no"
        },
        {
            "trade_id": "72dca003-f31d-44e5-91ec-7a9ebc0f23f3",
            "ticker": "HIGHCHI-24SEP24-B66.5",
            "count": 104,
            "created_time": "2024-09-24T13:53:57.608829Z",
            "yes_price": 4,
            "no_price": 96,
            "taker_side": "no"
        },
        {
            "trade_id": "15d61c72-661a-402d-8144-22c509ca22f0",
            "ticker": "HIGHCHI-24SEP24-B66.5",
            "count": 54,
            "created_time": "2024-09-24T13:53:57.608829Z",
            "yes_price": 6,
            "no_price": 94,
            "taker_side": "no"
        },
        {
            "trade_id": "be174cdd-cd43-4851-b99b-78960e557dff",
            "ticker": "HIGHCHI-24SEP24-B66.5",
            "count": 90,
            "created_time": "2024-09-24T13:53:37.555434Z",
            "yes_price": 9,
            "no_price": 91,
            "taker_side": "no"
        },
        {
            "trade_id": "92e428f7-d8b3-4e79-b8c8-e2b0ed615706",
            "ticker": "HIGHCHI-24SEP24-B66.5",
            "count": 180,
            "created_time": "2024-09-24T13:53:37.555434Z",
            "yes_price": 8,
            "no_price": 92,
            "taker_side": "no"
        },
        {
            "trade_id": "6ed80df3-5bc2-47be-ad67-ebea4947b7c6",
            "ticker": "HIGHCHI-24SEP24-B66.5",
            "count": 180,
            "created_time": "2024-09-24T13:53:37.555434Z",
            "yes_price": 7,
            "no_price": 93,
            "taker_side": "no"
        },
        {
            "trade_id": "59111129-a47a-4b1d-8c7a-9c556d9d8235",
            "ticker": "HIGHCHI-24SEP24-B66.5",
            "count": 162,
            "created_time": "2024-09-24T13:53:20.633846Z",
            "yes_price": 12,
            "no_price": 88,
            "taker_side": "no"
        },
        {
            "trade_id": "4098073a-d0da-4bae-bef4-3ae5847555ca",
            "ticker": "HIGHCHI-24SEP24-B66.5",
            "count": 180,
            "created_time": "2024-09-24T13:53:20.633846Z",
            "yes_price": 9,
            "no_price": 91,
            "taker_side": "no"
        },
        {
            "trade_id": "182dc2f8-94c7-42db-a03f-4d88bf30c8af",
            "ticker": "HIGHCHI-24SEP24-B66.5",
            "count": 180,
            "created_time": "2024-09-24T13:53:20.633846Z",
            "yes_price": 10,
            "no_price": 90,
            "taker_side": "no"
        },
        {
            "trade_id": "f95486d4-242f-4f0b-b6d6-1a179650118e",
            "ticker": "HIGHCHI-24SEP24-B66.5",
            "count": 50,
            "created_time": "2024-09-24T13:46:08.222592Z",
            "yes_price": 13,
            "no_price": 87,
            "taker_side": "no"
        },
        {
            "trade_id": "3281ee05-a67d-4ea5-b7ba-1d19d9f16043",
            "ticker": "HIGHCHI-24SEP24-B66.5",
            "count": 3,
            "created_time": "2024-09-24T13:45:16.198368Z",
            "yes_price": 15,
            "no_price": 85,
            "taker_side": "no"
        },
        {
            "trade_id": "8c378754-94ad-46c9-b427-ade05fa542b2",
            "ticker": "HIGHCHI-24SEP24-B66.5",
            "count": 126,
            "created_time": "2024-09-24T03:58:44.469462Z",
            "yes_price": 18,
            "no_price": 82,
            "taker_side": "yes"
        },
        {
            "trade_id": "b07a122b-47ce-4861-9fe1-7259476196e3",
            "ticker": "HIGHCHI-24SEP24-B66.5",
            "count": 54,
            "created_time": "2024-09-24T03:36:24.301534Z",
            "yes_price": 17,
            "no_price": 83,
            "taker_side": "yes"
        },
        {
            "trade_id": "22b10519-47c1-4cb5-9657-03fa25d26782",
            "ticker": "HIGHCHI-24SEP24-B66.5",
            "count": 50,
            "created_time": "2024-09-24T03:35:39.756313Z",
            "yes_price": 16,
            "no_price": 84,
            "taker_side": "yes"
        },
        {
            "trade_id": "2de6fbe9-09d4-4e66-8cc0-92af9f6d94b2",
            "ticker": "HIGHCHI-24SEP24-B66.5",
            "count": 50,
            "created_time": "2024-09-23T23:42:19.536384Z",
            "yes_price": 15,
            "no_price": 85,
            "taker_side": "yes"
        },
        {
            "trade_id": "0dcf4e58-437d-4d65-8ca6-39f325a7883c",
            "ticker": "HIGHCHI-24SEP24-B66.5",
            "count": 144,
            "created_time": "2024-09-23T23:42:19.536384Z",
            "yes_price": 15,
            "no_price": 85,
            "taker_side": "yes"
        },
        {
            "trade_id": "b4379f93-1bec-4fa8-b82d-3f88b946b07b",
            "ticker": "HIGHCHI-24SEP24-B66.5",
            "count": 180,
            "created_time": "2024-09-23T23:40:12.622214Z",
            "yes_price": 17,
            "no_price": 83,
            "taker_side": "yes"
        },
        {
            "trade_id": "832c1d5e-cbd3-4986-bed8-77900e1d80e8",
            "ticker": "HIGHCHI-24SEP24-B66.5",
            "count": 29,
            "created_time": "2024-09-23T23:40:12.622214Z",
            "yes_price": 14,
            "no_price": 86,
            "taker_side": "yes"
        },
        {
            "trade_id": "4fb45300-2ad8-4f93-a75b-67bf90c3526b",
            "ticker": "HIGHCHI-24SEP24-B66.5",
            "count": 144,
            "created_time": "2024-09-23T23:40:12.622214Z",
            "yes_price": 15,
            "no_price": 85,
            "taker_side": "yes"
        },
        {
            "trade_id": "310afac8-a0bc-4cac-a923-d305a34dd5ea",
            "ticker": "HIGHCHI-24SEP24-B66.5",
            "count": 180,
            "created_time": "2024-09-23T23:40:12.622214Z",
            "yes_price": 16,
            "no_price": 84,
            "taker_side": "yes"
        },
        {
            "trade_id": "ff25db0b-b95e-438c-ae0c-14b7061ffba0",
            "ticker": "HIGHCHI-24SEP24-B66.5",
            "count": 108,
            "created_time": "2024-09-23T16:17:19.027665Z",
            "yes_price": 12,
            "no_price": 88,
            "taker_side": "yes"
        },
        {
            "trade_id": "7a87ee01-3ce1-474c-b5bf-1aabefc90e55",
            "ticker": "HIGHCHI-24SEP24-B66.5",
            "count": 180,
            "created_time": "2024-09-23T16:17:19.027665Z",
            "yes_price": 13,
            "no_price": 87,
            "taker_side": "yes"
        },
        {
            "trade_id": "27969671-4bc4-4691-98de-efdf6f00046f",
            "ticker": "HIGHCHI-24SEP24-B66.5",
            "count": 180,
            "created_time": "2024-09-23T16:17:19.027665Z",
            "yes_price": 14,
            "no_price": 86,
            "taker_side": "yes"
        },
        {
            "trade_id": "561efe1b-e19e-424f-82cd-17bd23655d35",
            "ticker": "HIGHCHI-24SEP24-B66.5",
            "count": 2,
            "created_time": "2024-09-23T15:01:43.276024Z",
            "yes_price": 5,
            "no_price": 95,
            "taker_side": "yes"
        },
        {
            "trade_id": "db68461f-11fe-48ca-94ee-73a829890b66",
            "ticker": "HIGHCHI-24SEP24-B66.5",
            "count": 3,
            "created_time": "2024-09-23T15:01:23.322827Z",
            "yes_price": 5,
            "no_price": 95,
            "taker_side": "yes"
        },
        {
            "trade_id": "7061a16d-d5af-45e8-b02c-37675cfc40b8",
            "ticker": "HIGHCHI-24SEP24-B66.5",
            "count": 3,
            "created_time": "2024-09-23T15:01:03.622658Z",
            "yes_price": 5,
            "no_price": 95,
            "taker_side": "yes"
        },
        {
            "trade_id": "6b2aa662-a12a-430c-b6fa-d1e3536d5469",
            "ticker": "HIGHCHI-24SEP24-B66.5",
            "count": 3,
            "created_time": "2024-09-23T15:00:43.65889Z",
            "yes_price": 5,
            "no_price": 95,
            "taker_side": "yes"
        },
        {
            "trade_id": "95799f8c-aedd-4efb-b4a1-648bf5bf2cda",
            "ticker": "HIGHCHI-24SEP24-B66.5",
            "count": 3,
            "created_time": "2024-09-23T15:00:23.49273Z",
            "yes_price": 5,
            "no_price": 95,
            "taker_side": "yes"
        },
        {
            "trade_id": "e634a101-4d98-4564-a6ae-bee4b0632946",
            "ticker": "HIGHCHI-24SEP24-B66.5",
            "count": 3,
            "created_time": "2024-09-23T15:00:03.538864Z",
            "yes_price": 5,
            "no_price": 95,
            "taker_side": "yes"
        },
        {
            "trade_id": "09cc28bf-395a-4d3b-a063-939a21425bdc",
            "ticker": "HIGHCHI-24SEP24-B66.5",
            "count": 4,
            "created_time": "2024-09-23T14:59:42.219595Z",
            "yes_price": 5,
            "no_price": 95,
            "taker_side": "yes"
        },
        {
            "trade_id": "ae3a8ccc-9cb2-4e80-9e76-8d101f304353",
            "ticker": "HIGHCHI-24SEP24-B66.5",
            "count": 4,
            "created_time": "2024-09-23T14:59:23.369247Z",
            "yes_price": 5,
            "no_price": 95,
            "taker_side": "yes"
        },
        {
            "trade_id": "ba4f3428-f9d4-4615-94c8-d007f6fac8d9",
            "ticker": "HIGHCHI-24SEP24-B66.5",
            "count": 4,
            "created_time": "2024-09-23T14:59:04.58916Z",
            "yes_price": 5,
            "no_price": 95,
            "taker_side": "yes"
        }
    ],
    "HIGHCHI-24SEP24-B68.5": [
        {
            "trade_id": "e06c3a28-0f7a-42fd-9939-43f6f0c06927",
            "ticker": "HIGHCHI-24SEP24-B68.5",
            "count": 59,
            "created_time": "2024-09-25T00:09:12.976444Z",
            "yes_price": 97,
            "no_price": 3,
            "taker_side": "yes"
        },
        {
            "trade_id": "92a187c7-0a95-4093-99a2-87b4c0b94bd3",
            "ticker": "HIGHCHI-24SEP24-B68.5",
            "count": 50,
            "created_time": "2024-09-25T00:02:52.205365Z",
            "yes_price": 99,
            "no_price": 1,
            "taker_side": "yes"
        },
        {
            "trade_id": "5d04e25a-a8fe-482b-95bd-1395b7937b28",
            "ticker": "HIGHCHI-24SEP24-B68.5",
            "count": 9,
            "created_time": "2024-09-25T00:02:52.205365Z",
            "yes_price": 98,
            "no_price": 2,
            "taker_side": "yes"
        },
        {
            "trade_id": "2cbcdd0c-96f1-4ac8-9db9-623b398e2575",
            "ticker": "HIGHCHI-24SEP24-B68.5",
            "count": 1,
            "created_time": "2024-09-24T22:26:26.885548Z",
            "yes_price": 97,
            "no_price": 3,
            "taker_side": "yes"
        },
        {
            "trade_id": "c059fc65-a8be-47b1-a4b8-0a617ccd94a7",
            "ticker": "HIGHCHI-24SEP24-B68.5",
            "count": 1,
            "created_time": "2024-09-24T22:16:28.242699Z",
            "yes_price": 97,
            "no_price": 3,
            "taker_side": "yes"
        },
        {
            "trade_id": "3574ec61-59d0-4edb-ab6d-e3ace7b8c44d",
            "ticker": "HIGHCHI-24SEP24-B68.5",
            "count": 1,
            "created_time": "2024-09-24T22:00:27.966585Z",
            "yes_price": 98,
            "no_price": 2,
            "taker_side": "yes"
        },
        {
            "trade_id": "909f65e6-9653-4485-bef1-2b7aaa00de35",
            "ticker": "HIGHCHI-24SEP24-B68.5",
            "count": 10,
            "created_time": "2024-09-24T21:59:32.114378Z",
            "yes_price": 98,
            "no_price": 2,
            "taker_side": "yes"
        },
        {
            "trade_id": "eaed6801-db21-484f-8c3d-65aeb53537ce",
            "ticker": "HIGHCHI-24SEP24-B68.5",
            "count": 25,
            "created_time": "2024-09-24T21:56:35.811087Z",
            "yes_price": 97,
            "no_price": 3,
            "taker_side": "yes"
        },
        {
            "trade_id": "077b10e1-007d-4d4e-a51c-226f9168234d",
            "ticker": "HIGHCHI-24SEP24-B68.5",
            "count": 1,
            "created_time": "2024-09-24T19:20:34.602095Z",
            "yes_price": 50,
            "no_price": 50,
            "taker_side": "no"
        },
        {
            "trade_id": "704b6b04-3b78-47cf-9146-e88770cf08f2",
            "ticker": "HIGHCHI-24SEP24-B68.5",
            "count": 5,
            "created_time": "2024-09-24T18:02:37.408831Z",
            "yes_price": 50,
            "no_price": 50,
            "taker_side": "no"
        },
        {
            "trade_id": "384db02b-a90f-44de-bc1e-1922c17184f1",
            "ticker": "HIGHCHI-24SEP24-B68.5",
            "count": 18,
            "created_time": "2024-09-24T16:34:57.895376Z",
            "yes_price": 92,
            "no_price": 8,
            "taker_side": "yes"
        },
        {
            "trade_id": "b3c26f04-0e20-4fe5-b300-52ad9da0de0e",
            "ticker": "HIGHCHI-24SEP24-B68.5",
            "count": 3,
            "created_time": "2024-09-24T16:12:17.519678Z",
            "yes_price": 70,
            "no_price": 30,
            "taker_side": "yes"
        },
        {
            "trade_id": "236784aa-beca-4ac6-a434-1445bc08a459",
            "ticker": "HIGHCHI-24SEP24-B68.5",
            "count": 32,
            "created_time": "2024-09-24T15:43:29.699366Z",
            "yes_price": 70,
            "no_price": 30,
            "taker_side": "yes"
        },
        {
            "trade_id": "f08b210c-4226-4fb4-a2d7-a6a8522b3625",
            "ticker": "HIGHCHI-24SEP24-B68.5",
            "count": 256,
            "created_time": "2024-09-24T14:56:25.007292Z",
            "yes_price": 65,
            "no_price": 35,
            "taker_side": "yes"
        },
        {
            "trade_id": "0f2f2363-9127-467f-8545-c903d269f2a5",
            "ticker": "HIGHCHI-24SEP24-B68.5",
            "count": 20,
            "created_time": "2024-09-24T14:29:06.638878Z",
            "yes_price": 57,
            "no_price": 43,
            "taker_side": "no"
        },
        {
            "trade_id": "7894c362-52b3-4411-9426-496bd9696b38",
            "ticker": "HIGHCHI-24SEP24-B68.5",
            "count": 36,
            "created_time": "2024-09-24T13:42:42.665678Z",
            "yes_price": 45,
            "no_price": 55,
            "taker_side": "yes"
        },
        {
            "trade_id": "72ce3d9f-9048-4b09-86b1-477642620d40",
            "ticker": "HIGHCHI-24SEP24-B68.5",
            "count": 3,
            "created_time": "2024-09-24T13:42:42.665678Z",
            "yes_price": 45,
            "no_price": 55,
            "taker_side": "yes"
        },
        {
            "trade_id": "b2ca1d07-7849-4437-b518-d8acebf6b2df",
            "ticker": "HIGHCHI-24SEP24-B68.5",
            "count": 18,
            "created_time": "2024-09-24T13:27:22.976927Z",
            "yes_price": 46,
            "no_price": 54,
            "taker_side": "yes"
        },
        {
            "trade_id": "e847c4e8-d7b6-43a8-a3f7-0859be21abce",
            "ticker": "HIGHCHI-24SEP24-B68.5",
            "count": 3,
            "created_time": "2024-09-24T13:26:58.721279Z",
            "yes_price": 42,
            "no_price": 58,
            "taker_side": "no"
        },
        {
            "trade_id": "e696475e-bf44-4433-9ebe-746ad1e51ca4",
            "ticker": "HIGHCHI-24SEP24-B68.5",
            "count": 27,
            "created_time": "2024-09-24T13:26:58.721279Z",
            "yes_price": 38,
            "no_price": 62,
            "taker_side": "no"
        },
        {
            "trade_id": "c2d47828-23f5-4cfe-815f-b2f65952450b",
            "ticker": "HIGHCHI-24SEP24-B68.5",
            "count": 36,
            "created_time": "2024-09-24T13:26:58.721279Z",
            "yes_price": 40,
            "no_price": 60,
            "taker_side": "no"
        },
        {
            "trade_id": "2782a50a-74fe-4c68-b78f-6087780bf875",
            "ticker": "HIGHCHI-24SEP24-B68.5",
            "count": 98,
            "created_time": "2024-09-24T13:26:58.721279Z",
            "yes_price": 42,
            "no_price": 58,
            "taker_side": "no"
        },
        {
            "trade_id": "2dfef0aa-f9a4-4217-ba35-ef03ff07d88c",
            "ticker": "HIGHCHI-24SEP24-B68.5",
            "count": 3,
            "created_time": "2024-09-24T13:21:21.516778Z",
            "yes_price": 44,
            "no_price": 56,
            "taker_side": "no"
        },
        {
            "trade_id": "13540cc7-9f4c-4492-bf0f-69cb5e444a3c",
            "ticker": "HIGHCHI-24SEP24-B68.5",
            "count": 63,
            "created_time": "2024-09-24T13:21:21.516778Z",
            "yes_price": 41,
            "no_price": 59,
            "taker_side": "no"
        },
        {
            "trade_id": "fc9666f7-ed5c-4b74-a443-30888288c8d3",
            "ticker": "HIGHCHI-24SEP24-B68.5",
            "count": 150,
            "created_time": "2024-09-24T13:21:15.006741Z",
            "yes_price": 45,
            "no_price": 55,
            "taker_side": "no"
        },
        {
            "trade_id": "716a6212-2392-4aae-a142-2ce86caadb82",
            "ticker": "HIGHCHI-24SEP24-B68.5",
            "count": 18,
            "created_time": "2024-09-24T01:33:15.608966Z",
            "yes_price": 43,
            "no_price": 57,
            "taker_side": "yes"
        },
        {
            "trade_id": "4dcc22d5-e914-4044-967b-e4d27f887a1e",
            "ticker": "HIGHCHI-24SEP24-B68.5",
            "count": 180,
            "created_time": "2024-09-24T01:33:15.608966Z",
            "yes_price": 45,
            "no_price": 55,
            "taker_side": "yes"
        },
        {
            "trade_id": "c54b4e4c-a08d-4406-acc3-bf37b4abb3c1",
            "ticker": "HIGHCHI-24SEP24-B68.5",
            "count": 50,
            "created_time": "2024-09-24T01:32:43.100667Z",
            "yes_price": 42,
            "no_price": 58,
            "taker_side": "yes"
        },
        {
            "trade_id": "ffa70b9e-eb12-4263-856b-2d408c19b3d3",
            "ticker": "HIGHCHI-24SEP24-B68.5",
            "count": 72,
            "created_time": "2024-09-24T00:17:28.461672Z",
            "yes_price": 44,
            "no_price": 56,
            "taker_side": "yes"
        },
        {
            "trade_id": "8a0d7909-e5eb-48ff-a132-6926e4527fd9",
            "ticker": "HIGHCHI-24SEP24-B68.5",
            "count": 10,
            "created_time": "2024-09-24T00:17:28.461672Z",
            "yes_price": 43,
            "no_price": 57,
            "taker_side": "yes"
        },
        {
            "trade_id": "1ea8fef9-8017-43dd-a72f-16be2be444b2",
            "ticker": "HIGHCHI-24SEP24-B68.5",
            "count": 180,
            "created_time": "2024-09-24T00:17:28.461672Z",
            "yes_price": 45,
            "no_price": 55,
            "taker_side": "yes"
        },
        {
            "trade_id": "8a81fe23-3f60-4402-a000-eb1852aaa8f4",
            "ticker": "HIGHCHI-24SEP24-B68.5",
            "count": 180,
            "created_time": "2024-09-23T23:42:34.853456Z",
            "yes_price": 40,
            "no_price": 60,
            "taker_side": "yes"
        },
        {
            "trade_id": "86d51744-9857-48ad-8fe8-20d068136ff3",
            "ticker": "HIGHCHI-24SEP24-B68.5",
            "count": 3,
            "created_time": "2024-09-23T23:42:34.853456Z",
            "yes_price": 38,
            "no_price": 62,
            "taker_side": "yes"
        },
        {
            "trade_id": "1ee3a954-e586-4269-bb71-c0c224a8749f",
            "ticker": "HIGHCHI-24SEP24-B68.5",
            "count": 36,
            "created_time": "2024-09-23T23:42:34.853456Z",
            "yes_price": 38,
            "no_price": 62,
            "taker_side": "yes"
        },
        {
            "trade_id": "d42e2315-f3c5-4e3d-a9bc-c4c2d7143716",
            "ticker": "HIGHCHI-24SEP24-B68.5",
            "count": 50,
            "created_time": "2024-09-23T23:42:19.659973Z",
            "yes_price": 34,
            "no_price": 66,
            "taker_side": "no"
        },
        {
            "trade_id": "e4bac0d8-5c76-4b98-8ace-8def4bcb8ca8",
            "ticker": "HIGHCHI-24SEP24-B68.5",
            "count": 90,
            "created_time": "2024-09-23T20:30:02.432781Z",
            "yes_price": 32,
            "no_price": 68,
            "taker_side": "no"
        },
        {
            "trade_id": "f0e6022c-5102-45b2-acd2-ddb40d2a75da",
            "ticker": "HIGHCHI-24SEP24-B68.5",
            "count": 108,
            "created_time": "2024-09-23T20:29:03.57954Z",
            "yes_price": 36,
            "no_price": 64,
            "taker_side": "yes"
        },
        {
            "trade_id": "8746f3bb-f0a7-4d4e-8ce2-4292640d04c8",
            "ticker": "HIGHCHI-24SEP24-B68.5",
            "count": 180,
            "created_time": "2024-09-23T20:29:03.57954Z",
            "yes_price": 38,
            "no_price": 62,
            "taker_side": "yes"
        },
        {
            "trade_id": "5ede0f10-6e4c-468e-bd69-bfa746c0dce9",
            "ticker": "HIGHCHI-24SEP24-B68.5",
            "count": 48,
            "created_time": "2024-09-23T20:29:03.57954Z",
            "yes_price": 41,
            "no_price": 59,
            "taker_side": "yes"
        },
        {
            "trade_id": "d622a937-e8de-4909-b32a-eae5506b439b",
            "ticker": "HIGHCHI-24SEP24-B68.5",
            "count": 82,
            "created_time": "2024-09-23T17:51:45.072692Z",
            "yes_price": 32,
            "no_price": 68,
            "taker_side": "no"
        },
        {
            "trade_id": "d1a52c4c-c7ed-415a-953f-ae89fdafb9e6",
            "ticker": "HIGHCHI-24SEP24-B68.5",
            "count": 180,
            "created_time": "2024-09-23T17:51:13.811331Z",
            "yes_price": 33,
            "no_price": 67,
            "taker_side": "no"
        },
        {
            "trade_id": "8d6634e2-22d1-4e39-b505-00e42b42e1b8",
            "ticker": "HIGHCHI-24SEP24-B68.5",
            "count": 2,
            "created_time": "2024-09-23T17:51:13.811331Z",
            "yes_price": 35,
            "no_price": 65,
            "taker_side": "no"
        },
        {
            "trade_id": "0d3c9dbf-78a7-47d2-b04d-6720960f7c71",
            "ticker": "HIGHCHI-24SEP24-B68.5",
            "count": 72,
            "created_time": "2024-09-23T17:51:13.811331Z",
            "yes_price": 35,
            "no_price": 65,
            "taker_side": "no"
        },
        {
            "trade_id": "5046fefd-c094-478d-b907-cba984e0a214",
            "ticker": "HIGHCHI-24SEP24-B68.5",
            "count": 1,
            "created_time": "2024-09-23T17:30:22.825768Z",
            "yes_price": 35,
            "no_price": 65,
            "taker_side": "no"
        },
        {
            "trade_id": "38a42ad3-9488-488c-b1e2-9a6eb18e99bf",
            "ticker": "HIGHCHI-24SEP24-B68.5",
            "count": 16,
            "created_time": "2024-09-23T15:44:34.708786Z",
            "yes_price": 31,
            "no_price": 69,
            "taker_side": "yes"
        },
        {
            "trade_id": "a3ff2e23-6ee0-4f86-a511-da910de8b179",
            "ticker": "HIGHCHI-24SEP24-B68.5",
            "count": 6,
            "created_time": "2024-09-23T15:40:40.726998Z",
            "yes_price": 31,
            "no_price": 69,
            "taker_side": "yes"
        },
        {
            "trade_id": "5048cd39-00f1-4709-a638-174eda73392a",
            "ticker": "HIGHCHI-24SEP24-B68.5",
            "count": 30,
            "created_time": "2024-09-23T15:40:40.726998Z",
            "yes_price": 29,
            "no_price": 71,
            "taker_side": "yes"
        },
        {
            "trade_id": "e6b39d7c-fd20-4959-af3f-40e3cba346f2",
            "ticker": "HIGHCHI-24SEP24-B68.5",
            "count": 180,
            "created_time": "2024-09-23T15:32:33.526977Z",
            "yes_price": 29,
            "no_price": 71,
            "taker_side": "yes"
        },
        {
            "trade_id": "fbc79043-30bf-408b-bf39-434f75f510e7",
            "ticker": "HIGHCHI-24SEP24-B68.5",
            "count": 90,
            "created_time": "2024-09-23T15:32:33.498476Z",
            "yes_price": 29,
            "no_price": 71,
            "taker_side": "yes"
        },
        {
            "trade_id": "0388b7d1-57cb-4f21-a027-6c1c230ed7a6",
            "ticker": "HIGHCHI-24SEP24-B68.5",
            "count": 108,
            "created_time": "2024-09-23T14:32:04.827891Z",
            "yes_price": 26,
            "no_price": 74,
            "taker_side": "no"
        },
        {
            "trade_id": "0605bb52-03ea-44ef-9794-7c0e141979b5",
            "ticker": "HIGHCHI-24SEP24-B68.5",
            "count": 108,
            "created_time": "2024-09-23T14:31:54.890974Z",
            "yes_price": 25,
            "no_price": 75,
            "taker_side": "no"
        },
        {
            "trade_id": "cd45fa36-9f30-4dd2-b9aa-431d46f46b10",
            "ticker": "HIGHCHI-24SEP24-B68.5",
            "count": 108,
            "created_time": "2024-09-23T14:31:40.058871Z",
            "yes_price": 24,
            "no_price": 76,
            "taker_side": "no"
        },
        {
            "trade_id": "c46d7690-27c3-4575-b097-45ccd4428b71",
            "ticker": "HIGHCHI-24SEP24-B68.5",
            "count": 126,
            "created_time": "2024-09-23T14:31:25.691907Z",
            "yes_price": 23,
            "no_price": 77,
            "taker_side": "no"
        },
        {
            "trade_id": "bffe33ba-dd26-4bf3-befc-026627b5d48a",
            "ticker": "HIGHCHI-24SEP24-B68.5",
            "count": 2,
            "created_time": "2024-09-23T14:31:10.194896Z",
            "yes_price": 22,
            "no_price": 78,
            "taker_side": "yes"
        },
        {
            "trade_id": "0b569dde-8edf-4202-beeb-2aa5cb7bef2d",
            "ticker": "HIGHCHI-24SEP24-B68.5",
            "count": 72,
            "created_time": "2024-09-23T14:31:10.194896Z",
            "yes_price": 22,
            "no_price": 78,
            "taker_side": "yes"
        },
        {
            "trade_id": "ee6994e8-397d-4581-b83b-c23c9268b828",
            "ticker": "HIGHCHI-24SEP24-B68.5",
            "count": 180,
            "created_time": "2024-09-23T14:17:50.105097Z",
            "yes_price": 21,
            "no_price": 79,
            "taker_side": "yes"
        },
        {
            "trade_id": "338bdb38-8e85-42b7-aba9-8ff3ac333564",
            "ticker": "HIGHCHI-24SEP24-B68.5",
            "count": 36,
            "created_time": "2024-09-23T14:17:50.105097Z",
            "yes_price": 19,
            "no_price": 81,
            "taker_side": "yes"
        }
    ],
    "HIGHCHI-24SEP24-B70.5": [
        {
            "trade_id": "12da0162-b99c-4681-8995-e9b0526c00b1",
            "ticker": "HIGHCHI-24SEP24-B70.5",
            "count": 28,
            "created_time": "2024-09-25T00:11:21.506883Z",
            "yes_price": 10,
            "no_price": 90,
            "taker_side": "yes"
        },
        {
            "trade_id": "d42f0d4e-ff87-455e-b69d-cc8c4e482c3d",
            "ticker": "HIGHCHI-24SEP24-B70.5",
            "count": 50,
            "created_time": "2024-09-24T21:53:23.024406Z",
            "yes_price": 1,
            "no_price": 99,
            "taker_side": "no"
        },
        {
            "trade_id": "aed64085-f5eb-40ad-9338-28739db7e34f",
            "ticker": "HIGHCHI-24SEP24-B70.5",
            "count": 500,
            "created_time": "2024-09-24T21:53:23.024406Z",
            "yes_price": 1,
            "no_price": 99,
            "taker_side": "no"
        },
        {
            "trade_id": "e81ebd96-b014-4725-bab8-e1a9070a359f",
            "ticker": "HIGHCHI-24SEP24-B70.5",
            "count": 1,
            "created_time": "2024-09-24T19:54:03.566566Z",
            "yes_price": 8,
            "no_price": 92,
            "taker_side": "no"
        },
        {
            "trade_id": "c9cf4ab9-2f06-49a9-9d89-72ca4bbb3a98",
            "ticker": "HIGHCHI-24SEP24-B70.5",
            "count": 262,
            "created_time": "2024-09-24T19:54:03.566566Z",
            "yes_price": 7,
            "no_price": 93,
            "taker_side": "no"
        },
        {
            "trade_id": "21b0eb21-c820-4f5b-b971-124ea6b0d314",
            "ticker": "HIGHCHI-24SEP24-B70.5",
            "count": 5,
            "created_time": "2024-09-24T18:02:37.340462Z",
            "yes_price": 53,
            "no_price": 47,
            "taker_side": "yes"
        },
        {
            "trade_id": "bb3b33c8-6f76-4699-b654-6f207da39870",
            "ticker": "HIGHCHI-24SEP24-B70.5",
            "count": 6,
            "created_time": "2024-09-24T16:36:43.336828Z",
            "yes_price": 7,
            "no_price": 93,
            "taker_side": "no"
        },
        {
            "trade_id": "0f3d6211-2b6b-4666-9eb9-cbbef4ace417",
            "ticker": "HIGHCHI-24SEP24-B70.5",
            "count": 13,
            "created_time": "2024-09-24T16:36:16.742051Z",
            "yes_price": 7,
            "no_price": 93,
            "taker_side": "no"
        },
        {
            "trade_id": "20903a72-bb82-485b-9abb-dc6e66a0f797",
            "ticker": "HIGHCHI-24SEP24-B70.5",
            "count": 10,
            "created_time": "2024-09-24T13:56:26.865712Z",
            "yes_price": 36,
            "no_price": 64,
            "taker_side": "no"
        },
        {
            "trade_id": "16c0d5dc-95c3-44a8-b386-e31da4535483",
            "ticker": "HIGHCHI-24SEP24-B70.5",
            "count": 18,
            "created_time": "2024-09-24T13:56:26.865712Z",
            "yes_price": 34,
            "no_price": 66,
            "taker_side": "no"
        },
        {
            "trade_id": "79df9fb0-38de-4f47-98d4-4bf4d95c8363",
            "ticker": "HIGHCHI-24SEP24-B70.5",
            "count": 36,
            "created_time": "2024-09-24T12:19:54.782958Z",
            "yes_price": 24,
            "no_price": 76,
            "taker_side": "no"
        },
        {
            "trade_id": "a7bbe805-5328-4927-8f55-4ce698da5ac4",
            "ticker": "HIGHCHI-24SEP24-B70.5",
            "count": 5,
            "created_time": "2024-09-24T12:05:06.334914Z",
            "yes_price": 31,
            "no_price": 69,
            "taker_side": "yes"
        },
        {
            "trade_id": "7796d379-58ee-4ad1-ba30-116c2d428a24",
            "ticker": "HIGHCHI-24SEP24-B70.5",
            "count": 72,
            "created_time": "2024-09-24T12:05:06.334914Z",
            "yes_price": 29,
            "no_price": 71,
            "taker_side": "yes"
        },
        {
            "trade_id": "afa601b9-1235-419c-aa0c-36d0ead3093b",
            "ticker": "HIGHCHI-24SEP24-B70.5",
            "count": 36,
            "created_time": "2024-09-24T12:00:21.568468Z",
            "yes_price": 35,
            "no_price": 65,
            "taker_side": "no"
        },
        {
            "trade_id": "064f63ee-a191-4bc7-8e8a-4ab6c7d6f6ba",
            "ticker": "HIGHCHI-24SEP24-B70.5",
            "count": 108,
            "created_time": "2024-09-24T12:00:21.547965Z",
            "yes_price": 35,
            "no_price": 65,
            "taker_side": "no"
        },
        {
            "trade_id": "f4c9645f-ef93-458e-84c3-6193347499cb",
            "ticker": "HIGHCHI-24SEP24-B70.5",
            "count": 90,
            "created_time": "2024-09-24T01:46:20.547702Z",
            "yes_price": 39,
            "no_price": 61,
            "taker_side": "yes"
        },
        {
            "trade_id": "b70014c8-e30c-4fb4-8185-41c4977624d5",
            "ticker": "HIGHCHI-24SEP24-B70.5",
            "count": 180,
            "created_time": "2024-09-24T01:46:20.547702Z",
            "yes_price": 41,
            "no_price": 59,
            "taker_side": "yes"
        },
        {
            "trade_id": "3c6f2fa4-d3b8-46be-a779-6f1ed94e52af",
            "ticker": "HIGHCHI-24SEP24-B70.5",
            "count": 3,
            "created_time": "2024-09-24T01:46:20.547702Z",
            "yes_price": 39,
            "no_price": 61,
            "taker_side": "yes"
        },
        {
            "trade_id": "d62c20af-6152-4426-a2dd-40c129797ad9",
            "ticker": "HIGHCHI-24SEP24-B70.5",
            "count": 180,
            "created_time": "2024-09-24T00:18:15.854506Z",
            "yes_price": 38,
            "no_price": 62,
            "taker_side": "yes"
        },
        {
            "trade_id": "d5183669-38cb-4a85-a10c-9250a50d691b",
            "ticker": "HIGHCHI-24SEP24-B70.5",
            "count": 90,
            "created_time": "2024-09-24T00:18:15.854506Z",
            "yes_price": 34,
            "no_price": 66,
            "taker_side": "yes"
        },
        {
            "trade_id": "15ca2b6d-d4c5-4652-9dc1-0eae821478dc",
            "ticker": "HIGHCHI-24SEP24-B70.5",
            "count": 180,
            "created_time": "2024-09-24T00:18:15.854506Z",
            "yes_price": 36,
            "no_price": 64,
            "taker_side": "yes"
        },
        {
            "trade_id": "abef99fc-e2d3-4766-a13f-29b1385241ca",
            "ticker": "HIGHCHI-24SEP24-B70.5",
            "count": 47,
            "created_time": "2024-09-23T23:42:19.660913Z",
            "yes_price": 33,
            "no_price": 67,
            "taker_side": "no"
        },
        {
            "trade_id": "46ff0197-6a0d-4c4e-a341-82ab20a4ad58",
            "ticker": "HIGHCHI-24SEP24-B70.5",
            "count": 3,
            "created_time": "2024-09-23T23:42:19.660913Z",
            "yes_price": 33,
            "no_price": 67,
            "taker_side": "no"
        },
        {
            "trade_id": "4dcd374a-d894-45d5-b8db-40f425c1cadd",
            "ticker": "HIGHCHI-24SEP24-B70.5",
            "count": 1,
            "created_time": "2024-09-23T18:35:15.257942Z",
            "yes_price": 35,
            "no_price": 65,
            "taker_side": "no"
        }
    ],
    "HIGHCHI-24SEP24-B72.5": [
        {
            "trade_id": "aa8d856d-c8da-443d-b3d5-02419bf9fd9f",
            "ticker": "HIGHCHI-24SEP24-B72.5",
            "count": 31,
            "created_time": "2024-09-24T22:54:36.162939Z",
            "yes_price": 3,
            "no_price": 97,
            "taker_side": "no"
        },
        {
            "trade_id": "463958d8-d2f8-4ab8-9988-6603d6a7605f",
            "ticker": "HIGHCHI-24SEP24-B72.5",
            "count": 1,
            "created_time": "2024-09-24T22:37:16.079892Z",
            "yes_price": 3,
            "no_price": 97,
            "taker_side": "no"
        },
        {
            "trade_id": "539d63b9-9875-4db4-9927-8ccef13da1dd",
            "ticker": "HIGHCHI-24SEP24-B72.5",
            "count": 1,
            "created_time": "2024-09-24T22:28:31.365001Z",
            "yes_price": 3,
            "no_price": 97,
            "taker_side": "no"
        },
        {
            "trade_id": "52e49ba2-a238-4e2d-897f-9abf3d98423b",
            "ticker": "HIGHCHI-24SEP24-B72.5",
            "count": 1,
            "created_time": "2024-09-24T22:26:26.955683Z",
            "yes_price": 3,
            "no_price": 97,
            "taker_side": "no"
        },
        {
            "trade_id": "3d61c9d7-4796-4bd0-9c50-cb9897c053ba",
            "ticker": "HIGHCHI-24SEP24-B72.5",
            "count": 1,
            "created_time": "2024-09-24T22:16:28.352667Z",
            "yes_price": 3,
            "no_price": 97,
            "taker_side": "no"
        },
        {
            "trade_id": "7f1a2205-5227-4186-8df9-708db33dd789",
            "ticker": "HIGHCHI-24SEP24-B72.5",
            "count": 40,
            "created_time": "2024-09-24T22:02:55.607573Z",
            "yes_price": 3,
            "no_price": 97,
            "taker_side": "yes"
        },
        {
            "trade_id": "15f96696-624d-4227-87f4-f309caf3ea7f",
            "ticker": "HIGHCHI-24SEP24-B72.5",
            "count": 2,
            "created_time": "2024-09-24T22:02:55.607573Z",
            "yes_price": 3,
            "no_price": 97,
            "taker_side": "yes"
        },
        {
            "trade_id": "60bfc324-c6ab-4c77-8b45-eef86ef74f1b",
            "ticker": "HIGHCHI-24SEP24-B72.5",
            "count": 15,
            "created_time": "2024-09-24T19:33:58.850615Z",
            "yes_price": 3,
            "no_price": 97,
            "taker_side": "yes"
        },
        {
            "trade_id": "257a34f8-9bf8-4f33-afba-76e5a0b8f0d7",
            "ticker": "HIGHCHI-24SEP24-B72.5",
            "count": 50,
            "created_time": "2024-09-24T17:56:50.597008Z",
            "yes_price": 1,
            "no_price": 99,
            "taker_side": "no"
        },
        {
            "trade_id": "0555b9ee-c5e8-449e-8c49-e564de73b755",
            "ticker": "HIGHCHI-24SEP24-B72.5",
            "count": 500,
            "created_time": "2024-09-24T17:56:50.597008Z",
            "yes_price": 1,
            "no_price": 99,
            "taker_side": "no"
        },
        {
            "trade_id": "e6d796a5-92f9-4b1f-895d-d28ec134f434",
            "ticker": "HIGHCHI-24SEP24-B72.5",
            "count": 108,
            "created_time": "2024-09-23T23:50:26.177908Z",
            "yes_price": 13,
            "no_price": 87,
            "taker_side": "no"
        },
        {
            "trade_id": "ca2e0737-918e-4082-94de-eab689ce65b0",
            "ticker": "HIGHCHI-24SEP24-B72.5",
            "count": 5,
            "created_time": "2024-09-23T23:50:26.177908Z",
            "yes_price": 11,
            "no_price": 89,
            "taker_side": "no"
        },
        {
            "trade_id": "87ba2e2d-d242-43c2-a047-5080bcb5de0c",
            "ticker": "HIGHCHI-24SEP24-B72.5",
            "count": 50,
            "created_time": "2024-09-23T23:42:19.62261Z",
            "yes_price": 16,
            "no_price": 84,
            "taker_side": "no"
        },
        {
            "trade_id": "90c428a3-549b-4519-a4f8-b49cf7e1301d",
            "ticker": "HIGHCHI-24SEP24-B72.5",
            "count": 50,
            "created_time": "2024-09-23T22:36:32.276554Z",
            "yes_price": 14,
            "no_price": 86,
            "taker_side": "no"
        },
        {
            "trade_id": "c7d33989-0cc1-42bc-b0fe-f271acd7a377",
            "ticker": "HIGHCHI-24SEP24-B72.5",
            "count": 9,
            "created_time": "2024-09-23T22:06:42.823231Z",
            "yes_price": 14,
            "no_price": 86,
            "taker_side": "no"
        },
        {
            "trade_id": "4190bc5f-5757-4fec-b1e2-3641d6dd6abd",
            "ticker": "HIGHCHI-24SEP24-B72.5",
            "count": 27,
            "created_time": "2024-09-23T21:34:00.655323Z",
            "yes_price": 14,
            "no_price": 86,
            "taker_side": "no"
        },
        {
            "trade_id": "4775a09b-6f47-40a9-8d8d-cea2307cd5fe",
            "ticker": "HIGHCHI-24SEP24-B72.5",
            "count": 15,
            "created_time": "2024-09-23T21:26:48.802369Z",
            "yes_price": 14,
            "no_price": 86,
            "taker_side": "no"
        },
        {
            "trade_id": "9f057f97-e3b1-495f-8d2d-3b32552d571d",
            "ticker": "HIGHCHI-24SEP24-B72.5",
            "count": 54,
            "created_time": "2024-09-23T20:30:02.495432Z",
            "yes_price": 22,
            "no_price": 78,
            "taker_side": "yes"
        },
        {
            "trade_id": "d238622d-2c5f-44bb-96de-728158f10bca",
            "ticker": "HIGHCHI-24SEP24-B72.5",
            "count": 30,
            "created_time": "2024-09-23T15:52:44.478604Z",
            "yes_price": 24,
            "no_price": 76,
            "taker_side": "no"
        },
        {
            "trade_id": "caf5f233-0d2e-4920-a60e-77dab32fb98e",
            "ticker": "HIGHCHI-24SEP24-B72.5",
            "count": 54,
            "created_time": "2024-09-23T15:52:37.695531Z",
            "yes_price": 24,
            "no_price": 76,
            "taker_side": "no"
        },
        {
            "trade_id": "65824c2b-5a06-4b2d-8721-2d34d67e49e6",
            "ticker": "HIGHCHI-24SEP24-B72.5",
            "count": 126,
            "created_time": "2024-09-23T15:48:33.369742Z",
            "yes_price": 24,
            "no_price": 76,
            "taker_side": "no"
        },
        {
            "trade_id": "559a3828-aee5-4a41-96ee-9b5c626c62a9",
            "ticker": "HIGHCHI-24SEP24-B72.5",
            "count": 72,
            "created_time": "2024-09-23T15:44:34.986672Z",
            "yes_price": 24,
            "no_price": 76,
            "taker_side": "no"
        },
        {
            "trade_id": "b3b912be-08c0-4a37-9897-7b672b5d6bc5",
            "ticker": "HIGHCHI-24SEP24-B72.5",
            "count": 18,
            "created_time": "2024-09-23T15:40:41.068732Z",
            "yes_price": 24,
            "no_price": 76,
            "taker_side": "no"
        },
        {
            "trade_id": "810934c4-ffc2-436e-b766-38e439f5dd85",
            "ticker": "HIGHCHI-24SEP24-B72.5",
            "count": 2,
            "created_time": "2024-09-23T15:32:33.697615Z",
            "yes_price": 26,
            "no_price": 74,
            "taker_side": "no"
        },
        {
            "trade_id": "7f591a8c-b663-4bc1-8f4d-9fe4a3689127",
            "ticker": "HIGHCHI-24SEP24-B72.5",
            "count": 128,
            "created_time": "2024-09-23T15:32:33.697615Z",
            "yes_price": 26,
            "no_price": 74,
            "taker_side": "no"
        },
        {
            "trade_id": "67f886a1-3764-49d0-bff8-039b82cf3b30",
            "ticker": "HIGHCHI-24SEP24-B72.5",
            "count": 72,
            "created_time": "2024-09-23T15:32:33.67186Z",
            "yes_price": 26,
            "no_price": 74,
            "taker_side": "no"
        }
    ],
    "HIGHCHI-24SEP24-T73": [
        {
            "trade_id": "9d5f1222-5328-4e30-a267-b2a69e633c45",
            "ticker": "HIGHCHI-24SEP24-T73",
            "count": 50,
            "created_time": "2024-09-23T23:42:19.636187Z",
            "yes_price": 1,
            "no_price": 99,
            "taker_side": "no"
        }
    ]
}