{
    "KXHIGHCHI-24DEC30-T40": [
        {
            "trade_id": "c24bc16e-ebdf-4790-b2dc-6da5820c96eb",
            "ticker": "KXHIGHCHI-24DEC30-T40",
            "count": 94,
            "created_time": "2024-12-31T04:16:54.375074Z",
            "yes_price": 1,
            "no_price": 99,
            "taker_side": "yes"
        },
        {
            "trade_id": "d699bff3-a49f-45cb-8ace-ae30f1d8ca50",
            "ticker": "KXHIGHCHI-24DEC30-T40",
            "count": 935,
            "created_time": "2024-12-31T02:38:41.082719Z",
            "yes_price": 1,
            "no_price": 99,
            "taker_side": "yes"
        },
        {
            "trade_id": "9bf7de4d-aaf5-4eac-906f-fe2d63e4e1bc",
            "ticker": "KXHIGHCHI-24DEC30-T40",
            "count": 1971,
            "created_time": "2024-12-30T23:00:53.202702Z",
            "yes_price": 1,
            "no_price": 99,
            "taker_side": "yes"
        },
        {
            "trade_id": "fe05a605-2866-459b-bcf0-87986bc2328c",
            "ticker": "KXHIGHCHI-24DEC30-T40",
            "count": 497,
            "created_time": "2024-12-30T20:38:35.400889Z",
            "yes_price": 1,
            "no_price": 99,
            "taker_side": "yes"
        },
        {
            "trade_id": "dde58d60-9261-442c-831a-ca9739bcfc50",
            "ticker": "KXHIGHCHI-24DEC30-T40",
            "count": 253,
            "created_time": "2024-12-30T20:38:35.400889Z",
            "yes_price": 1,
            "no_price": 99,
            "taker_side": "yes"
        },
        {
            "trade_id": "fdea61d1-aea4-4bd0-9810-625e12e9db93",
            "ticker": "KXHIGHCHI-24DEC30-T40",
            "count": 189,
            "created_time": "2024-12-30T19:43:16.748829Z",
            "yes_price": 1,
            "no_price": 99,
            "taker_side": "yes"
        },
        {
            "trade_id": "f96a89a9-b107-48c6-bb47-609323478612",
            "ticker": "KXHIGHCHI-24DEC30-T40",
            "count": 511,
            "created_time": "2024-12-30T19:43:16.748829Z",
            "yes_price": 1,
            "no_price": 99,
            "taker_side": "yes"
        },
        {
            "trade_id": "c4a442f1-97b9-47a1-862b-2a8ba21c5be6",
            "ticker": "KXHIGHCHI-24DEC30-T40",
            "count": 4,
            "created_time": "2024-12-30T17:55:15.965969Z",
            "yes_price": 1,
            "no_price": 99,
            "taker_side": "no"
        },
        {
            "trade_id": "bd1e9c8f-6874-4928-ae27-aa966be08007",
            "ticker": "KXHIGHCHI-24DEC30-T40",
            "count": 102,
            "created_time": "2024-12-30T17:52:50.138132Z",
            "yes_price": 1,
            "no_price": 99,
            "taker_side": "no"
        },
        {
            "trade_id": "e3594a6e-c364-4a52-84dc-3c5c7ef1f822",
            "ticker": "KXHIGHCHI-24DEC30-T40",
            "count": 100,
            "created_time": "2024-12-30T17:35:17.128055Z",
            "yes_price": 1,
            "no_price": 99,
            "taker_side": "no"
        },
        {
            "trade_id": "c4a8dba8-9ed4-4552-b613-c35b8fcfd5ef",
            "ticker": "KXHIGHCHI-24DEC30-T40",
            "count": 500,
            "created_time": "2024-12-30T17:35:17.128055Z",
            "yes_price": 1,
            "no_price": 99,
            "taker_side": "no"
        },
        {
            "trade_id": "648bf828-7109-4553-9d38-14e449c05de5",
            "ticker": "KXHIGHCHI-24DEC30-T40",
            "count": 100,
            "created_time": "2024-12-30T17:35:17.128055Z",
            "yes_price": 1,
            "no_price": 99,
            "taker_side": "no"
        },
        {
            "trade_id": "c1fe5f6d-d8d6-48d9-bdcc-26927a750abc",
            "ticker": "KXHIGHCHI-24DEC30-T40",
            "count": 151,
            "created_time": "2024-12-30T17:31:45.738931Z",
            "yes_price": 2,
            "no_price": 98,
            "taker_side": "yes"
        },
        {
            "trade_id": "8b4e777b-a7a4-48ba-95c2-5414ce463bc8",
            "ticker": "KXHIGHCHI-24DEC30-T40",
            "count": 500,
            "created_time": "2024-12-30T17:31:45.738931Z",
            "yes_price": 2,
            "no_price": 98,
            "taker_side": "yes"
        },
        {
            "trade_id": "53a38e58-4b72-475a-8505-b438cc7fe063",
            "ticker": "KXHIGHCHI-24DEC30-T40",
            "count": 100,
            "created_time": "2024-12-30T17:31:45.738931Z",
            "yes_price": 2,
            "no_price": 98,
            "taker_side": "yes"
        },
        {
            "trade_id": "ba53469a-fe47-4d39-81b2-1a282ab8c9c6",
            "ticker": "KXHIGHCHI-24DEC30-T40",
            "count": 142,
            "created_time": "2024-12-30T17:26:48.66881Z",
            "yes_price": 1,
            "no_price": 99,
            "taker_side": "no"
        },
        {
            "trade_id": "4c18778a-5c3e-490e-acb1-86ec815cebe9",
            "ticker": "KXHIGHCHI-24DEC30-T40",
            "count": 7,
            "created_time": "2024-12-30T17:26:48.66881Z",
            "yes_price": 1,
            "no_price": 99,
            "taker_side": "no"
        },
        {
            "trade_id": "3d85aa81-e2c7-447b-8f31-98ff69760a92",
            "ticker": "KXHIGHCHI-24DEC30-T40",
            "count": 3,
            "created_time": "2024-12-30T17:26:44.072432Z",
            "yes_price": 1,
            "no_price": 99,
            "taker_side": "no"
        },
        {
            "trade_id": "637e9d10-d906-46ba-a93c-134dcc7cd7ad",
            "ticker": "KXHIGHCHI-24DEC30-T40",
            "count": 100,
            "created_time": "2024-12-30T17:18:52.679918Z",
            "yes_price": 3,
            "no_price": 97,
            "taker_side": "no"
        },
        {
            "trade_id": "08b36974-4c3a-4106-b554-d785ac1be54a",
            "ticker": "KXHIGHCHI-24DEC30-T40",
            "count": 6,
            "created_time": "2024-12-30T17:18:52.679918Z",
            "yes_price": 4,
            "no_price": 96,
            "taker_side": "no"
        },
        {
            "trade_id": "743fbe5d-65f3-48f3-a7bc-1171d9cb10f9",
            "ticker": "KXHIGHCHI-24DEC30-T40",
            "count": 648,
            "created_time": "2024-12-30T17:18:18.368649Z",
            "yes_price": 5,
            "no_price": 95,
            "taker_side": "yes"
        },
        {
            "trade_id": "30ee7afa-618e-4524-9b6a-3696ab351028",
            "ticker": "KXHIGHCHI-24DEC30-T40",
            "count": 352,
            "created_time": "2024-12-30T17:18:18.368649Z",
            "yes_price": 5,
            "no_price": 95,
            "taker_side": "yes"
        },
        {
            "trade_id": "edddb160-b582-4f26-b595-490557705fe8",
            "ticker": "KXHIGHCHI-24DEC30-T40",
            "count": 10,
            "created_time": "2024-12-30T17:16:48.765558Z",
            "yes_price": 3,
            "no_price": 97,
            "taker_side": "yes"
        },
        {
            "trade_id": "d2bfdb65-b9bc-4526-afec-6867b4c8d34d",
            "ticker": "KXHIGHCHI-24DEC30-T40",
            "count": 150,
            "created_time": "2024-12-30T17:16:48.765558Z",
            "yes_price": 4,
            "no_price": 96,
            "taker_side": "yes"
        },
        {
            "trade_id": "79255ac5-22e4-49b2-917f-7c0666958b20",
            "ticker": "KXHIGHCHI-24DEC30-T40",
            "count": 530,
            "created_time": "2024-12-30T17:16:48.765558Z",
            "yes_price": 5,
            "no_price": 95,
            "taker_side": "yes"
        },
        {
            "trade_id": "2722807d-ffa4-4669-8b32-32241f34aad3",
            "ticker": "KXHIGHCHI-24DEC30-T40",
            "count": 351,
            "created_time": "2024-12-30T17:16:48.765558Z",
            "yes_price": 4,
            "no_price": 96,
            "taker_side": "yes"
        },
        {
            "trade_id": "f4bcf232-f583-4708-986c-7f1802594f13",
            "ticker": "KXHIGHCHI-24DEC30-T40",
            "count": 50,
            "created_time": "2024-12-30T17:16:38.270878Z",
            "yes_price": 2,
            "no_price": 98,
            "taker_side": "yes"
        },
        {
            "trade_id": "98047295-4b41-4a07-9527-0b390dce063c",
            "ticker": "KXHIGHCHI-24DEC30-T40",
            "count": 1,
            "created_time": "2024-12-30T17:16:26.419781Z",
            "yes_price": 1,
            "no_price": 99,
            "taker_side": "yes"
        },
        {
            "trade_id": "76d2395b-7edf-41f0-9cb8-c64d32b1a2fd",
            "ticker": "KXHIGHCHI-24DEC30-T40",
            "count": 1,
            "created_time": "2024-12-30T17:16:26.419781Z",
            "yes_price": 1,
            "no_price": 99,
            "taker_side": "yes"
        },
        {
            "trade_id": "72647f92-8460-4b17-9fb1-9d964f0a9286",
            "ticker": "KXHIGHCHI-24DEC30-T40",
            "count": 1,
            "created_time": "2024-12-30T16:50:34.880137Z",
            "yes_price": 1,
            "no_price": 99,
            "taker_side": "no"
        },
        {
            "trade_id": "71c491df-aebf-4383-b78c-92b8065d35de",
            "ticker": "KXHIGHCHI-24DEC30-T40",
            "count": 383,
            "created_time": "2024-12-30T16:23:50.330639Z",
            "yes_price": 4,
            "no_price": 96,
            "taker_side": "yes"
        },
        {
            "trade_id": "069d40d6-303c-41ba-a62c-a0298d16986e",
            "ticker": "KXHIGHCHI-24DEC30-T40",
            "count": 235,
            "created_time": "2024-12-30T16:17:03.042708Z",
            "yes_price": 2,
            "no_price": 98,
            "taker_side": "no"
        },
        {
            "trade_id": "99a94452-ebbb-4d04-bfc9-de8d4b421402",
            "ticker": "KXHIGHCHI-24DEC30-T40",
            "count": 100,
            "created_time": "2024-12-30T16:13:06.035873Z",
            "yes_price": 2,
            "no_price": 98,
            "taker_side": "no"
        },
        {
            "trade_id": "bf697073-81fd-4867-b0af-7c3b0f1e0418",
            "ticker": "KXHIGHCHI-24DEC30-T40",
            "count": 200,
            "created_time": "2024-12-30T16:01:12.853018Z",
            "yes_price": 3,
            "no_price": 97,
            "taker_side": "yes"
        },
        {
            "trade_id": "0f07de64-1fcf-4bda-baf0-725b3c889f91",
            "ticker": "KXHIGHCHI-24DEC30-T40",
            "count": 20,
            "created_time": "2024-12-30T16:00:12.950531Z",
            "yes_price": 2,
            "no_price": 98,
            "taker_side": "no"
        },
        {
            "trade_id": "34361086-2416-4bfa-a428-39b8fcaa4755",
            "ticker": "KXHIGHCHI-24DEC30-T40",
            "count": 16,
            "created_time": "2024-12-30T15:57:26.235198Z",
            "yes_price": 2,
            "no_price": 98,
            "taker_side": "no"
        },
        {
            "trade_id": "d924271c-039f-463b-b519-f290606bc44f",
            "ticker": "KXHIGHCHI-24DEC30-T40",
            "count": 96,
            "created_time": "2024-12-30T15:48:28.906568Z",
            "yes_price": 2,
            "no_price": 98,
            "taker_side": "no"
        },
        {
            "trade_id": "3a9987cd-7760-4b1c-bf03-59695a83980c",
            "ticker": "KXHIGHCHI-24DEC30-T40",
            "count": 4,
            "created_time": "2024-12-30T15:48:28.906568Z",
            "yes_price": 3,
            "no_price": 97,
            "taker_side": "no"
        },
        {
            "trade_id": "a5aa81e5-19a9-40b2-8b58-bbddaf4bb884",
            "ticker": "KXHIGHCHI-24DEC30-T40",
            "count": 117,
            "created_time": "2024-12-30T15:41:51.535576Z",
            "yes_price": 4,
            "no_price": 96,
            "taker_side": "yes"
        },
        {
            "trade_id": "b31e18a3-0c62-4762-bf2e-1b3626fd727d",
            "ticker": "KXHIGHCHI-24DEC30-T40",
            "count": 1,
            "created_time": "2024-12-30T15:37:26.302257Z",
            "yes_price": 3,
            "no_price": 97,
            "taker_side": "yes"
        },
        {
            "trade_id": "ada73db0-c779-49ee-a51e-2c0b07334a4e",
            "ticker": "KXHIGHCHI-24DEC30-T40",
            "count": 25,
            "created_time": "2024-12-30T14:56:28.136561Z",
            "yes_price": 5,
            "no_price": 95,
            "taker_side": "yes"
        },
        {
            "trade_id": "d491f71e-ce16-4a54-a6c6-cca1cbe16dd2",
            "ticker": "KXHIGHCHI-24DEC30-T40",
            "count": 93,
            "created_time": "2024-12-30T14:42:44.622236Z",
            "yes_price": 5,
            "no_price": 95,
            "taker_side": "yes"
        },
        {
            "trade_id": "18cb6df2-4274-49a9-b926-3d6c0d703462",
            "ticker": "KXHIGHCHI-24DEC30-T40",
            "count": 20,
            "created_time": "2024-12-30T13:25:22.657815Z",
            "yes_price": 1,
            "no_price": 99,
            "taker_side": "no"
        },
        {
            "trade_id": "bd8651a0-b168-48f7-8832-7a236c75a906",
            "ticker": "KXHIGHCHI-24DEC30-T40",
            "count": 309,
            "created_time": "2024-12-30T13:13:15.960236Z",
            "yes_price": 3,
            "no_price": 97,
            "taker_side": "no"
        },
        {
            "trade_id": "75be07b8-92d8-4612-b1d1-e7c27e4950b3",
            "ticker": "KXHIGHCHI-24DEC30-T40",
            "count": 500,
            "created_time": "2024-12-30T13:13:15.960236Z",
            "yes_price": 3,
            "no_price": 97,
            "taker_side": "no"
        },
        {
            "trade_id": "3d231020-8868-42cf-823d-1d23cd3fe7be",
            "ticker": "KXHIGHCHI-24DEC30-T40",
            "count": 5,
            "created_time": "2024-12-30T13:11:57.738736Z",
            "yes_price": 3,
            "no_price": 97,
            "taker_side": "no"
        },
        {
            "trade_id": "d5c02f26-86f8-4359-ac02-e0ad2757be4d",
            "ticker": "KXHIGHCHI-24DEC30-T40",
            "count": 110,
            "created_time": "2024-12-30T13:11:43.757182Z",
            "yes_price": 4,
            "no_price": 96,
            "taker_side": "no"
        },
        {
            "trade_id": "3f4e526c-fa71-4b71-949e-5f3b411c637b",
            "ticker": "KXHIGHCHI-24DEC30-T40",
            "count": 36,
            "created_time": "2024-12-30T13:03:55.365902Z",
            "yes_price": 3,
            "no_price": 97,
            "taker_side": "no"
        },
        {
            "trade_id": "7dd19992-4090-4d95-9392-e0a83f1e75b2",
            "ticker": "KXHIGHCHI-24DEC30-T40",
            "count": 50,
            "created_time": "2024-12-30T13:02:11.056981Z",
            "yes_price": 6,
            "no_price": 94,
            "taker_side": "yes"
        },
        {
            "trade_id": "481725e5-1e2a-45fb-8397-a347d4224377",
            "ticker": "KXHIGHCHI-24DEC30-T40",
            "count": 100,
            "created_time": "2024-12-30T13:02:11.056981Z",
            "yes_price": 5,
            "no_price": 95,
            "taker_side": "yes"
        },
        {
            "trade_id": "145eb233-1b41-4a20-977a-241bfbdc7aae",
            "ticker": "KXHIGHCHI-24DEC30-T40",
            "count": 240,
            "created_time": "2024-12-30T13:02:11.056981Z",
            "yes_price": 6,
            "no_price": 94,
            "taker_side": "yes"
        },
        {
            "trade_id": "316deb00-be99-4f2f-bffe-17fb32c72df0",
            "ticker": "KXHIGHCHI-24DEC30-T40",
            "count": 100,
            "created_time": "2024-12-30T07:49:57.846493Z",
            "yes_price": 5,
            "no_price": 95,
            "taker_side": "yes"
        },
        {
            "trade_id": "4c84fd7d-0cb8-4c91-9d87-ffc497f46d20",
            "ticker": "KXHIGHCHI-24DEC30-T40",
            "count": 90,
            "created_time": "2024-12-30T07:33:26.278035Z",
            "yes_price": 5,
            "no_price": 95,
            "taker_side": "no"
        },
        {
            "trade_id": "214d269d-f1d3-466d-8ad3-39d294a9a488",
            "ticker": "KXHIGHCHI-24DEC30-T40",
            "count": 200,
            "created_time": "2024-12-30T07:30:35.56944Z",
            "yes_price": 5,
            "no_price": 95,
            "taker_side": "no"
        },
        {
            "trade_id": "f0cc0efa-b141-4332-918a-58715b7d63a7",
            "ticker": "KXHIGHCHI-24DEC30-T40",
            "count": 210,
            "created_time": "2024-12-30T06:45:42.642873Z",
            "yes_price": 5,
            "no_price": 95,
            "taker_side": "no"
        },
        {
            "trade_id": "2d5ab689-290e-40ab-ada4-d41a41e0f480",
            "ticker": "KXHIGHCHI-24DEC30-T40",
            "count": 500,
            "created_time": "2024-12-30T04:32:44.356971Z",
            "yes_price": 5,
            "no_price": 95,
            "taker_side": "yes"
        },
        {
            "trade_id": "6ef38fd9-508a-40b4-864a-0afb4fa80688",
            "ticker": "KXHIGHCHI-24DEC30-T40",
            "count": 13,
            "created_time": "2024-12-30T04:02:58.760199Z",
            "yes_price": 4,
            "no_price": 96,
            "taker_side": "no"
        },
        {
            "trade_id": "864eddf9-45ea-49fb-a79e-eacce4a68c5c",
            "ticker": "KXHIGHCHI-24DEC30-T40",
            "count": 762,
            "created_time": "2024-12-30T03:51:58.09129Z",
            "yes_price": 5,
            "no_price": 95,
            "taker_side": "no"
        },
        {
            "trade_id": "22442840-0a9b-4a9d-8e92-2189cc77e643",
            "ticker": "KXHIGHCHI-24DEC30-T40",
            "count": 5,
            "created_time": "2024-12-30T03:36:11.684807Z",
            "yes_price": 5,
            "no_price": 95,
            "taker_side": "no"
        },
        {
            "trade_id": "a244b22a-ea23-42d1-8b80-63bf29f5227d",
            "ticker": "KXHIGHCHI-24DEC30-T40",
            "count": 20,
            "created_time": "2024-12-30T03:33:29.577863Z",
            "yes_price": 5,
            "no_price": 95,
            "taker_side": "no"
        },
        {
            "trade_id": "01ed1ace-c923-4854-82ca-7704cf7d391b",
            "ticker": "KXHIGHCHI-24DEC30-T40",
            "count": 20,
            "created_time": "2024-12-30T03:33:29.400938Z",
            "yes_price": 5,
            "no_price": 95,
            "taker_side": "no"
        },
        {
            "trade_id": "d52fe8c3-6c9f-4370-a236-5541e7b063cc",
            "ticker": "KXHIGHCHI-24DEC30-T40",
            "count": 12,
            "created_time": "2024-12-30T03:32:31.630915Z",
            "yes_price": 5,
            "no_price": 95,
            "taker_side": "no"
        },
        {
            "trade_id": "2a5d9882-d245-41ec-8168-05dfc34c9665",
            "ticker": "KXHIGHCHI-24DEC30-T40",
            "count": 720,
            "created_time": "2024-12-30T03:29:35.311642Z",
            "yes_price": 7,
            "no_price": 93,
            "taker_side": "yes"
        },
        {
            "trade_id": "9d9337e6-13eb-4964-a0da-d0eb7f023c7e",
            "ticker": "KXHIGHCHI-24DEC30-T40",
            "count": 3,
            "created_time": "2024-12-30T03:29:30.668122Z",
            "yes_price": 6,
            "no_price": 94,
            "taker_side": "no"
        },
        {
            "trade_id": "e5da90a5-c631-452f-9d06-7d6fc646e737",
            "ticker": "KXHIGHCHI-24DEC30-T40",
            "count": 240,
            "created_time": "2024-12-30T03:21:49.525832Z",
            "yes_price": 6,
            "no_price": 94,
            "taker_side": "yes"
        },
        {
            "trade_id": "adaa9298-9bc3-4529-a7df-f70fec383b71",
            "ticker": "KXHIGHCHI-24DEC30-T40",
            "count": 240,
            "created_time": "2024-12-30T03:21:49.525832Z",
            "yes_price": 7,
            "no_price": 93,
            "taker_side": "yes"
        },
        {
            "trade_id": "921bed22-70f1-4b60-9dd5-f32ad26ef774",
            "ticker": "KXHIGHCHI-24DEC30-T40",
            "count": 240,
            "created_time": "2024-12-30T03:21:49.525832Z",
            "yes_price": 8,
            "no_price": 92,
            "taker_side": "yes"
        },
        {
            "trade_id": "76e7d976-0966-4b13-bca8-fc1251c05ba8",
            "ticker": "KXHIGHCHI-24DEC30-T40",
            "count": 100,
            "created_time": "2024-12-30T03:11:32.688381Z",
            "yes_price": 5,
            "no_price": 95,
            "taker_side": "no"
        },
        {
            "trade_id": "6e63d3d0-5a48-4fbf-9879-019e9afe93c6",
            "ticker": "KXHIGHCHI-24DEC30-T40",
            "count": 100,
            "created_time": "2024-12-30T03:11:11.374975Z",
            "yes_price": 7,
            "no_price": 93,
            "taker_side": "yes"
        },
        {
            "trade_id": "1bfbe656-e008-40e9-ae03-75963ab73b4a",
            "ticker": "KXHIGHCHI-24DEC30-T40",
            "count": 100,
            "created_time": "2024-12-30T03:11:11.374975Z",
            "yes_price": 7,
            "no_price": 93,
            "taker_side": "yes"
        },
        {
            "trade_id": "bb23b949-32b7-4980-af26-4c362eeb70da",
            "ticker": "KXHIGHCHI-24DEC30-T40",
            "count": 50,
            "created_time": "2024-12-30T03:10:43.360151Z",
            "yes_price": 7,
            "no_price": 93,
            "taker_side": "yes"
        },
        {
            "trade_id": "a33dbd85-b374-4348-b416-4f602a2fd428",
            "ticker": "KXHIGHCHI-24DEC30-T40",
            "count": 140,
            "created_time": "2024-12-30T03:10:43.360151Z",
            "yes_price": 7,
            "no_price": 93,
            "taker_side": "yes"
        },
        {
            "trade_id": "6b0c303a-16c1-4425-b19a-660fb77b4548",
            "ticker": "KXHIGHCHI-24DEC30-T40",
            "count": 50,
            "created_time": "2024-12-30T03:10:43.360151Z",
            "yes_price": 7,
            "no_price": 93,
            "taker_side": "yes"
        },
        {
            "trade_id": "e125ae3c-41a7-4a2d-88a5-ad831532d9e5",
            "ticker": "KXHIGHCHI-24DEC30-T40",
            "count": 50,
            "created_time": "2024-12-30T03:09:34.937633Z",
            "yes_price": 7,
            "no_price": 93,
            "taker_side": "yes"
        },
        {
            "trade_id": "e7d347e4-de04-47d8-a7eb-2c4c2d348165",
            "ticker": "KXHIGHCHI-24DEC30-T40",
            "count": 120,
            "created_time": "2024-12-30T03:09:29.610778Z",
            "yes_price": 6,
            "no_price": 94,
            "taker_side": "no"
        },
        {
            "trade_id": "3369d2be-0c27-4963-821f-9e0325f3d207",
            "ticker": "KXHIGHCHI-24DEC30-T40",
            "count": 80,
            "created_time": "2024-12-30T03:09:29.610778Z",
            "yes_price": 5,
            "no_price": 95,
            "taker_side": "no"
        },
        {
            "trade_id": "df6581a1-a2ef-4ec5-927f-8360f310503b",
            "ticker": "KXHIGHCHI-24DEC30-T40",
            "count": 190,
            "created_time": "2024-12-30T03:09:29.505877Z",
            "yes_price": 6,
            "no_price": 94,
            "taker_side": "no"
        },
        {
            "trade_id": "43c588a9-4b9a-44e8-9807-17669e468c7a",
            "ticker": "KXHIGHCHI-24DEC30-T40",
            "count": 50,
            "created_time": "2024-12-30T03:09:29.505877Z",
            "yes_price": 6,
            "no_price": 94,
            "taker_side": "no"
        },
        {
            "trade_id": "701d771b-1c47-4b96-98aa-3434c76adc03",
            "ticker": "KXHIGHCHI-24DEC30-T40",
            "count": 240,
            "created_time": "2024-12-30T03:07:15.092792Z",
            "yes_price": 7,
            "no_price": 93,
            "taker_side": "yes"
        },
        {
            "trade_id": "5ab4ac18-3796-47b1-9aca-8fca7a5e9bc4",
            "ticker": "KXHIGHCHI-24DEC30-T40",
            "count": 184,
            "created_time": "2024-12-30T03:05:43.602093Z",
            "yes_price": 6,
            "no_price": 94,
            "taker_side": "yes"
        },
        {
            "trade_id": "be224a7d-6bfe-42e1-ae81-09d3213fd05f",
            "ticker": "KXHIGHCHI-24DEC30-T40",
            "count": 1,
            "created_time": "2024-12-30T03:05:21.734243Z",
            "yes_price": 5,
            "no_price": 95,
            "taker_side": "no"
        },
        {
            "trade_id": "c51dd841-f429-4bc7-af55-da360d5c7a43",
            "ticker": "KXHIGHCHI-24DEC30-T40",
            "count": 1,
            "created_time": "2024-12-30T03:05:19.715802Z",
            "yes_price": 5,
            "no_price": 95,
            "taker_side": "no"
        },
        {
            "trade_id": "91aa10d5-c329-4d6a-bd88-845599e455ed",
            "ticker": "KXHIGHCHI-24DEC30-T40",
            "count": 1,
            "created_time": "2024-12-30T03:05:17.925824Z",
            "yes_price": 5,
            "no_price": 95,
            "taker_side": "no"
        },
        {
            "trade_id": "68c1a452-274b-40ff-aaf2-5471495c27b9",
            "ticker": "KXHIGHCHI-24DEC30-T40",
            "count": 1,
            "created_time": "2024-12-30T03:05:16.141332Z",
            "yes_price": 5,
            "no_price": 95,
            "taker_side": "no"
        },
        {
            "trade_id": "6c2ef34c-a26a-4066-94d8-cf8c7cf9758b",
            "ticker": "KXHIGHCHI-24DEC30-T40",
            "count": 1,
            "created_time": "2024-12-30T03:05:14.32799Z",
            "yes_price": 5,
            "no_price": 95,
            "taker_side": "no"
        },
        {
            "trade_id": "ad0700a8-dc75-4bd0-934e-49f0d90d4578",
            "ticker": "KXHIGHCHI-24DEC30-T40",
            "count": 1,
            "created_time": "2024-12-30T03:05:12.369168Z",
            "yes_price": 5,
            "no_price": 95,
            "taker_side": "no"
        },
        {
            "trade_id": "b1341646-197f-42a3-a2b5-94a6ec25d5c1",
            "ticker": "KXHIGHCHI-24DEC30-T40",
            "count": 1,
            "created_time": "2024-12-30T03:05:10.561431Z",
            "yes_price": 5,
            "no_price": 95,
            "taker_side": "no"
        },
        {
            "trade_id": "98458473-f30d-4a00-ba65-926d570919f4",
            "ticker": "KXHIGHCHI-24DEC30-T40",
            "count": 1,
            "created_time": "2024-12-30T03:05:08.551751Z",
            "yes_price": 5,
            "no_price": 95,
            "taker_side": "no"
        },
        {
            "trade_id": "2e76fbd3-dc53-4ee6-97c7-2bc1a7da3d2f",
            "ticker": "KXHIGHCHI-24DEC30-T40",
            "count": 1,
            "created_time": "2024-12-30T03:05:06.851101Z",
            "yes_price": 5,
            "no_price": 95,
            "taker_side": "no"
        },
        {
            "trade_id": "29c5aa34-6188-4c81-a8e6-bf190e6e69a0",
            "ticker": "KXHIGHCHI-24DEC30-T40",
            "count": 1,
            "created_time": "2024-12-30T03:05:05.034717Z",
            "yes_price": 5,
            "no_price": 95,
            "taker_side": "no"
        },
        {
            "trade_id": "599416ee-8566-475e-8e61-762d048ac8ee",
            "ticker": "KXHIGHCHI-24DEC30-T40",
            "count": 1,
            "created_time": "2024-12-30T03:05:03.379188Z",
            "yes_price": 5,
            "no_price": 95,
            "taker_side": "no"
        },
        {
            "trade_id": "54f25d3d-2653-4a79-8e6c-5b9f4505445a",
            "ticker": "KXHIGHCHI-24DEC30-T40",
            "count": 1,
            "created_time": "2024-12-30T03:05:01.71561Z",
            "yes_price": 5,
            "no_price": 95,
            "taker_side": "no"
        },
        {
            "trade_id": "86dfde6e-a38a-44f9-bffb-be66e2a300d8",
            "ticker": "KXHIGHCHI-24DEC30-T40",
            "count": 1,
            "created_time": "2024-12-30T03:05:00.035075Z",
            "yes_price": 5,
            "no_price": 95,
            "taker_side": "no"
        },
        {
            "trade_id": "5706ce08-231f-400d-a266-adf5c289970b",
            "ticker": "KXHIGHCHI-24DEC30-T40",
            "count": 1,
            "created_time": "2024-12-30T03:04:58.206648Z",
            "yes_price": 5,
            "no_price": 95,
            "taker_side": "no"
        },
        {
            "trade_id": "75c454d1-cd12-4318-bb13-24741dd3c9d8",
            "ticker": "KXHIGHCHI-24DEC30-T40",
            "count": 1,
            "created_time": "2024-12-30T03:04:56.465948Z",
            "yes_price": 5,
            "no_price": 95,
            "taker_side": "no"
        },
        {
            "trade_id": "76da0e6e-a553-4460-925c-c39209ead103",
            "ticker": "KXHIGHCHI-24DEC30-T40",
            "count": 1,
            "created_time": "2024-12-30T03:04:54.364314Z",
            "yes_price": 5,
            "no_price": 95,
            "taker_side": "no"
        },
        {
            "trade_id": "adb26189-12fe-4a59-bcec-bb150805f15f",
            "ticker": "KXHIGHCHI-24DEC30-T40",
            "count": 240,
            "created_time": "2024-12-30T03:04:53.982683Z",
            "yes_price": 5,
            "no_price": 95,
            "taker_side": "no"
        },
        {
            "trade_id": "14152934-0fb8-4fee-8ddf-25238dcd1eb9",
            "ticker": "KXHIGHCHI-24DEC30-T40",
            "count": 1,
            "created_time": "2024-12-30T03:04:52.668228Z",
            "yes_price": 5,
            "no_price": 95,
            "taker_side": "no"
        },
        {
            "trade_id": "5ea96aca-a437-421e-8b27-ae68b005e710",
            "ticker": "KXHIGHCHI-24DEC30-T40",
            "count": 1,
            "created_time": "2024-12-30T03:04:50.624698Z",
            "yes_price": 5,
            "no_price": 95,
            "taker_side": "no"
        },
        {
            "trade_id": "178d009d-411e-4154-8a0a-7f28a56b82ad",
            "ticker": "KXHIGHCHI-24DEC30-T40",
            "count": 3,
            "created_time": "2024-12-30T03:04:49.074779Z",
            "yes_price": 5,
            "no_price": 95,
            "taker_side": "no"
        },
        {
            "trade_id": "da8928e5-6c1c-4901-acc9-a424de498a24",
            "ticker": "KXHIGHCHI-24DEC30-T40",
            "count": 190,
            "created_time": "2024-12-30T03:04:49.006898Z",
            "yes_price": 5,
            "no_price": 95,
            "taker_side": "yes"
        },
        {
            "trade_id": "9a42cc10-053d-4215-a9b6-9f38e3d7ab38",
            "ticker": "KXHIGHCHI-24DEC30-T40",
            "count": 10,
            "created_time": "2024-12-30T03:04:49.006898Z",
            "yes_price": 5,
            "no_price": 95,
            "taker_side": "yes"
        },
        {
            "trade_id": "36808a81-05de-4020-bdaa-1f7562ee9fad",
            "ticker": "KXHIGHCHI-24DEC30-T40",
            "count": 40,
            "created_time": "2024-12-30T03:04:49.006898Z",
            "yes_price": 5,
            "no_price": 95,
            "taker_side": "yes"
        },
        {
            "trade_id": "6c96de47-12ef-4dae-b4dc-79495de4cbf8",
            "ticker": "KXHIGHCHI-24DEC30-T40",
            "count": 3,
            "created_time": "2024-12-30T03:04:46.650264Z",
            "yes_price": 4,
            "no_price": 96,
            "taker_side": "no"
        },
        {
            "trade_id": "89bafc22-5a20-4d67-b0c7-59d0c3ac450c",
            "ticker": "KXHIGHCHI-24DEC30-T40",
            "count": 4,
            "created_time": "2024-12-30T03:04:44.481172Z",
            "yes_price": 4,
            "no_price": 96,
            "taker_side": "no"
        },
        {
            "trade_id": "41a6e25c-6c0a-472d-81f0-fd09c4949592",
            "ticker": "KXHIGHCHI-24DEC30-T40",
            "count": 18,
            "created_time": "2024-12-30T03:04:44.294572Z",
            "yes_price": 4,
            "no_price": 96,
            "taker_side": "no"
        },
        {
            "trade_id": "2dd2694a-0a6b-4af8-bcb9-5830d450918c",
            "ticker": "KXHIGHCHI-24DEC30-T40",
            "count": 28,
            "created_time": "2024-12-30T03:04:44.14587Z",
            "yes_price": 4,
            "no_price": 96,
            "taker_side": "no"
        },
        {
            "trade_id": "6ca10b11-2dab-4567-8fbb-3732bce1ea08",
            "ticker": "KXHIGHCHI-24DEC30-T40",
            "count": 11,
            "created_time": "2024-12-30T03:04:43.962474Z",
            "yes_price": 4,
            "no_price": 96,
            "taker_side": "no"
        },
        {
            "trade_id": "15a3d925-749f-443f-b319-9a66cc401118",
            "ticker": "KXHIGHCHI-24DEC30-T40",
            "count": 11,
            "created_time": "2024-12-30T03:04:43.95001Z",
            "yes_price": 4,
            "no_price": 96,
            "taker_side": "no"
        },
        {
            "trade_id": "61adc867-142b-4987-a39d-944e68310b68",
            "ticker": "KXHIGHCHI-24DEC30-T40",
            "count": 50,
            "created_time": "2024-12-30T03:03:01.930617Z",
            "yes_price": 5,
            "no_price": 95,
            "taker_side": "yes"
        },
        {
            "trade_id": "74e152f1-bbc7-4836-b95f-5698329e1e20",
            "ticker": "KXHIGHCHI-24DEC30-T40",
            "count": 1,
            "created_time": "2024-12-30T02:47:22.707205Z",
            "yes_price": 5,
            "no_price": 95,
            "taker_side": "yes"
        },
        {
            "trade_id": "44584a7a-435d-4b28-9119-dcd88fbaad46",
            "ticker": "KXHIGHCHI-24DEC30-T40",
            "count": 239,
            "created_time": "2024-12-30T02:47:22.707205Z",
            "yes_price": 5,
            "no_price": 95,
            "taker_side": "yes"
        },
        {
            "trade_id": "1fbb008f-c395-4da2-a284-6ad78664c0bc",
            "ticker": "KXHIGHCHI-24DEC30-T40",
            "count": 1,
            "created_time": "2024-12-30T02:44:38.692448Z",
            "yes_price": 4,
            "no_price": 96,
            "taker_side": "yes"
        },
        {
            "trade_id": "f85ea592-b800-4671-83f0-6e7c770dc684",
            "ticker": "KXHIGHCHI-24DEC30-T40",
            "count": 1,
            "created_time": "2024-12-30T02:40:27.208279Z",
            "yes_price": 4,
            "no_price": 96,
            "taker_side": "yes"
        },
        {
            "trade_id": "32154b6f-d485-4529-8bb7-209053db7897",
            "ticker": "KXHIGHCHI-24DEC30-T40",
            "count": 240,
            "created_time": "2024-12-30T02:40:27.208279Z",
            "yes_price": 5,
            "no_price": 95,
            "taker_side": "yes"
        },
        {
            "trade_id": "e66388e7-76f1-4fd1-8a6f-2808b0df3182",
            "ticker": "KXHIGHCHI-24DEC30-T40",
            "count": 93,
            "created_time": "2024-12-30T02:22:02.304218Z",
            "yes_price": 5,
            "no_price": 95,
            "taker_side": "yes"
        },
        {
            "trade_id": "deb79b82-ccf9-472a-a3db-9b5fd4fa9bf8",
            "ticker": "KXHIGHCHI-24DEC30-T40",
            "count": 240,
            "created_time": "2024-12-30T02:22:02.304218Z",
            "yes_price": 7,
            "no_price": 93,
            "taker_side": "yes"
        },
        {
            "trade_id": "ad6d9e5b-7e86-4778-82c8-388311803872",
            "ticker": "KXHIGHCHI-24DEC30-T40",
            "count": 27,
            "created_time": "2024-12-30T02:22:02.304218Z",
            "yes_price": 26,
            "no_price": 74,
            "taker_side": "yes"
        },
        {
            "trade_id": "9f588ae7-706e-49ac-b112-47437dc2fcf1",
            "ticker": "KXHIGHCHI-24DEC30-T40",
            "count": 3,
            "created_time": "2024-12-30T02:22:02.304218Z",
            "yes_price": 50,
            "no_price": 50,
            "taker_side": "yes"
        },
        {
            "trade_id": "8bca1c48-c4e2-42ce-9dc9-8a9c27a24923",
            "ticker": "KXHIGHCHI-24DEC30-T40",
            "count": 240,
            "created_time": "2024-12-30T02:22:02.304218Z",
            "yes_price": 6,
            "no_price": 94,
            "taker_side": "yes"
        },
        {
            "trade_id": "86a64518-c03d-460a-873c-62ade335803a",
            "ticker": "KXHIGHCHI-24DEC30-T40",
            "count": 14,
            "created_time": "2024-12-30T02:22:02.304218Z",
            "yes_price": 6,
            "no_price": 94,
            "taker_side": "yes"
        },
        {
            "trade_id": "5ada03e0-3fac-4fc4-a423-2e29f263b2b9",
            "ticker": "KXHIGHCHI-24DEC30-T40",
            "count": 11,
            "created_time": "2024-12-30T02:22:02.304218Z",
            "yes_price": 16,
            "no_price": 84,
            "taker_side": "yes"
        },
        {
            "trade_id": "4d6d7d37-13ae-4868-88b9-74d3b5f1c08c",
            "ticker": "KXHIGHCHI-24DEC30-T40",
            "count": 140,
            "created_time": "2024-12-30T02:22:02.304218Z",
            "yes_price": 5,
            "no_price": 95,
            "taker_side": "yes"
        },
        {
            "trade_id": "3761ab46-216e-4fff-8ee1-78338f3e591a",
            "ticker": "KXHIGHCHI-24DEC30-T40",
            "count": 1,
            "created_time": "2024-12-30T02:22:02.304218Z",
            "yes_price": 5,
            "no_price": 95,
            "taker_side": "yes"
        },
        {
            "trade_id": "1c182613-3097-47d5-beb9-ba71cb25998d",
            "ticker": "KXHIGHCHI-24DEC30-T40",
            "count": 7,
            "created_time": "2024-12-30T02:22:02.304218Z",
            "yes_price": 5,
            "no_price": 95,
            "taker_side": "yes"
        },
        {
            "trade_id": "ba23a8d2-35f4-4d95-8d06-4886bc96f404",
            "ticker": "KXHIGHCHI-24DEC30-T40",
            "count": 114,
            "created_time": "2024-12-30T02:06:55.831501Z",
            "yes_price": 4,
            "no_price": 96,
            "taker_side": "yes"
        },
        {
            "trade_id": "19f60194-4751-43f6-82a5-ba6fb24cdaa2",
            "ticker": "KXHIGHCHI-24DEC30-T40",
            "count": 3,
            "created_time": "2024-12-30T02:06:55.831501Z",
            "yes_price": 4,
            "no_price": 96,
            "taker_side": "yes"
        },
        {
            "trade_id": "4bb9721f-3ff7-474a-9439-73f4118c3fb2",
            "ticker": "KXHIGHCHI-24DEC30-T40",
            "count": 21,
            "created_time": "2024-12-30T01:42:58.105484Z",
            "yes_price": 1,
            "no_price": 99,
            "taker_side": "no"
        },
        {
            "trade_id": "2d2a0c59-84b6-4c39-b66e-bd17644c6e1a",
            "ticker": "KXHIGHCHI-24DEC30-T40",
            "count": 1,
            "created_time": "2024-12-30T01:42:58.105484Z",
            "yes_price": 2,
            "no_price": 98,
            "taker_side": "no"
        },
        {
            "trade_id": "02b7723f-3e9f-4589-a36b-ceb6f98dd9df",
            "ticker": "KXHIGHCHI-24DEC30-T40",
            "count": 1,
            "created_time": "2024-12-30T01:42:58.105484Z",
            "yes_price": 1,
            "no_price": 99,
            "taker_side": "no"
        },
        {
            "trade_id": "44cb1d24-bfa3-4f1e-8c59-8679a5367f1f",
            "ticker": "KXHIGHCHI-24DEC30-T40",
            "count": 93,
            "created_time": "2024-12-30T01:02:45.65657Z",
            "yes_price": 5,
            "no_price": 95,
            "taker_side": "yes"
        },
        {
            "trade_id": "f5d491ec-76a7-4a0f-a18b-655b164a0e9c",
            "ticker": "KXHIGHCHI-24DEC30-T40",
            "count": 1,
            "created_time": "2024-12-29T20:40:27.764027Z",
            "yes_price": 4,
            "no_price": 96,
            "taker_side": "yes"
        },
        {
            "trade_id": "508d7148-5687-41ba-88a8-a6031f38f565",
            "ticker": "KXHIGHCHI-24DEC30-T40",
            "count": 1,
            "created_time": "2024-12-29T20:40:27.764027Z",
            "yes_price": 3,
            "no_price": 97,
            "taker_side": "yes"
        },
        {
            "trade_id": "286780a6-ca11-478c-a6a3-9df256c0db18",
            "ticker": "KXHIGHCHI-24DEC30-T40",
            "count": 7,
            "created_time": "2024-12-29T20:40:27.764027Z",
            "yes_price": 5,
            "no_price": 95,
            "taker_side": "yes"
        }
    ],
    "KXHIGHCHI-24DEC30-B40.5": [
        {
            "trade_id": "c79bba01-b616-49aa-851d-12c61c22f296",
            "ticker": "KXHIGHCHI-24DEC30-B40.5",
            "count": 187,
            "created_time": "2024-12-31T04:58:06.231768Z",
            "yes_price": 1,
            "no_price": 99,
            "taker_side": "yes"
        },
        {
            "trade_id": "2a58262d-5d50-4370-8dd4-4070b90382f9",
            "ticker": "KXHIGHCHI-24DEC30-B40.5",
            "count": 26,
            "created_time": "2024-12-31T04:38:16.515993Z",
            "yes_price": 1,
            "no_price": 99,
            "taker_side": "yes"
        },
        {
            "trade_id": "a0b0f611-0a59-4d17-8bc6-6838951dbadd",
            "ticker": "KXHIGHCHI-24DEC30-B40.5",
            "count": 262,
            "created_time": "2024-12-31T04:29:59.451461Z",
            "yes_price": 1,
            "no_price": 99,
            "taker_side": "yes"
        },
        {
            "trade_id": "7a1a49b1-19b9-4b27-bac2-071af108dce6",
            "ticker": "KXHIGHCHI-24DEC30-B40.5",
            "count": 10,
            "created_time": "2024-12-31T04:14:42.638765Z",
            "yes_price": 1,
            "no_price": 99,
            "taker_side": "yes"
        },
        {
            "trade_id": "fdb806ca-4d31-435c-bbb7-f85421182ddb",
            "ticker": "KXHIGHCHI-24DEC30-B40.5",
            "count": 205,
            "created_time": "2024-12-31T03:39:32.241473Z",
            "yes_price": 1,
            "no_price": 99,
            "taker_side": "yes"
        },
        {
            "trade_id": "c7f0b202-ef7d-4f56-b89c-68ec8b64c25d",
            "ticker": "KXHIGHCHI-24DEC30-B40.5",
            "count": 87,
            "created_time": "2024-12-31T03:39:32.241473Z",
            "yes_price": 1,
            "no_price": 99,
            "taker_side": "yes"
        },
        {
            "trade_id": "b24c49a0-6bf3-449f-b1d5-04c4f5b27b0d",
            "ticker": "KXHIGHCHI-24DEC30-B40.5",
            "count": 1034,
            "created_time": "2024-12-31T03:39:32.241473Z",
            "yes_price": 1,
            "no_price": 99,
            "taker_side": "yes"
        },
        {
            "trade_id": "82a46a61-117a-4f26-8394-bb0ce9a3773e",
            "ticker": "KXHIGHCHI-24DEC30-B40.5",
            "count": 193,
            "created_time": "2024-12-31T03:39:32.241473Z",
            "yes_price": 1,
            "no_price": 99,
            "taker_side": "yes"
        },
        {
            "trade_id": "4da8f229-5d00-4ea7-a785-f5fa3e0d4764",
            "ticker": "KXHIGHCHI-24DEC30-B40.5",
            "count": 2255,
            "created_time": "2024-12-31T03:39:32.241473Z",
            "yes_price": 1,
            "no_price": 99,
            "taker_side": "yes"
        },
        {
            "trade_id": "344b21b8-1f61-4f91-a619-a0e178f617e9",
            "ticker": "KXHIGHCHI-24DEC30-B40.5",
            "count": 498,
            "created_time": "2024-12-31T03:39:32.241473Z",
            "yes_price": 1,
            "no_price": 99,
            "taker_side": "yes"
        },
        {
            "trade_id": "0609927c-78e7-4c27-8f9d-7bce07a0a048",
            "ticker": "KXHIGHCHI-24DEC30-B40.5",
            "count": 400,
            "created_time": "2024-12-31T03:39:32.241473Z",
            "yes_price": 1,
            "no_price": 99,
            "taker_side": "yes"
        },
        {
            "trade_id": "29286384-eccb-43b7-89ef-ef3b9e53224e",
            "ticker": "KXHIGHCHI-24DEC30-B40.5",
            "count": 1,
            "created_time": "2024-12-31T03:27:00.555649Z",
            "yes_price": 1,
            "no_price": 99,
            "taker_side": "yes"
        },
        {
            "trade_id": "a605ed31-ef18-48e6-962f-8191c4b0a494",
            "ticker": "KXHIGHCHI-24DEC30-B40.5",
            "count": 116,
            "created_time": "2024-12-31T02:41:22.426583Z",
            "yes_price": 1,
            "no_price": 99,
            "taker_side": "yes"
        },
        {
            "trade_id": "a06c3a24-d83b-49a0-8dcd-2ab1b673b179",
            "ticker": "KXHIGHCHI-24DEC30-B40.5",
            "count": 50,
            "created_time": "2024-12-31T02:40:13.396413Z",
            "yes_price": 1,
            "no_price": 99,
            "taker_side": "yes"
        },
        {
            "trade_id": "c15cc82d-56b5-4163-b8d7-3c639f12d7df",
            "ticker": "KXHIGHCHI-24DEC30-B40.5",
            "count": 4,
            "created_time": "2024-12-31T02:37:27.454891Z",
            "yes_price": 1,
            "no_price": 99,
            "taker_side": "yes"
        },
        {
            "trade_id": "6ca6c5bb-6200-4396-a03b-a361bdc53013",
            "ticker": "KXHIGHCHI-24DEC30-B40.5",
            "count": 38,
            "created_time": "2024-12-31T02:36:44.199644Z",
            "yes_price": 1,
            "no_price": 99,
            "taker_side": "yes"
        },
        {
            "trade_id": "b6cf66a9-279e-4cef-a649-5d93be1bbc16",
            "ticker": "KXHIGHCHI-24DEC30-B40.5",
            "count": 293,
            "created_time": "2024-12-31T02:27:58.176067Z",
            "yes_price": 1,
            "no_price": 99,
            "taker_side": "yes"
        },
        {
            "trade_id": "08440a45-3335-4614-901f-e3fabf44cdf4",
            "ticker": "KXHIGHCHI-24DEC30-B40.5",
            "count": 641,
            "created_time": "2024-12-31T02:27:58.176067Z",
            "yes_price": 1,
            "no_price": 99,
            "taker_side": "yes"
        },
        {
            "trade_id": "cc391077-fbab-4ff6-a0ad-990b5cdde052",
            "ticker": "KXHIGHCHI-24DEC30-B40.5",
            "count": 76,
            "created_time": "2024-12-31T02:23:53.796463Z",
            "yes_price": 1,
            "no_price": 99,
            "taker_side": "yes"
        },
        {
            "trade_id": "e8a30ae7-47b0-4400-bfdd-dee422b81228",
            "ticker": "KXHIGHCHI-24DEC30-B40.5",
            "count": 52,
            "created_time": "2024-12-31T02:20:09.224291Z",
            "yes_price": 1,
            "no_price": 99,
            "taker_side": "yes"
        },
        {
            "trade_id": "d7bed1c3-8b1d-461f-8eb2-4b9631df1579",
            "ticker": "KXHIGHCHI-24DEC30-B40.5",
            "count": 486,
            "created_time": "2024-12-31T02:17:19.567857Z",
            "yes_price": 1,
            "no_price": 99,
            "taker_side": "yes"
        },
        {
            "trade_id": "ca62fc5d-e9e0-45ab-8ce2-a02787810602",
            "ticker": "KXHIGHCHI-24DEC30-B40.5",
            "count": 231,
            "created_time": "2024-12-31T02:17:19.567857Z",
            "yes_price": 1,
            "no_price": 99,
            "taker_side": "yes"
        },
        {
            "trade_id": "23da4ba6-6ce4-4f82-bf38-1d43c706059a",
            "ticker": "KXHIGHCHI-24DEC30-B40.5",
            "count": 4283,
            "created_time": "2024-12-31T02:17:19.567857Z",
            "yes_price": 1,
            "no_price": 99,
            "taker_side": "yes"
        },
        {
            "trade_id": "104c6e31-18ae-47ea-b990-97dc8e1bcc4d",
            "ticker": "KXHIGHCHI-24DEC30-B40.5",
            "count": 187,
            "created_time": "2024-12-31T02:16:33.679431Z",
            "yes_price": 1,
            "no_price": 99,
            "taker_side": "yes"
        },
        {
            "trade_id": "59364a55-5339-4414-a48c-a9104055fb1e",
            "ticker": "KXHIGHCHI-24DEC30-B40.5",
            "count": 646,
            "created_time": "2024-12-31T02:14:41.852652Z",
            "yes_price": 1,
            "no_price": 99,
            "taker_side": "yes"
        },
        {
            "trade_id": "67607623-73c1-4aea-910e-13cb20a94fc4",
            "ticker": "KXHIGHCHI-24DEC30-B40.5",
            "count": 1300,
            "created_time": "2024-12-31T02:14:12.393185Z",
            "yes_price": 1,
            "no_price": 99,
            "taker_side": "yes"
        },
        {
            "trade_id": "0a958f24-820f-4183-a243-3232238225fb",
            "ticker": "KXHIGHCHI-24DEC30-B40.5",
            "count": 93,
            "created_time": "2024-12-31T02:13:48.404227Z",
            "yes_price": 1,
            "no_price": 99,
            "taker_side": "yes"
        },
        {
            "trade_id": "c02b788a-4a98-4c56-a1dc-794f594c3fe1",
            "ticker": "KXHIGHCHI-24DEC30-B40.5",
            "count": 88,
            "created_time": "2024-12-31T02:12:46.137223Z",
            "yes_price": 1,
            "no_price": 99,
            "taker_side": "yes"
        },
        {
            "trade_id": "3561723d-5182-4951-83d9-e3fdadbecb87",
            "ticker": "KXHIGHCHI-24DEC30-B40.5",
            "count": 34,
            "created_time": "2024-12-31T02:12:46.137223Z",
            "yes_price": 1,
            "no_price": 99,
            "taker_side": "yes"
        },
        {
            "trade_id": "b74aa214-3a9a-4b36-9daa-eb09c710845d",
            "ticker": "KXHIGHCHI-24DEC30-B40.5",
            "count": 12,
            "created_time": "2024-12-31T02:12:45.02477Z",
            "yes_price": 1,
            "no_price": 99,
            "taker_side": "yes"
        },
        {
            "trade_id": "50c05120-a36c-4d48-bfe4-82ac3f7a8207",
            "ticker": "KXHIGHCHI-24DEC30-B40.5",
            "count": 1000,
            "created_time": "2024-12-31T02:12:41.16195Z",
            "yes_price": 1,
            "no_price": 99,
            "taker_side": "yes"
        },
        {
            "trade_id": "60f6a589-a860-41ba-a303-25ca3cc4481a",
            "ticker": "KXHIGHCHI-24DEC30-B40.5",
            "count": 228,
            "created_time": "2024-12-31T02:12:28.785966Z",
            "yes_price": 1,
            "no_price": 99,
            "taker_side": "no"
        },
        {
            "trade_id": "eecb3cb3-36bb-42a2-a57c-a2ebf0996984",
            "ticker": "KXHIGHCHI-24DEC30-B40.5",
            "count": 889,
            "created_time": "2024-12-31T02:12:25.725473Z",
            "yes_price": 1,
            "no_price": 99,
            "taker_side": "no"
        },
        {
            "trade_id": "975235e7-88a9-4235-b931-2a23ebefee85",
            "ticker": "KXHIGHCHI-24DEC30-B40.5",
            "count": 1694,
            "created_time": "2024-12-31T02:11:55.950445Z",
            "yes_price": 1,
            "no_price": 99,
            "taker_side": "yes"
        },
        {
            "trade_id": "ef6e3383-c132-4c56-ad40-b165aa8d5b4a",
            "ticker": "KXHIGHCHI-24DEC30-B40.5",
            "count": 1,
            "created_time": "2024-12-31T02:11:51.038886Z",
            "yes_price": 1,
            "no_price": 99,
            "taker_side": "yes"
        },
        {
            "trade_id": "67e9b509-5045-4e77-bc06-7505be42b563",
            "ticker": "KXHIGHCHI-24DEC30-B40.5",
            "count": 304,
            "created_time": "2024-12-31T02:11:45.71662Z",
            "yes_price": 1,
            "no_price": 99,
            "taker_side": "no"
        },
        {
            "trade_id": "17e67274-1618-4e27-8a79-43a9aabb54d1",
            "ticker": "KXHIGHCHI-24DEC30-B40.5",
            "count": 1,
            "created_time": "2024-12-31T02:11:45.71662Z",
            "yes_price": 1,
            "no_price": 99,
            "taker_side": "no"
        },
        {
            "trade_id": "e8645c11-e193-4c5d-9a72-9142c1a08e65",
            "ticker": "KXHIGHCHI-24DEC30-B40.5",
            "count": 999,
            "created_time": "2024-12-31T02:11:40.506304Z",
            "yes_price": 1,
            "no_price": 99,
            "taker_side": "no"
        },
        {
            "trade_id": "d6a6184b-b743-46fd-a691-f01f01ccfa76",
            "ticker": "KXHIGHCHI-24DEC30-B40.5",
            "count": 1991,
            "created_time": "2024-12-31T02:11:38.557331Z",
            "yes_price": 3,
            "no_price": 97,
            "taker_side": "yes"
        },
        {
            "trade_id": "6b517e2e-10b3-47b0-bc91-c480b92184b7",
            "ticker": "KXHIGHCHI-24DEC30-B40.5",
            "count": 109,
            "created_time": "2024-12-31T02:11:38.557331Z",
            "yes_price": 3,
            "no_price": 97,
            "taker_side": "yes"
        },
        {
            "trade_id": "b1393d36-82ff-489a-a674-cba456a32c66",
            "ticker": "KXHIGHCHI-24DEC30-B40.5",
            "count": 15,
            "created_time": "2024-12-31T02:11:35.082096Z",
            "yes_price": 3,
            "no_price": 97,
            "taker_side": "yes"
        },
        {
            "trade_id": "e2ff8e3a-3a50-4c98-b031-2c812518466e",
            "ticker": "KXHIGHCHI-24DEC30-B40.5",
            "count": 407,
            "created_time": "2024-12-31T02:11:28.094741Z",
            "yes_price": 2,
            "no_price": 98,
            "taker_side": "yes"
        },
        {
            "trade_id": "e41c3505-5907-41fb-aff6-7f0ca6cd11b7",
            "ticker": "KXHIGHCHI-24DEC30-B40.5",
            "count": 93,
            "created_time": "2024-12-31T02:11:23.803477Z",
            "yes_price": 2,
            "no_price": 98,
            "taker_side": "yes"
        },
        {
            "trade_id": "d5ebbd28-8e7b-4667-b098-e88f61e8347b",
            "ticker": "KXHIGHCHI-24DEC30-B40.5",
            "count": 1500,
            "created_time": "2024-12-31T02:11:20.239945Z",
            "yes_price": 2,
            "no_price": 98,
            "taker_side": "yes"
        },
        {
            "trade_id": "03592602-8d44-4c80-92a9-4bfedb099c49",
            "ticker": "KXHIGHCHI-24DEC30-B40.5",
            "count": 1000,
            "created_time": "2024-12-31T02:11:12.01543Z",
            "yes_price": 2,
            "no_price": 98,
            "taker_side": "yes"
        },
        {
            "trade_id": "7007cdf3-02aa-46bb-b7bb-014e22d926ab",
            "ticker": "KXHIGHCHI-24DEC30-B40.5",
            "count": 430,
            "created_time": "2024-12-31T02:10:44.577365Z",
            "yes_price": 2,
            "no_price": 98,
            "taker_side": "yes"
        },
        {
            "trade_id": "281561cc-7a39-45bc-ae50-cc576e4bc30c",
            "ticker": "KXHIGHCHI-24DEC30-B40.5",
            "count": 70,
            "created_time": "2024-12-31T02:10:44.577365Z",
            "yes_price": 2,
            "no_price": 98,
            "taker_side": "yes"
        },
        {
            "trade_id": "7719549c-b37f-4c04-b652-0b91afda1f53",
            "ticker": "KXHIGHCHI-24DEC30-B40.5",
            "count": 46,
            "created_time": "2024-12-31T02:10:39.033478Z",
            "yes_price": 2,
            "no_price": 98,
            "taker_side": "yes"
        },
        {
            "trade_id": "574e7c88-a231-420f-b347-0e1d1edac3f6",
            "ticker": "KXHIGHCHI-24DEC30-B40.5",
            "count": 500,
            "created_time": "2024-12-31T02:10:35.728662Z",
            "yes_price": 1,
            "no_price": 99,
            "taker_side": "no"
        },
        {
            "trade_id": "4fa868ad-69ce-492d-aabf-9d7c04595b04",
            "ticker": "KXHIGHCHI-24DEC30-B40.5",
            "count": 500,
            "created_time": "2024-12-31T02:10:35.257773Z",
            "yes_price": 1,
            "no_price": 99,
            "taker_side": "no"
        },
        {
            "trade_id": "b50a84b5-7ce3-437e-9f0f-dddad5c8fb25",
            "ticker": "KXHIGHCHI-24DEC30-B40.5",
            "count": 506,
            "created_time": "2024-12-31T02:10:28.139779Z",
            "yes_price": 1,
            "no_price": 99,
            "taker_side": "yes"
        },
        {
            "trade_id": "8e19b759-aa84-4f49-af77-c3973ef044c2",
            "ticker": "KXHIGHCHI-24DEC30-B40.5",
            "count": 531,
            "created_time": "2024-12-31T02:10:28.139779Z",
            "yes_price": 1,
            "no_price": 99,
            "taker_side": "yes"
        },
        {
            "trade_id": "6ca0977f-cfeb-4407-8f6a-b145a64d1d43",
            "ticker": "KXHIGHCHI-24DEC30-B40.5",
            "count": 719,
            "created_time": "2024-12-31T02:10:28.139779Z",
            "yes_price": 1,
            "no_price": 99,
            "taker_side": "yes"
        },
        {
            "trade_id": "1ce82d34-7611-4694-9bf0-84395d2c1a54",
            "ticker": "KXHIGHCHI-24DEC30-B40.5",
            "count": 1315,
            "created_time": "2024-12-31T02:10:28.139779Z",
            "yes_price": 1,
            "no_price": 99,
            "taker_side": "yes"
        },
        {
            "trade_id": "0d7f90f7-ab24-4eb1-b2e4-5e06a85c45c1",
            "ticker": "KXHIGHCHI-24DEC30-B40.5",
            "count": 2323,
            "created_time": "2024-12-31T02:10:28.139779Z",
            "yes_price": 1,
            "no_price": 99,
            "taker_side": "yes"
        },
        {
            "trade_id": "db6ee316-3eb7-46b4-b38c-d2441db72971",
            "ticker": "KXHIGHCHI-24DEC30-B40.5",
            "count": 374,
            "created_time": "2024-12-31T02:08:23.811343Z",
            "yes_price": 1,
            "no_price": 99,
            "taker_side": "yes"
        },
        {
            "trade_id": "da6daf2c-f6ce-4709-b873-9eb4335fe443",
            "ticker": "KXHIGHCHI-24DEC30-B40.5",
            "count": 1000,
            "created_time": "2024-12-31T02:08:18.233478Z",
            "yes_price": 1,
            "no_price": 99,
            "taker_side": "yes"
        },
        {
            "trade_id": "7677ccfb-5f30-4547-b142-be2fe5437c53",
            "ticker": "KXHIGHCHI-24DEC30-B40.5",
            "count": 93,
            "created_time": "2024-12-31T02:07:55.244732Z",
            "yes_price": 1,
            "no_price": 99,
            "taker_side": "yes"
        },
        {
            "trade_id": "eeeec079-a5ad-4c0c-af63-6ffaf2859156",
            "ticker": "KXHIGHCHI-24DEC30-B40.5",
            "count": 50,
            "created_time": "2024-12-31T02:07:32.231435Z",
            "yes_price": 1,
            "no_price": 99,
            "taker_side": "yes"
        },
        {
            "trade_id": "89c76671-5150-4756-a366-88773f98adb5",
            "ticker": "KXHIGHCHI-24DEC30-B40.5",
            "count": 25,
            "created_time": "2024-12-31T02:07:31.282282Z",
            "yes_price": 1,
            "no_price": 99,
            "taker_side": "yes"
        },
        {
            "trade_id": "dc7c33b0-0f70-4f5d-8c62-bef4e77369e1",
            "ticker": "KXHIGHCHI-24DEC30-B40.5",
            "count": 1256,
            "created_time": "2024-12-31T02:07:09.098326Z",
            "yes_price": 1,
            "no_price": 99,
            "taker_side": "no"
        },
        {
            "trade_id": "58d53955-e034-486d-a701-f2a8f24355aa",
            "ticker": "KXHIGHCHI-24DEC30-B40.5",
            "count": 2001,
            "created_time": "2024-12-31T02:07:09.098326Z",
            "yes_price": 1,
            "no_price": 99,
            "taker_side": "no"
        },
        {
            "trade_id": "2fb966e8-5980-42fe-8405-fdabcf4c6732",
            "ticker": "KXHIGHCHI-24DEC30-B40.5",
            "count": 1376,
            "created_time": "2024-12-31T02:07:09.098326Z",
            "yes_price": 1,
            "no_price": 99,
            "taker_side": "no"
        },
        {
            "trade_id": "242e8a02-a7a1-4890-a6f9-9c41b40c0ec8",
            "ticker": "KXHIGHCHI-24DEC30-B40.5",
            "count": 250,
            "created_time": "2024-12-31T02:07:09.098326Z",
            "yes_price": 1,
            "no_price": 99,
            "taker_side": "no"
        },
        {
            "trade_id": "7f3f49cb-a3f3-4b6e-9bb3-7233f9cb2c24",
            "ticker": "KXHIGHCHI-24DEC30-B40.5",
            "count": 3464,
            "created_time": "2024-12-31T02:07:09.040465Z",
            "yes_price": 1,
            "no_price": 99,
            "taker_side": "no"
        },
        {
            "trade_id": "b0360a55-b3fa-4852-aa18-dbc170a04da8",
            "ticker": "KXHIGHCHI-24DEC30-B40.5",
            "count": 50,
            "created_time": "2024-12-31T02:07:06.704471Z",
            "yes_price": 2,
            "no_price": 98,
            "taker_side": "no"
        },
        {
            "trade_id": "0f037b34-2db1-4a3b-871e-29b6e03946a3",
            "ticker": "KXHIGHCHI-24DEC30-B40.5",
            "count": 526,
            "created_time": "2024-12-31T02:07:01.51Z",
            "yes_price": 4,
            "no_price": 96,
            "taker_side": "yes"
        },
        {
            "trade_id": "6284ff56-eb30-475b-a7bd-092839ebb271",
            "ticker": "KXHIGHCHI-24DEC30-B40.5",
            "count": 18,
            "created_time": "2024-12-31T02:06:48.022415Z",
            "yes_price": 5,
            "no_price": 95,
            "taker_side": "yes"
        },
        {
            "trade_id": "af015084-da5f-4e14-a755-59a3c489c79a",
            "ticker": "KXHIGHCHI-24DEC30-B40.5",
            "count": 135,
            "created_time": "2024-12-31T02:06:32.043773Z",
            "yes_price": 2,
            "no_price": 98,
            "taker_side": "no"
        },
        {
            "trade_id": "60e0a100-858b-49d3-81e2-5b0b81d5f0a3",
            "ticker": "KXHIGHCHI-24DEC30-B40.5",
            "count": 374,
            "created_time": "2024-12-31T02:06:30.197129Z",
            "yes_price": 7,
            "no_price": 93,
            "taker_side": "yes"
        },
        {
            "trade_id": "48f2ae45-b77a-452a-944e-2e9f38a57b6c",
            "ticker": "KXHIGHCHI-24DEC30-B40.5",
            "count": 690,
            "created_time": "2024-12-31T02:06:30.197129Z",
            "yes_price": 3,
            "no_price": 97,
            "taker_side": "yes"
        },
        {
            "trade_id": "f31987d9-e4ea-46d4-8dd5-d7bd79c0eefa",
            "ticker": "KXHIGHCHI-24DEC30-B40.5",
            "count": 1295,
            "created_time": "2024-12-31T02:06:27.536926Z",
            "yes_price": 3,
            "no_price": 97,
            "taker_side": "yes"
        },
        {
            "trade_id": "d68a668e-aafb-4cad-8345-1bbb79ab95d1",
            "ticker": "KXHIGHCHI-24DEC30-B40.5",
            "count": 15,
            "created_time": "2024-12-31T02:06:25.852879Z",
            "yes_price": 3,
            "no_price": 97,
            "taker_side": "yes"
        },
        {
            "trade_id": "e36db163-bead-4ee3-b34e-0d8c0f15fe65",
            "ticker": "KXHIGHCHI-24DEC30-B40.5",
            "count": 45,
            "created_time": "2024-12-31T02:06:23.336588Z",
            "yes_price": 2,
            "no_price": 98,
            "taker_side": "no"
        },
        {
            "trade_id": "44920562-46a2-4b20-ab23-e83f558a2366",
            "ticker": "KXHIGHCHI-24DEC30-B40.5",
            "count": 533,
            "created_time": "2024-12-31T02:06:23.336588Z",
            "yes_price": 2,
            "no_price": 98,
            "taker_side": "no"
        },
        {
            "trade_id": "5f8044f3-283a-4965-915a-63857f8ab085",
            "ticker": "KXHIGHCHI-24DEC30-B40.5",
            "count": 50,
            "created_time": "2024-12-31T02:06:22.806173Z",
            "yes_price": 2,
            "no_price": 98,
            "taker_side": "no"
        },
        {
            "trade_id": "31772ec6-05fe-470c-84bd-ab33d08db271",
            "ticker": "KXHIGHCHI-24DEC30-B40.5",
            "count": 50,
            "created_time": "2024-12-31T02:06:22.800091Z",
            "yes_price": 2,
            "no_price": 98,
            "taker_side": "no"
        },
        {
            "trade_id": "e0652256-b139-4fff-9d84-cc035ccd7839",
            "ticker": "KXHIGHCHI-24DEC30-B40.5",
            "count": 3000,
            "created_time": "2024-12-31T02:06:12.37201Z",
            "yes_price": 2,
            "no_price": 98,
            "taker_side": "yes"
        },
        {
            "trade_id": "81008eb5-f691-420a-b27b-f922c2df6d45",
            "ticker": "KXHIGHCHI-24DEC30-B40.5",
            "count": 142,
            "created_time": "2024-12-31T02:05:38.965172Z",
            "yes_price": 1,
            "no_price": 99,
            "taker_side": "no"
        },
        {
            "trade_id": "d5c18fb1-1299-4a7f-bffc-7b5bdb8e1abe",
            "ticker": "KXHIGHCHI-24DEC30-B40.5",
            "count": 119,
            "created_time": "2024-12-31T02:05:36.193089Z",
            "yes_price": 3,
            "no_price": 97,
            "taker_side": "yes"
        },
        {
            "trade_id": "b6cbc6e2-f3f1-462a-9f10-baf4dc0e4fbf",
            "ticker": "KXHIGHCHI-24DEC30-B40.5",
            "count": 619,
            "created_time": "2024-12-31T02:05:36.193089Z",
            "yes_price": 3,
            "no_price": 97,
            "taker_side": "yes"
        },
        {
            "trade_id": "62ed07a1-9e03-44e4-be1c-0154f860894d",
            "ticker": "KXHIGHCHI-24DEC30-B40.5",
            "count": 4,
            "created_time": "2024-12-31T02:05:30.8315Z",
            "yes_price": 3,
            "no_price": 97,
            "taker_side": "yes"
        },
        {
            "trade_id": "349ef84f-ba32-4400-9633-fa3ae0c85d07",
            "ticker": "KXHIGHCHI-24DEC30-B40.5",
            "count": 5,
            "created_time": "2024-12-31T02:05:29.156813Z",
            "yes_price": 3,
            "no_price": 97,
            "taker_side": "yes"
        },
        {
            "trade_id": "d13a107b-fdcf-405a-ac1b-985014e386f3",
            "ticker": "KXHIGHCHI-24DEC30-B40.5",
            "count": 205,
            "created_time": "2024-12-31T02:05:25.405367Z",
            "yes_price": 3,
            "no_price": 97,
            "taker_side": "yes"
        },
        {
            "trade_id": "33acfd15-61d9-4189-ac4d-3214dce4409a",
            "ticker": "KXHIGHCHI-24DEC30-B40.5",
            "count": 18,
            "created_time": "2024-12-31T02:05:19.277254Z",
            "yes_price": 1,
            "no_price": 99,
            "taker_side": "no"
        },
        {
            "trade_id": "1064fbf7-6376-4221-b553-d2e150615108",
            "ticker": "KXHIGHCHI-24DEC30-B40.5",
            "count": 400,
            "created_time": "2024-12-31T02:05:07.633837Z",
            "yes_price": 3,
            "no_price": 97,
            "taker_side": "yes"
        },
        {
            "trade_id": "5178de34-632a-4bec-becc-fe10c016a65e",
            "ticker": "KXHIGHCHI-24DEC30-B40.5",
            "count": 1200,
            "created_time": "2024-12-31T02:05:05.849149Z",
            "yes_price": 2,
            "no_price": 98,
            "taker_side": "no"
        },
        {
            "trade_id": "e57ff5d0-007c-4764-a754-f9396c2d6af0",
            "ticker": "KXHIGHCHI-24DEC30-B40.5",
            "count": 100,
            "created_time": "2024-12-31T02:04:59.925642Z",
            "yes_price": 3,
            "no_price": 97,
            "taker_side": "yes"
        },
        {
            "trade_id": "874b3f2e-2e86-4701-9eb1-791bd30de4e5",
            "ticker": "KXHIGHCHI-24DEC30-B40.5",
            "count": 11,
            "created_time": "2024-12-31T02:04:59.03886Z",
            "yes_price": 3,
            "no_price": 97,
            "taker_side": "no"
        },
        {
            "trade_id": "6dcf8c26-8bd4-469d-9c30-552389090a36",
            "ticker": "KXHIGHCHI-24DEC30-B40.5",
            "count": 45,
            "created_time": "2024-12-31T02:04:58.485218Z",
            "yes_price": 3,
            "no_price": 97,
            "taker_side": "no"
        },
        {
            "trade_id": "35bb6d64-c784-447a-b6f4-a59f27ef31c5",
            "ticker": "KXHIGHCHI-24DEC30-B40.5",
            "count": 799,
            "created_time": "2024-12-31T02:04:58.485218Z",
            "yes_price": 3,
            "no_price": 97,
            "taker_side": "no"
        },
        {
            "trade_id": "3c42b2ad-5db3-46df-9827-6248f0517cc5",
            "ticker": "KXHIGHCHI-24DEC30-B40.5",
            "count": 11,
            "created_time": "2024-12-31T02:04:55.026671Z",
            "yes_price": 8,
            "no_price": 92,
            "taker_side": "yes"
        },
        {
            "trade_id": "a1568e12-c313-4b3d-924a-19dad757ebdb",
            "ticker": "KXHIGHCHI-24DEC30-B40.5",
            "count": 117,
            "created_time": "2024-12-31T02:04:45.296313Z",
            "yes_price": 5,
            "no_price": 95,
            "taker_side": "yes"
        },
        {
            "trade_id": "49af5e49-08b1-4c98-8cb8-0d18d1689c6a",
            "ticker": "KXHIGHCHI-24DEC30-B40.5",
            "count": 291,
            "created_time": "2024-12-31T02:04:45.296313Z",
            "yes_price": 4,
            "no_price": 96,
            "taker_side": "yes"
        },
        {
            "trade_id": "cac35718-d3e3-4f4e-94b1-4e303307871e",
            "ticker": "KXHIGHCHI-24DEC30-B40.5",
            "count": 13,
            "created_time": "2024-12-31T02:04:36.449375Z",
            "yes_price": 3,
            "no_price": 97,
            "taker_side": "no"
        },
        {
            "trade_id": "4f2372bd-e714-4c0f-8aa0-1efbdc75feaf",
            "ticker": "KXHIGHCHI-24DEC30-B40.5",
            "count": 23,
            "created_time": "2024-12-31T02:04:33.312612Z",
            "yes_price": 4,
            "no_price": 96,
            "taker_side": "yes"
        },
        {
            "trade_id": "e136e65e-9f6d-48a5-b869-2ce36548bae3",
            "ticker": "KXHIGHCHI-24DEC30-B40.5",
            "count": 395,
            "created_time": "2024-12-31T02:04:29.97076Z",
            "yes_price": 3,
            "no_price": 97,
            "taker_side": "yes"
        },
        {
            "trade_id": "65aad14e-cc31-494b-bc95-5aeded03a684",
            "ticker": "KXHIGHCHI-24DEC30-B40.5",
            "count": 117,
            "created_time": "2024-12-31T02:04:29.97076Z",
            "yes_price": 3,
            "no_price": 97,
            "taker_side": "yes"
        },
        {
            "trade_id": "59ce617e-6eae-4f55-9a2c-98bff0a98e2c",
            "ticker": "KXHIGHCHI-24DEC30-B40.5",
            "count": 2532,
            "created_time": "2024-12-31T02:04:29.97076Z",
            "yes_price": 5,
            "no_price": 95,
            "taker_side": "yes"
        },
        {
            "trade_id": "646a3386-7018-4f98-b623-3cc3e1179cc8",
            "ticker": "KXHIGHCHI-24DEC30-B40.5",
            "count": 350,
            "created_time": "2024-12-31T02:04:21.906606Z",
            "yes_price": 3,
            "no_price": 97,
            "taker_side": "no"
        },
        {
            "trade_id": "f0293e9a-b4b6-41d1-ba03-e31b0ccfc2d4",
            "ticker": "KXHIGHCHI-24DEC30-B40.5",
            "count": 231,
            "created_time": "2024-12-31T02:04:18.843772Z",
            "yes_price": 3,
            "no_price": 97,
            "taker_side": "no"
        },
        {
            "trade_id": "4744bd83-5d07-402b-9bf2-d6e2dd78f692",
            "ticker": "KXHIGHCHI-24DEC30-B40.5",
            "count": 351,
            "created_time": "2024-12-31T02:04:16.422802Z",
            "yes_price": 5,
            "no_price": 95,
            "taker_side": "yes"
        },
        {
            "trade_id": "beb28bd4-c67f-454c-90ea-f4d2eae229c1",
            "ticker": "KXHIGHCHI-24DEC30-B40.5",
            "count": 53,
            "created_time": "2024-12-31T02:04:12.619201Z",
            "yes_price": 7,
            "no_price": 93,
            "taker_side": "yes"
        },
        {
            "trade_id": "919b7dd7-bb64-4461-bf2e-b3d6951962a4",
            "ticker": "KXHIGHCHI-24DEC30-B40.5",
            "count": 100,
            "created_time": "2024-12-31T02:04:12.554047Z",
            "yes_price": 4,
            "no_price": 96,
            "taker_side": "no"
        },
        {
            "trade_id": "383d19ff-293e-4805-bc89-7d74f4826a2a",
            "ticker": "KXHIGHCHI-24DEC30-B40.5",
            "count": 53,
            "created_time": "2024-12-31T02:04:08.257517Z",
            "yes_price": 8,
            "no_price": 92,
            "taker_side": "yes"
        },
        {
            "trade_id": "311d76a2-cb91-4f3b-9eb1-0c3dfbc770a2",
            "ticker": "KXHIGHCHI-24DEC30-B40.5",
            "count": 468,
            "created_time": "2024-12-31T02:04:08.257517Z",
            "yes_price": 7,
            "no_price": 93,
            "taker_side": "yes"
        },
        {
            "trade_id": "d1c4a093-8a95-4338-a7fe-4c2d3384c2da",
            "ticker": "KXHIGHCHI-24DEC30-B40.5",
            "count": 1000,
            "created_time": "2024-12-31T02:04:05.22095Z",
            "yes_price": 3,
            "no_price": 97,
            "taker_side": "no"
        },
        {
            "trade_id": "94996a54-cd74-4287-bad5-00393df5243c",
            "ticker": "KXHIGHCHI-24DEC30-B40.5",
            "count": 690,
            "created_time": "2024-12-31T02:03:51.95439Z",
            "yes_price": 3,
            "no_price": 97,
            "taker_side": "no"
        },
        {
            "trade_id": "4628c108-1625-44e8-975d-aa615bdfcb65",
            "ticker": "KXHIGHCHI-24DEC30-B40.5",
            "count": 100,
            "created_time": "2024-12-31T02:03:47.035388Z",
            "yes_price": 10,
            "no_price": 90,
            "taker_side": "no"
        },
        {
            "trade_id": "f827355b-2ce9-4f78-9ede-918528095873",
            "ticker": "KXHIGHCHI-24DEC30-B40.5",
            "count": 48,
            "created_time": "2024-12-31T02:03:41.334212Z",
            "yes_price": 10,
            "no_price": 90,
            "taker_side": "no"
        },
        {
            "trade_id": "c2650966-6625-4160-ab9a-8ef70db1dc5b",
            "ticker": "KXHIGHCHI-24DEC30-B40.5",
            "count": 80,
            "created_time": "2024-12-31T02:03:41.334212Z",
            "yes_price": 10,
            "no_price": 90,
            "taker_side": "no"
        },
        {
            "trade_id": "1619e351-6d90-4de8-999e-1decd721f8ff",
            "ticker": "KXHIGHCHI-24DEC30-B40.5",
            "count": 151,
            "created_time": "2024-12-31T02:03:39.786669Z",
            "yes_price": 6,
            "no_price": 94,
            "taker_side": "yes"
        },
        {
            "trade_id": "9c188c05-2a74-4586-a281-88847fe72eff",
            "ticker": "KXHIGHCHI-24DEC30-B40.5",
            "count": 1000,
            "created_time": "2024-12-31T02:03:37.675884Z",
            "yes_price": 2,
            "no_price": 98,
            "taker_side": "no"
        },
        {
            "trade_id": "cfbd7211-7b3a-4004-859f-e893a98ce8bd",
            "ticker": "KXHIGHCHI-24DEC30-B40.5",
            "count": 200,
            "created_time": "2024-12-31T02:03:37.084228Z",
            "yes_price": 9,
            "no_price": 91,
            "taker_side": "no"
        },
        {
            "trade_id": "220af3fa-ee16-44d0-97f3-af8182baf701",
            "ticker": "KXHIGHCHI-24DEC30-B40.5",
            "count": 500,
            "created_time": "2024-12-31T02:03:37.084228Z",
            "yes_price": 6,
            "no_price": 94,
            "taker_side": "no"
        },
        {
            "trade_id": "18ca27a5-a946-46e7-a3e0-24ad855ee373",
            "ticker": "KXHIGHCHI-24DEC30-B40.5",
            "count": 351,
            "created_time": "2024-12-31T02:03:27.926336Z",
            "yes_price": 7,
            "no_price": 93,
            "taker_side": "no"
        },
        {
            "trade_id": "d32924eb-42a8-4fe3-8f4f-8a9620d2a895",
            "ticker": "KXHIGHCHI-24DEC30-B40.5",
            "count": 213,
            "created_time": "2024-12-31T02:03:23.898484Z",
            "yes_price": 8,
            "no_price": 92,
            "taker_side": "no"
        },
        {
            "trade_id": "c56ad773-dead-42ed-a60e-8898ebf5f75c",
            "ticker": "KXHIGHCHI-24DEC30-B40.5",
            "count": 199,
            "created_time": "2024-12-31T02:03:21.712679Z",
            "yes_price": 6,
            "no_price": 94,
            "taker_side": "no"
        },
        {
            "trade_id": "14fe3701-06c1-43ce-8c5e-657a20cf1448",
            "ticker": "KXHIGHCHI-24DEC30-B40.5",
            "count": 11,
            "created_time": "2024-12-31T02:03:15.775911Z",
            "yes_price": 25,
            "no_price": 75,
            "taker_side": "yes"
        },
        {
            "trade_id": "8e226a91-f880-4815-b63f-431a97c7027d",
            "ticker": "KXHIGHCHI-24DEC30-B40.5",
            "count": 12,
            "created_time": "2024-12-31T02:02:53.821125Z",
            "yes_price": 14,
            "no_price": 86,
            "taker_side": "yes"
        },
        {
            "trade_id": "c0ef9a54-ff2f-4d11-b080-db39ab29b96e",
            "ticker": "KXHIGHCHI-24DEC30-B40.5",
            "count": 350,
            "created_time": "2024-12-31T02:02:50.332309Z",
            "yes_price": 5,
            "no_price": 95,
            "taker_side": "no"
        },
        {
            "trade_id": "85ebf131-a734-4986-ba23-847f51369301",
            "ticker": "KXHIGHCHI-24DEC30-B40.5",
            "count": 531,
            "created_time": "2024-12-31T02:02:50.332309Z",
            "yes_price": 5,
            "no_price": 95,
            "taker_side": "no"
        },
        {
            "trade_id": "30409a39-1464-4f72-8c0b-2793bbf60b34",
            "ticker": "KXHIGHCHI-24DEC30-B40.5",
            "count": 5000,
            "created_time": "2024-12-31T02:02:50.332309Z",
            "yes_price": 3,
            "no_price": 97,
            "taker_side": "no"
        },
        {
            "trade_id": "7cc29114-967a-415c-971b-58d32e7dd6f6",
            "ticker": "KXHIGHCHI-24DEC30-B40.5",
            "count": 32,
            "created_time": "2024-12-31T02:02:46.375933Z",
            "yes_price": 21,
            "no_price": 79,
            "taker_side": "yes"
        },
        {
            "trade_id": "fb270abb-4f66-4dbf-a4e3-e0c3a60cfee4",
            "ticker": "KXHIGHCHI-24DEC30-B40.5",
            "count": 41,
            "created_time": "2024-12-31T02:02:43.175434Z",
            "yes_price": 4,
            "no_price": 96,
            "taker_side": "no"
        },
        {
            "trade_id": "9a96b645-7420-43f5-8b4f-9c6191610ddf",
            "ticker": "KXHIGHCHI-24DEC30-B40.5",
            "count": 250,
            "created_time": "2024-12-31T02:02:35.035212Z",
            "yes_price": 6,
            "no_price": 94,
            "taker_side": "no"
        },
        {
            "trade_id": "03a7b9b5-8f0a-4ba1-a482-4500d4ecad0c",
            "ticker": "KXHIGHCHI-24DEC30-B40.5",
            "count": 250,
            "created_time": "2024-12-31T02:02:30.423144Z",
            "yes_price": 7,
            "no_price": 93,
            "taker_side": "no"
        },
        {
            "trade_id": "f712d4be-8435-425f-b84c-0a8cab1d17a1",
            "ticker": "KXHIGHCHI-24DEC30-B40.5",
            "count": 114,
            "created_time": "2024-12-31T02:02:19.411976Z",
            "yes_price": 33,
            "no_price": 67,
            "taker_side": "no"
        },
        {
            "trade_id": "a649d4f9-767d-496f-b062-aac38c93278c",
            "ticker": "KXHIGHCHI-24DEC30-B40.5",
            "count": 15,
            "created_time": "2024-12-31T02:02:19.411976Z",
            "yes_price": 32,
            "no_price": 68,
            "taker_side": "no"
        },
        {
            "trade_id": "9b22bee8-1dc0-4c23-8dce-011e4a7b203a",
            "ticker": "KXHIGHCHI-24DEC30-B40.5",
            "count": 747,
            "created_time": "2024-12-31T02:02:19.411976Z",
            "yes_price": 27,
            "no_price": 73,
            "taker_side": "no"
        },
        {
            "trade_id": "7c10e700-de12-4e67-9181-df15bbe77735",
            "ticker": "KXHIGHCHI-24DEC30-B40.5",
            "count": 350,
            "created_time": "2024-12-31T02:02:19.411976Z",
            "yes_price": 33,
            "no_price": 67,
            "taker_side": "no"
        },
        {
            "trade_id": "766cc253-9060-42cc-be3a-e7e2744fa9b1",
            "ticker": "KXHIGHCHI-24DEC30-B40.5",
            "count": 16,
            "created_time": "2024-12-31T02:02:19.411976Z",
            "yes_price": 27,
            "no_price": 73,
            "taker_side": "no"
        },
        {
            "trade_id": "128b91b5-22eb-416e-a185-6cf6942df451",
            "ticker": "KXHIGHCHI-24DEC30-B40.5",
            "count": 773,
            "created_time": "2024-12-31T02:02:19.411976Z",
            "yes_price": 28,
            "no_price": 72,
            "taker_side": "no"
        },
        {
            "trade_id": "3cfe28e9-0b8c-49ca-878b-92e18986b912",
            "ticker": "KXHIGHCHI-24DEC30-B40.5",
            "count": 56,
            "created_time": "2024-12-31T02:02:18.689047Z",
            "yes_price": 33,
            "no_price": 67,
            "taker_side": "no"
        },
        {
            "trade_id": "7129f3ae-912b-4a05-9a78-06f7c65d9251",
            "ticker": "KXHIGHCHI-24DEC30-B40.5",
            "count": 355,
            "created_time": "2024-12-31T02:02:15.141886Z",
            "yes_price": 34,
            "no_price": 66,
            "taker_side": "no"
        },
        {
            "trade_id": "11e3986e-9fb2-4a9a-8a74-6ceb67e3fceb",
            "ticker": "KXHIGHCHI-24DEC30-B40.5",
            "count": 4,
            "created_time": "2024-12-31T02:01:47.522887Z",
            "yes_price": 33,
            "no_price": 67,
            "taker_side": "no"
        },
        {
            "trade_id": "6e2f4b7d-ecac-448b-920b-2f2d1c8cc1f2",
            "ticker": "KXHIGHCHI-24DEC30-B40.5",
            "count": 11,
            "created_time": "2024-12-31T02:01:35.139549Z",
            "yes_price": 31,
            "no_price": 69,
            "taker_side": "no"
        },
        {
            "trade_id": "b02f8c8d-d3a1-4c88-b943-224736d04c47",
            "ticker": "KXHIGHCHI-24DEC30-B40.5",
            "count": 9,
            "created_time": "2024-12-31T02:01:29.297243Z",
            "yes_price": 54,
            "no_price": 46,
            "taker_side": "yes"
        },
        {
            "trade_id": "9f53d18f-cfd9-4be8-9002-b5694b9073dd",
            "ticker": "KXHIGHCHI-24DEC30-B40.5",
            "count": 4,
            "created_time": "2024-12-31T02:01:00.560481Z",
            "yes_price": 33,
            "no_price": 67,
            "taker_side": "no"
        },
        {
            "trade_id": "d8923acf-e792-4fe6-916f-60ac83e31321",
            "ticker": "KXHIGHCHI-24DEC30-B40.5",
            "count": 100,
            "created_time": "2024-12-31T01:59:58.170879Z",
            "yes_price": 50,
            "no_price": 50,
            "taker_side": "no"
        },
        {
            "trade_id": "92152b00-9a51-47ed-a5ae-f732fc9f2765",
            "ticker": "KXHIGHCHI-24DEC30-B40.5",
            "count": 13,
            "created_time": "2024-12-31T01:58:26.820991Z",
            "yes_price": 59,
            "no_price": 41,
            "taker_side": "yes"
        },
        {
            "trade_id": "4a5bbb73-3058-41a0-838b-8c1bc9b6a30f",
            "ticker": "KXHIGHCHI-24DEC30-B40.5",
            "count": 3,
            "created_time": "2024-12-31T01:58:17.526273Z",
            "yes_price": 58,
            "no_price": 42,
            "taker_side": "no"
        },
        {
            "trade_id": "0dd253da-ea22-4c4f-8ddb-00673c387052",
            "ticker": "KXHIGHCHI-24DEC30-B40.5",
            "count": 15,
            "created_time": "2024-12-31T01:58:04.203047Z",
            "yes_price": 58,
            "no_price": 42,
            "taker_side": "no"
        },
        {
            "trade_id": "12e86d5f-f000-4481-9b41-9cb97b361ddb",
            "ticker": "KXHIGHCHI-24DEC30-B40.5",
            "count": 24,
            "created_time": "2024-12-31T01:57:46.350573Z",
            "yes_price": 58,
            "no_price": 42,
            "taker_side": "no"
        },
        {
            "trade_id": "cacd5050-9047-4d1d-90e7-540fc978ff99",
            "ticker": "KXHIGHCHI-24DEC30-B40.5",
            "count": 13,
            "created_time": "2024-12-31T01:57:46.344662Z",
            "yes_price": 59,
            "no_price": 41,
            "taker_side": "no"
        },
        {
            "trade_id": "d3a3ed89-fd8f-4b05-8b41-b46ba13764be",
            "ticker": "KXHIGHCHI-24DEC30-B40.5",
            "count": 2,
            "created_time": "2024-12-31T01:57:33.505738Z",
            "yes_price": 60,
            "no_price": 40,
            "taker_side": "no"
        },
        {
            "trade_id": "8502ed10-850a-480e-9ae1-90190fb0e3a9",
            "ticker": "KXHIGHCHI-24DEC30-B40.5",
            "count": 2,
            "created_time": "2024-12-31T01:57:33.505738Z",
            "yes_price": 59,
            "no_price": 41,
            "taker_side": "no"
        },
        {
            "trade_id": "3dd3c736-420d-4a85-8386-73cc68217f46",
            "ticker": "KXHIGHCHI-24DEC30-B40.5",
            "count": 4,
            "created_time": "2024-12-31T01:57:33.493968Z",
            "yes_price": 61,
            "no_price": 39,
            "taker_side": "no"
        },
        {
            "trade_id": "1e363721-3d8c-45b7-aa85-139b23a3a2eb",
            "ticker": "KXHIGHCHI-24DEC30-B40.5",
            "count": 1,
            "created_time": "2024-12-31T01:54:28.304025Z",
            "yes_price": 74,
            "no_price": 26,
            "taker_side": "yes"
        },
        {
            "trade_id": "c032a463-a6cf-4a84-a62c-df8d54195965",
            "ticker": "KXHIGHCHI-24DEC30-B40.5",
            "count": 10,
            "created_time": "2024-12-31T01:54:14.277082Z",
            "yes_price": 59,
            "no_price": 41,
            "taker_side": "no"
        },
        {
            "trade_id": "dfadca4a-75d4-4c24-aab6-e80f2e10f24f",
            "ticker": "KXHIGHCHI-24DEC30-B40.5",
            "count": 73,
            "created_time": "2024-12-31T01:45:24.329278Z",
            "yes_price": 65,
            "no_price": 35,
            "taker_side": "no"
        },
        {
            "trade_id": "b761a958-7fa8-498b-8e21-b1d0f6ecf3d5",
            "ticker": "KXHIGHCHI-24DEC30-B40.5",
            "count": 999,
            "created_time": "2024-12-31T01:45:24.329278Z",
            "yes_price": 66,
            "no_price": 34,
            "taker_side": "no"
        },
        {
            "trade_id": "53c716df-b828-4174-88eb-7f14d5d3bae2",
            "ticker": "KXHIGHCHI-24DEC30-B40.5",
            "count": 80,
            "created_time": "2024-12-31T01:44:53.259701Z",
            "yes_price": 78,
            "no_price": 22,
            "taker_side": "yes"
        },
        {
            "trade_id": "01a549e7-94e9-43dc-b326-db0ab07b1e61",
            "ticker": "KXHIGHCHI-24DEC30-B40.5",
            "count": 10,
            "created_time": "2024-12-31T01:44:53.259701Z",
            "yes_price": 78,
            "no_price": 22,
            "taker_side": "yes"
        },
        {
            "trade_id": "1ecb35ab-b04b-40a6-8268-8cc1083ad4e3",
            "ticker": "KXHIGHCHI-24DEC30-B40.5",
            "count": 773,
            "created_time": "2024-12-31T01:44:28.139101Z",
            "yes_price": 66,
            "no_price": 34,
            "taker_side": "no"
        },
        {
            "trade_id": "1bcb066b-af13-45b6-8502-774e4c4b4701",
            "ticker": "KXHIGHCHI-24DEC30-B40.5",
            "count": 479,
            "created_time": "2024-12-31T01:44:28.139101Z",
            "yes_price": 67,
            "no_price": 33,
            "taker_side": "no"
        },
        {
            "trade_id": "df5bcab3-4c1d-4936-8124-8c904ae825bf",
            "ticker": "KXHIGHCHI-24DEC30-B40.5",
            "count": 58,
            "created_time": "2024-12-31T01:43:16.132459Z",
            "yes_price": 65,
            "no_price": 35,
            "taker_side": "no"
        },
        {
            "trade_id": "6a94b856-d516-46a8-a91e-fd40fc112e04",
            "ticker": "KXHIGHCHI-24DEC30-B40.5",
            "count": 2,
            "created_time": "2024-12-31T01:43:16.132459Z",
            "yes_price": 66,
            "no_price": 34,
            "taker_side": "no"
        },
        {
            "trade_id": "33d1c1cf-7560-4c2f-8700-2916a2cceef8",
            "ticker": "KXHIGHCHI-24DEC30-B40.5",
            "count": 10,
            "created_time": "2024-12-31T01:43:16.132459Z",
            "yes_price": 68,
            "no_price": 32,
            "taker_side": "no"
        },
        {
            "trade_id": "13744f18-e92a-4faf-97ee-3c11c848c6a5",
            "ticker": "KXHIGHCHI-24DEC30-B40.5",
            "count": 294,
            "created_time": "2024-12-31T01:41:43.340443Z",
            "yes_price": 67,
            "no_price": 33,
            "taker_side": "no"
        },
        {
            "trade_id": "ba6384bd-67d3-4d86-828b-424ecc921a8a",
            "ticker": "KXHIGHCHI-24DEC30-B40.5",
            "count": 57,
            "created_time": "2024-12-31T01:41:26.170812Z",
            "yes_price": 68,
            "no_price": 32,
            "taker_side": "no"
        },
        {
            "trade_id": "79e96968-a456-411c-9732-b08ea24e6904",
            "ticker": "KXHIGHCHI-24DEC30-B40.5",
            "count": 75,
            "created_time": "2024-12-31T01:41:26.170812Z",
            "yes_price": 67,
            "no_price": 33,
            "taker_side": "no"
        },
        {
            "trade_id": "6656be57-271e-439d-8225-48a58a714d1d",
            "ticker": "KXHIGHCHI-24DEC30-B40.5",
            "count": 1,
            "created_time": "2024-12-31T01:39:58.938801Z",
            "yes_price": 64,
            "no_price": 36,
            "taker_side": "no"
        },
        {
            "trade_id": "7dacf6b5-99dc-4427-9d02-2119933365bd",
            "ticker": "KXHIGHCHI-24DEC30-B40.5",
            "count": 46,
            "created_time": "2024-12-31T01:39:58.855625Z",
            "yes_price": 73,
            "no_price": 27,
            "taker_side": "yes"
        },
        {
            "trade_id": "15503460-7da3-42dc-b97b-c17a42ec86c9",
            "ticker": "KXHIGHCHI-24DEC30-B40.5",
            "count": 1,
            "created_time": "2024-12-31T01:39:58.855625Z",
            "yes_price": 65,
            "no_price": 35,
            "taker_side": "yes"
        },
        {
            "trade_id": "aac85f5f-ba87-413d-a09e-8f948505eeab",
            "ticker": "KXHIGHCHI-24DEC30-B40.5",
            "count": 5,
            "created_time": "2024-12-31T01:39:19.566069Z",
            "yes_price": 73,
            "no_price": 27,
            "taker_side": "yes"
        },
        {
            "trade_id": "bb3e5e2b-67c5-454e-9d08-5bd893b4764f",
            "ticker": "KXHIGHCHI-24DEC30-B40.5",
            "count": 399,
            "created_time": "2024-12-31T01:35:09.252522Z",
            "yes_price": 65,
            "no_price": 35,
            "taker_side": "no"
        },
        {
            "trade_id": "bde413d1-e988-43de-bf32-0d17ad171d4b",
            "ticker": "KXHIGHCHI-24DEC30-B40.5",
            "count": 6,
            "created_time": "2024-12-31T01:35:03.372218Z",
            "yes_price": 79,
            "no_price": 21,
            "taker_side": "yes"
        },
        {
            "trade_id": "e939d21d-8379-467b-b3d1-0ae10e4c161b",
            "ticker": "KXHIGHCHI-24DEC30-B40.5",
            "count": 1,
            "created_time": "2024-12-31T01:31:02.95734Z",
            "yes_price": 66,
            "no_price": 34,
            "taker_side": "no"
        },
        {
            "trade_id": "1bfbc697-96b8-4fe9-a016-1370e7d67dc3",
            "ticker": "KXHIGHCHI-24DEC30-B40.5",
            "count": 182,
            "created_time": "2024-12-31T01:28:22.91055Z",
            "yes_price": 81,
            "no_price": 19,
            "taker_side": "yes"
        },
        {
            "trade_id": "87f6a052-211c-411a-ac2d-5dc5eaee4768",
            "ticker": "KXHIGHCHI-24DEC30-B40.5",
            "count": 1,
            "created_time": "2024-12-31T01:26:03.967887Z",
            "yes_price": 64,
            "no_price": 36,
            "taker_side": "no"
        },
        {
            "trade_id": "198d5721-f2fd-45b8-8a66-98a46128987a",
            "ticker": "KXHIGHCHI-24DEC30-B40.5",
            "count": 70,
            "created_time": "2024-12-31T01:23:24.271511Z",
            "yes_price": 82,
            "no_price": 18,
            "taker_side": "no"
        },
        {
            "trade_id": "971b95fe-a373-4f99-a3b1-7aa8253619a0",
            "ticker": "KXHIGHCHI-24DEC30-B40.5",
            "count": 128,
            "created_time": "2024-12-31T01:23:24.170243Z",
            "yes_price": 82,
            "no_price": 18,
            "taker_side": "yes"
        },
        {
            "trade_id": "c04cf4b8-4f92-4cac-9b1a-709b3dba9a34",
            "ticker": "KXHIGHCHI-24DEC30-B40.5",
            "count": 118,
            "created_time": "2024-12-31T01:23:01.289809Z",
            "yes_price": 80,
            "no_price": 20,
            "taker_side": "yes"
        },
        {
            "trade_id": "4b928c70-2d69-419a-a576-0f1a21b83c29",
            "ticker": "KXHIGHCHI-24DEC30-B40.5",
            "count": 1,
            "created_time": "2024-12-31T01:22:55.660909Z",
            "yes_price": 71,
            "no_price": 29,
            "taker_side": "no"
        },
        {
            "trade_id": "2e40127b-669d-4228-9c1b-d9917b706998",
            "ticker": "KXHIGHCHI-24DEC30-B40.5",
            "count": 2,
            "created_time": "2024-12-31T01:21:39.226484Z",
            "yes_price": 83,
            "no_price": 17,
            "taker_side": "yes"
        },
        {
            "trade_id": "a0becbd6-2b66-4b4c-8edc-d57b8cd12203",
            "ticker": "KXHIGHCHI-24DEC30-B40.5",
            "count": 1,
            "created_time": "2024-12-31T01:19:49.051012Z",
            "yes_price": 64,
            "no_price": 36,
            "taker_side": "no"
        },
        {
            "trade_id": "58520cbf-1e1f-41cb-889a-6cc5951a9877",
            "ticker": "KXHIGHCHI-24DEC30-B40.5",
            "count": 60,
            "created_time": "2024-12-31T01:19:23.832327Z",
            "yes_price": 84,
            "no_price": 16,
            "taker_side": "yes"
        },
        {
            "trade_id": "2f905c48-6cb3-47bb-89c4-10cdb26c4e0e",
            "ticker": "KXHIGHCHI-24DEC30-B40.5",
            "count": 29,
            "created_time": "2024-12-31T01:19:23.832327Z",
            "yes_price": 85,
            "no_price": 15,
            "taker_side": "yes"
        },
        {
            "trade_id": "99d91eb4-6c2d-4016-9c81-72054402dad1",
            "ticker": "KXHIGHCHI-24DEC30-B40.5",
            "count": 9,
            "created_time": "2024-12-31T01:19:22.449873Z",
            "yes_price": 84,
            "no_price": 16,
            "taker_side": "yes"
        },
        {
            "trade_id": "722141bc-3b11-44f5-8ffa-2500c93c32a9",
            "ticker": "KXHIGHCHI-24DEC30-B40.5",
            "count": 30,
            "created_time": "2024-12-31T01:18:04.227495Z",
            "yes_price": 84,
            "no_price": 16,
            "taker_side": "yes"
        },
        {
            "trade_id": "e6a47063-4e70-4205-ba1d-41cdb5656c3b",
            "ticker": "KXHIGHCHI-24DEC30-B40.5",
            "count": 28,
            "created_time": "2024-12-31T01:17:22.554084Z",
            "yes_price": 85,
            "no_price": 15,
            "taker_side": "yes"
        },
        {
            "trade_id": "22a4e957-dfe9-4e6e-b76b-25450526a9c7",
            "ticker": "KXHIGHCHI-24DEC30-B40.5",
            "count": 171,
            "created_time": "2024-12-31T01:17:22.554084Z",
            "yes_price": 85,
            "no_price": 15,
            "taker_side": "yes"
        },
        {
            "trade_id": "ecafd9e4-d605-4706-819b-6020e81a3a9f",
            "ticker": "KXHIGHCHI-24DEC30-B40.5",
            "count": 57,
            "created_time": "2024-12-31T01:16:08.222906Z",
            "yes_price": 79,
            "no_price": 21,
            "taker_side": "no"
        },
        {
            "trade_id": "5c8636d5-19ab-4b55-962c-db6f6a4b80cf",
            "ticker": "KXHIGHCHI-24DEC30-B40.5",
            "count": 85,
            "created_time": "2024-12-31T01:15:33.331296Z",
            "yes_price": 79,
            "no_price": 21,
            "taker_side": "no"
        },
        {
            "trade_id": "6dccc820-d478-4abe-842f-6ed41ebb17b7",
            "ticker": "KXHIGHCHI-24DEC30-B40.5",
            "count": 22,
            "created_time": "2024-12-31T01:15:24.830961Z",
            "yes_price": 88,
            "no_price": 12,
            "taker_side": "yes"
        },
        {
            "trade_id": "0f4464f7-486a-4e50-9292-739a0b1456e4",
            "ticker": "KXHIGHCHI-24DEC30-B40.5",
            "count": 38,
            "created_time": "2024-12-31T01:15:24.830961Z",
            "yes_price": 89,
            "no_price": 11,
            "taker_side": "yes"
        },
        {
            "trade_id": "8acdb152-b0d4-416b-9181-62a99f1e4980",
            "ticker": "KXHIGHCHI-24DEC30-B40.5",
            "count": 84,
            "created_time": "2024-12-31T01:14:20.896721Z",
            "yes_price": 79,
            "no_price": 21,
            "taker_side": "no"
        },
        {
            "trade_id": "ef561d0c-040b-4e02-a2d3-bdf62201ee1c",
            "ticker": "KXHIGHCHI-24DEC30-B40.5",
            "count": 1,
            "created_time": "2024-12-31T01:13:59.479054Z",
            "yes_price": 85,
            "no_price": 15,
            "taker_side": "yes"
        },
        {
            "trade_id": "821b6eed-d573-4dee-b54c-ae59613ed8e2",
            "ticker": "KXHIGHCHI-24DEC30-B40.5",
            "count": 2,
            "created_time": "2024-12-31T01:06:26.267826Z",
            "yes_price": 82,
            "no_price": 18,
            "taker_side": "no"
        },
        {
            "trade_id": "d095e942-5831-4ea2-8902-34dfe830a913",
            "ticker": "KXHIGHCHI-24DEC30-B40.5",
            "count": 12,
            "created_time": "2024-12-31T01:05:41.503813Z",
            "yes_price": 90,
            "no_price": 10,
            "taker_side": "yes"
        },
        {
            "trade_id": "3a9f396a-1bc9-4c99-9b31-04d51f4d2575",
            "ticker": "KXHIGHCHI-24DEC30-B40.5",
            "count": 19,
            "created_time": "2024-12-31T01:01:43.293991Z",
            "yes_price": 86,
            "no_price": 14,
            "taker_side": "yes"
        },
        {
            "trade_id": "33a5a6cd-ee05-4d8f-9c04-85f279ac025e",
            "ticker": "KXHIGHCHI-24DEC30-B40.5",
            "count": 1,
            "created_time": "2024-12-31T01:01:43.293991Z",
            "yes_price": 86,
            "no_price": 14,
            "taker_side": "yes"
        },
        {
            "trade_id": "1e4f4b2b-2137-4524-a618-cb47f453cfd2",
            "ticker": "KXHIGHCHI-24DEC30-B40.5",
